2768 4762
369 402 380 441 -“
424 382 834 465 DECAL'DGQ
1052 390 1151 472 -m

59 573 229 667 *nutusque
254 593 300 645 est
315 580 469 644 Dominus
489 582 529 645 ad
547 602 604 646 vos
619 580 659 646 de
682 580 786 644 medio
809 583 899 668 ignis.
941 579 1149 643 Vocem'ver-
1215 589 1222 609 ⁸

76 692 193 755 borum
212 691 279 775 ejus
308 689 460 769 audistis,
491 703 522 752 et
551 690 685 779 formem
709 693 833 774 penitus
864 711 929 751 non
957 689 1096 767 vidistis,
1115 702 1149 752 et

76 799 213 862 ostendit
231 797 320 860 vobis
345 810 471 882 pactum
489 817 590 874 suum,
614 794 904 883 quob-praecepit,
936 811 972 860 ut
993 798 1145 876 faceretis,

72 920 106 970 et
131 907 236 970 decem
266 905 380 982 verba,
415 925 494 987 quae
513 906 655 993 scripsit,
674 905 709 967 in
730 902 852 967 duabus
870 903 985 966 tabulis
1003 903 1145 989 lapideis.

72 1015 214 1097 Mihique
238 999 394 1074 mandavit
417 1015 449 1072 in
471 1010 527 1074 illo
559 1012 720 1099 tempore,
739 1023 783 1073 ut
802 1011 944 1073 docere'm
966 1033 1021 1075 vos
1039 1032 1145 1076 caere·-

73 1125 191 1209 mouias
225 1134 256 1183 et
285 1121 421 1203 judicia,
463 1140 542 1202 quae
574 1118 677 1191 latero
701 1116 856 1181 deberetis
874 1121 907 1179 in
927 1132 1028 1195 terra,
1052 1140 1144 1202 quam

72 1229 247 1314 possessuri
280 1231 362 1290 estis.
405 1226 568 1288 Custodite
583 1204 680 1312 igitur
709 1225 843 1287 sollicite
865 1228 978 1286 animas
996 1237 1122 1293 vestras.

50 1387 55 1393 ·
156 1360 208 1421 Et
230 1358 287 1421 V.:
325 1358 396 1442 Ego
424 1357 578 1418 Dominus
605 1358 690 1417 Deus
720 1367 811 1432 tuus,
843 1355 899 1437 qui
928 1352 1018 1414 eduxi
1049 1353 1144 1415 tede

72 1481 158 1530 terra
181 1468 331 1551 Aegypti,
361 1464 518 1526 dedomo
545 1465 712 1524 servitutis.
763 1461 835 1523 Νοιι
858 1459 989 1522 habebis
1011 1460 1086 1521 deos
1111 1481 1145 1523 a·

71 1575 172 1637 lieuos
193 1577 224 1633 in
241 1585 412 1655 conspeetu
427 1594 507 1633 meo.
548 1570 620 1632 Non
634 1570 726 1631 lenies
745 1568 804 1629 tibi
825 1567 989 1652 sculptile,
1021 1589 1079 1628 nec
1102 1570 1147 1628 si-

71 1680 278 1744 militudinem
305 1681 459 1758 omnium,
495 1699 573 1762 quae
593 1680 625 1738 in
643 1675 729 1738 caelo
745 1688 818 1737 sunt
834 1677 985 1761 desuper,
1013 1688 1044 1737 et
1066 1695 1145 1758 quae

72 1791 106 1848 in
136 1800 221 1847 terra
246 1784 409 1864 deorsum,
440 1797 472 1846 et
501 1805 581 1866 quae
612 1797 774 1846 versantur
801 1785 834 1844 in
865 1787 953 1866 aquis
976 1782 1143 1846 subterra.

72 1892 144 1955 Non
171 1892 315 1954 adorabis
347 1913 398 1971 eu,
430 1905 461 1954 et
479 1893 543 1953 non
569 1889 662 1952 coles.
704 1891 776 1974 Ego
797 1892 878 1954 enim
898 1912 966 1954 snm
988 1890 1143 1955 Dominus

67 2001 157 2062 Deus
188 2011 279 2077 tuus,
310 1999 396 2059 Deus
431 1997 620 2074 aemulator,
650 1995 784 2060 reddens
802 2001 996 2083 iniquitatem
1011 1999 1142 2059 Petrum

68 2127 161 2190 super
187 2103 269 2168 filios
302 2108 334 2167 in
361 2109 483 2170 tertiam
503 2118 545 2168 et
575 2117 717 2190 quartam
738 2109 968 2191 generationem
995 2107 1061 2183 bit,
1083 2100 1143 2189 'qui

49 2213 202 2291 oderunt
219 2235 290 2292 me,
311 2226 343 2275 et
366 2215 481 2278 faciens
501 2213 746 2276 misericordiam
769 2216 800 2275 in
819 2215 917 2278 multa
946 2212 1044 2276 millia
1068 2212 1143 2274 dili-

67 2302 210 2404 gentibus
230 2340 298 2396 me,
332 2332 364 2378 et
388 2319 635 2381 custodientibus
653 2335 819 2405 praecepta
840 2344 915 2384 mea.
959 2321 1031 2384 Non
1048 2342 1141 2383 usur-

65 2425 156 2509 pabis
174 2445 287 2483 nomen
308 2424 434 2483 Domini
457 2424 534 2483 DEI
548 2427 595 2483 tui
613 2426 749 2502 frustra,
783 2430 856 2508 quia
875 2451 940 2490 non
959 2431 1019 2490 erit
1040 2431 1141 2511 impu·

67 2536 153 2591 nitus
165 2574 175 2607 ,
198 2532 253 2611 qui
275 2547 370 2610 super
388 2547 421 2587 re
442 2548 519 2588 vana
541 2548 653 2589 nomen
671 2532 740 2612 ejus
769 2536 977 2619 assumpserit.
1022 2535 1143 2597 Obser-

66 2657 106 2698 va
131 2635 214 2696 diem
240 2631 395 2711 sabbati,
417 2645 454 2694 ut
486 2633 657 2696 sanctifices
689 2657 772 2716 eum,
807 2641 888 2701 sieut
906 2645 1065 2725 praecepit
1081 2639 1140 2701 tibi

64 2743 221 2805 Dominus
252 2738 364 2801 DEUS
392 2753 476 2804 tuus.
531 2740 589 2804 Sex
619 2741 729 2805 diebus
767 2745 966 2829 operaberis,
986 2760 1018 2809 et
1047 2748 1141 2808 facies

67 2852 172 2912 omnia
197 2861 383 2933 operatua.
426 2849 580 2934 Septimus
600 2850 665 2911 diae
687 2851 817 2916 Sabbati
844 2869 909 2936 ast,
946 2854 1059 2933 idest,
1090 2875 1143 2914 re-

66 2958 156 3040 quies
181 2958 309 3018 Domini
333 2956 407 3021 DEI
422 2959 478 3018 tui.
520 2957 592 3021 Non
608 2959 702 3023 facies
721 2962 754 3021 iu
778 2982 815 3023 eo
836 2963 1009 3049 quidquam
1026 2962 1141 3048 operis,

64 3075 102 3126 tu
125 3076 157 3126 et
184 3062 267 3126 filius
290 3077 364 3127 tuus
387 3076 418 3125 et
441 3063 521 3146 lilia,
546 3089 652 3130 servus
671 3081 703 3131 et
721 3068 852 3149 ancilla,
880 3086 911 3134 et
928 3070 1005 3150 bus,
1027 3083 1059 3133 et
1080 3069 1142 3131 ssi-

65 3170 142 3248 nus,
170 3183 202 3232 et
229 3193 320 3233 omne
345 3174 521 3255 jumentum
535 3187 649 3252 tuum,
672 3187 704 3236 et
725 3181 927 3263 peregrinus,
951 3182 1006 3264 qui
1030 3190 1077 3241 est
1092 3178 1142 3236 in·

64 3291 117 3340 tra
149 3291 257 3362 portas
288 3292 376 3341 tussa·
407 3294 443 3343 ut
470 3284 644 3364 requiescat
668 3302 772 3344 servus
797 3296 873 3357 tuus¹
889 3299 921 3349 et
941 3285 1057 3369 aneilla
1075 3295 1140 3365 tue,

64 3386 149 3448 sicut
173 3399 204 3446 et
220 3400 264 3448 tu.
307 3388 485 3467 Memento,
518 3387 608 3471 quod
633 3401 665 3451 et
685 3392 752 3474 ipse·
775 3395 918 3479 servieris
947 3394 980 3454 in
998 3392 1140 3476 Aegypto

63 3504 96 3554 et
124 3492 265 3555 eduxerit
291 3506 322 3554 te
353 3495 426 3556 inde
450 3497 601 3558 Dominus
635 3498 721 3559 Deus
750 3511 824 3561 tuus
847 3503 879 3561 in
893 3499 1083 3561 manuforti
1110 3487 1163 3560 et'

62 3598 197 3662 bracbio
214 3613 345 3661 extento.
372 3602 512 3675 ,Idcirco
532 3607 694 3689 praecepit
715 3604 791 3683 tibi,
808 3618 845 3667 ut
863 3578 1045 3668 observares
1059 3605 1140 3666 diem
1172 3612 1174 3617 “

62 3705 205 3791 sabbati.
246 3708 375 3770 Honora
401 3725 520 3794 patrem
547 3726 636 3774 tuum
663 3726 695 3775 ot
717 3724 858 3791 matrem,
880 3716 962 3776 siout
980 3714 1140 3798 praecepit

65 3813 127 3874 tibi
151 3815 305 3878 Dominus
336 3818 422 3881 Deus
441 3833 532 3899 tuus,
565 3834 602 3881 ut
617 3819 712 3904 longo
725 3829 807 3882 viras
825 3834 987 3906 tempore,
1011 3833 1042 3882 et
1059 3819 1139 3880 bene

64 3921 105 3982 sit
127 3922 188 3983 tibi
211 3924 245 3982 iu
261 3936 365 4003 terra,
397 3947 490 4010 qnam
507 3930 660 3991 Dominus
679 3929 764 3990 Deus
783 3940 855 3990 tuus
874 3927 1003 3989 daturus
1026 3939 1074 3989 est
1095 3931 1138 3987 ti·

63 4024 110 4087 bl.
149 4029 222 4092 Non
250 4032 383 4094 occides.
425 4034 539 4118 Neque·
571 4034 794 4098 moechaberis.
844 4036 1039 4116 Furtumque
1071 4053 1138 4093 non

64 4133 169 4198 saties.
211 4138 277 4200 Nec
296 4138 436 4222 loqueris
467 4156 579 4205 contre
611 4144 789 4228 proximum
814 4154 905 4204 tuum
922 4140 1033 4203 falsum
1049 4140 1139 4200 testi-

62 4244 213 4308 monium.
267 4244 339 4309 Non
368 4252 569 4335 concupisces
596 4270 726 4313 uxorem
737 4252 876 4336 pronmi
902 4251 1054 4325 tui„non
1078 4243 1139 4303 do-
1213 4296 1220 4301 .
1317 4298 1325 4307 .
