2768 4762
397 390 780 459 nnesnoeo.
1055 398 1134 477 aot

53 593 112 655 mis
136 600 168 653 et
190 585 312 664 hymnis
342 592 375 649 et
394 580 465 647 odia
481 576 730 668 ¹spiritualibus,
754 599 825 641 cum
845 581 1091 666 composuerim
1103 594 1136 645 η

56 671 272 738 misericordia
290 667 356 730 indi
394 687 502 745 amus,
529 677 654 727 sanmos
678 662 741 724 fide
760 685 954 745 veneremur,
975 688 995 730 a
1019 667 1136 751 quibus

59 761 187 822 maxime
218 757 304 816 Deus
330 772 368 815 oo
382 754 458 814 itur.
511 749 636 811 Statuas
667 747 729 809 illis
752 751 922 833 erigamus,
951 764 982 814 et
997 751 1135 813 visibiles
1145 743 1315 851 &3:223
1344 782 1353 809 ι

58 845 225 927 imagineas
251 851 282 899 et
304 838 361 897 nos
384 837 444 921 ipsi
466 835 613 895 animatae
630 844 749 894 statuae
766 846 797 893 et
815 833 960 919 imagines
983 837 1135 920 ipsorum,

55 930 205 989 virtutum
232 923 404 984 imitatione
433 916 613 981 efficiamur.
670 917 857 1000 Deiparam,
880 931 916 980 ιιι
947 923 1079 1004 proprie
1104 932 1136 982 et

54 1033 128 1071 vere
146 1010 206 1070 Dei
225 1021 372 1082 matrem,
400 1003 613 1066 honoremus:
636 1000 878 1062 Praecursorem
897 1004 1064 1077 Ioannem,
1100 985 1195 1078 ut,⁰,²,',
1203 984 1315 1079 ,mig

54 1094 243 1181 prophetam
267 1104 297 1152 et
324 1089 509 1171 baptistam,
536 1099 567 1148 ct
587 1087 729 1162 missum,
760 1098 791 1145 et
810 1099 984 1161 martyrem
1027 1089 1134 1172 Neque
1146 1087 1226 1127 ⁸⁸⁸⁶²¹
1237 1088 1314 1127 Μ·

55 1183 137 1243 enim
159 1181 241 1239 inter
268 1187 357 1235 natos
380 1171 543 1233 mulierum
566 1172 700 1230 surrexit
718 1171 820 1250 major
848 1171 985 1251 loanne,
1006 1185 1043 1234 ιιι
1066 1175 1136 1235 Do·
1145 1146 1300 1277 alffius.

54 1267 155 1326 minus
183 1261 276 1335 dixit,
301 1271 331 1319 et
358 1258 443 1340 regui
468 1257 536 1336 ejus
553 1257 672 1337 primus
690 1274 804 1336 praeco
832 1253 932 1343 factus
950 1269 1004 1317 est.
1047 1255 1137 1340 Apo-
1235 1241 1319 1282 ¹⁸¹¹·

56 1348 156 1411 stolus
183 1358 219 1406 ut
245 1344 355 1404 fratres
369 1341 497 1401 Domini
519 1353 550 1399 et
564 1340 754 1420 inspectores
785 1349 816 1398 ct
833 1339 990 1400 ministros
1014 1342 1047 1402 in
1065 1360 1140 1423 pas·

57 1431 200 1493 sionibus
226 1430 304 1508 ejus.
349 1426 437 1502 Quos
461 1424 658 1506 praesciens,
690 1421 930 1503 praedestinavit
963 1425 1140 1505 conformes

58 1514 127 1576 lieri
158 1515 296 1596 imaginis
330 1506 388 1571 filii
416 1509 464 1569 sui
495 1507 580 1566 Deus
612 1518 643 1566 et
665 1519 775 1587 pater,
804 1509 938 1590 primum
958 1507 1141 1591 Apostolos,

58 1599 198 1661 secundo
234 1593 425 1678 prophetas,
453 1592 548 1652 tertio
575 1602 716 1671 pastores
741 1603 772 1652 et
785 1589 942 1652 doctores.
987 1593 1141 1669 Martyres

57 1704 135 1743 vero
161 1681 289 1740 Domini
309 1699 345 1738 ex
371 1677 455 1740 omni
474 1674 585 1739 ordine
606 1672 761 1754 delectos,
783 1689 818 1737 ut
831 1674 943 1738 militer
965 1675 1140 1755 CHRISTI,
1199 1668 1203 1683 ¹

59 1779 92 1824 et
121 1766 176 1844 qui
211 1766 279 1844 ejus
309 1759 460 1822 biberunt
498 1759 643 1835 calicem,
678 1771 752 1821 tunc
781 1758 921 1822 vivificae
940 1762 1010 1842 ejus
1031 1764 1141 1831 mortis

60 1849 245 1930 baptismate
277 1846 447 1929 baptizati,
480 1856 516 1905 ut
547 1845 804 1905 communicantes
834 1845 1036 1929 passionibus
1074 1849 1142 1930 ejus

61 1944 93 1992 et
113 1931 238 2015 gloriae.
284 1933 429 2008 Quorum
458 1927 521 1989 dux
536 1929 686 1989 exercitus
714 1940 760 1990 est
776 1930 1026 2012 protodiaconus
1048 1931 1144 1992 Cbri·

58 2017 117 2090 sti,
138 2027 168 2075 et
195 2016 319 2092 missus,
339 2027 370 2075 et
402 2024 617 2099 protomartyr
635 2010 818 2095 Stephanus.
874 2014 916 2075 Et
936 2027 1061 2076 sanctos
1079 2014 1143 2076 Pa-

58 2111 122 2160 tres
147 2111 271 2160 nostros
303 2100 538 2173 exercitatores,
561 2096 616 2178 qui
651 2094 851 2159 diuturniore
879 2100 1032 2175 martyrio
1062 2101 1142 2161 coir-

59 2184 203 2244 scientiae
235 2194 450 2259 certaverunt,
483 2184 538 2263 qni
559 2182 750 2242 circuierunt
774 2185 807 2242 in
830 2181 968 2259 melotis,
992 2185 1026 2243 in
1048 2182 1143 2266 pelli·

59 2265 120 2329 bus
147 2269 302 2349 caprinis,
331 2269 434 2349 egeni,
456 2264 618 2342 tribulati,
647 2265 774 2341 afflicti,
797 2268 829 2325 in
849 2267 1074 2328 solitudinibus
1091 2288 1143 2328 er-

61 2364 183 2424 rantes,
210 2363 241 2409 et
268 2349 426 2408 montibus
451 2360 483 2407 ct
501 2347 656 2429 speluncis
681 2361 712 2409 et
732 2353 868 2412 cavernis
885 2363 1003 2429 terrae,
1026 2352 1142 2432 quibus

62 2454 129 2493 non
158 2445 224 2491 erat
249 2429 361 2512 dignus
389 2429 532 2489 mundus.
587 2430 762 2510 Prophetas
786 2447 855 2492 ante
874 2438 989 2515 gratiae
1011 2447 1143 2518 tempus,

61 2513 260 2578 Patriarcbas
287 2515 412 2593 justos,
435 2514 489 2594 qui
518 2514 817 2594 praenunciaverunt
835 2516 951 2578 Christi
971 2519 1143 2579 adventum.

61 2602 186 2662 Horum
205 2599 341 2659 omnium
367 2595 558 2658 attendentes
584 2599 868 2675 conversationem,
892 2603 1081 2662 aemulamur
1106 2596 1288 2664 fi·¹¹'¹’·¹²·⁸·

61 2685 150 2759 dem,
172 2681 360 2758 bonitatem,
388 2700 496 2764 spem,
527 2678 645 2759 uelum,
667 2682 777 2756 vitam,
804 2683 1001 2745 tolerantiam
1023 2690 1145 2769 passio·

62 2789 158 2844 num,
198 2780 228 2828 et
262 2767 474 2827 sustinentiam
504 2764 665 2847 usquead
692 2768 889 2850 sangninem,
923 2782 961 2830 ut
984 2783 1014 2830 et
1029 2791 1147 2833 corona

63 2850 183 2937 gloriae
201 2872 268 2911 cum
303 2851 377 2932 ipsis
403 2849 633 2932 participemus.
716 2858 727 2889 ‚·
1071 2918 1081 2931 ⁸
1133 2916 1136 2923 Δ

147 2948 178 3002 8.
221 2932 406 2995 BASILIUS
440 2932 522 2994 bom.
546 2936 578 2994 in
598 2933 679 2996 Psal.
703 2947 790 3003 115.:
822 2936 887 2998 Pro
909 2937 937 2998 le
959 2941 983 3000 's
1002 2937 1145 3020 judaicae

62 3031 152 3096 rrtu,
181 3020 206 3078 si
239 3020 292 3100 qui
316 3015 550 3095 moriebantur,
581 3018 695 3081 borum
728 3022 905 3082 morticinia
938 2960 1144 3084 babebantur

63 3104 299 3166 abominationi.
354 3102 473 3162 Contra
498 3123 599 3179 mors,
652 3108 678 3164 si
712 3107 845 3186 cuipiam
882 3109 1043 3192 irrogatur
1083 3128 1144 3191 pro

65 3186 230 3249 CHRISTI
252 3186 397 3263 nomine,
420 3189 574 3269 pretiosae
604 3202 768 3249 censentur
793 3189 942 3272 reliquiae
967 3204 1146 3254 sanctorum

64 3274 144 3353 ejus.
186 3272 224 3332 ln
253 3271 355 3354 priori
388 3269 455 3354 lege
489 3270 652 3332 dicebatur
680 3272 901 3335 Sacerdotibus
931 3289 962 3337 et
983 3276 1144 3339 Nazaraeis
1315 3327 1318 3334 .

63 3356 162 3418 illud:
205 3354 276 3416 Non
312 3356 575 3417 contaminabitur
606 3377 699 3439 super
729 3357 797 3418 ullo
830 3362 966 3421 mortuo.
1020 3361 1081 3422 Etr
1110 3361 1143 3423 Si
1154 3355 1226 3396 '‘m“
1241 3363 1274 3401 ¹¹⁹
1287 3361 1321 3400 ⁸⁹·

1155 3406 1222 3446 Nu·-
1229 3414 1262 3451 rs,
1271 3411 1291 3450 r.
1298 3414 1319 3450 s.

63 3442 135 3524 quis
159 3441 298 3522 tetigerit
325 3438 477 3517 cadaver,
512 3440 685 3501 immundus
717 3444 799 3506 erit.
843 3443 886 3503 Et
908 3443 992 3506 boet
1015 3444 1194 3543 Lavabittl·T

63 3528 243 3587 vestimenta
265 3542 329 3585 sna.
370 3522 462 3583 Nunc
483 3545 499 3583 e
530 3525 652 3585 diverso
675 3528 819 3601 martyris
845 3548 913 3588 ossa
933 3531 1072 3611 quisquis
1094 3508 1319 3605 aar-‚arlllll‘il

64 3613 89 3672 ti
111 3612 172 3669 erit
185 3634 198 3685 ,·
215 3606 259 3668 ob
273 3609 403 3692 gratiam
428 3627 484 3667 cor
509 3610 557 3667 ori
584 3608 765 3671 insidentem
778 3609 816 3672 tit
831 3612 1044 3696 quadantenus
1053 3635 1143 3676 sane·
1152 3603 1322 3692 “flffissss'do

66 3632 246 3754 tibcationis
265 3694 430 3776 particeps.
476 3628 581 3788 {aare
603 3697 740 3776 pretiosa
767 3698 862 3757 estin
885 3711 1056 3784 conspeetu
1073 3665 1287 3762 nostrumne·

64 3778 140 3839 mini
164 3798 248 3838 mors
275 3789 453 3837 sanctorum
476 3796 554 3856 ejus.
1153 3751 1287 3806 perscipue

151 3874 181 3929 5.
226 3859 556 3922 CHRYSOSTOMUS
593 3859 689 3922 Serm.
734 3863 766 3922 in
796 3867 920 3928 iuvent.
955 3879 987 3929 et
1020 3871 1143 3934 Maxim.

68 3958 215 4021 martyr:
250 3945 327 4019 Illos
360 3965 424 4004 non
454 3943 614 4087 iudipnum
645 3946 740 4006 suerit
767 3961 798 4009 et
824 3949 998 4032 columnas,
1019 3969 1051 4018 at
1073 3938 1296 4031 scomffffiffi

93 4028 185 4108 ulos,
205 4041 236 4089 et
261 4041 383 4105 turres,
406 4040 438 4088 et
455 4049 510 4089 can
536 4028 663 4104 elabra,
693 4043 724 4090 et
742 4043 850 4095 tauros
868 4036 959 4097 simul
978 4040 1144 4124 appellare.
1156 4043 1181 4080 ¹⁸
1193 4037 1322 4082 mre-ara.

101 4132 150 4175 aru
177 4111 335 4175 ecclesiam
359 4114 439 4174 sicut
469 4112 630 4174 columnae
648 4117 820 4178 sustinent:
849 4120 931 4182 sicut
954 4135 1058 4185 turres
1077 4144 1148 4185 mu-

1151 1577 1290 1624 Romnae.

1151 2246 1211 2293 not.
1218 2256 1252 2298 ιιι
1260 2254 1296 2297 tt·

68 4196 181 4261 uirtute
204 4211 235 4258 et
256 4198 336 4257 sicut
351 4195 492 4282 scopuli,
515 4218 619 4258 omnes
634 4197 789 4260 undarum
807 4203 936 4266 assultus
955 4208 1147 4291 repulerunt,

67 4280 200 4349 multam
215 4283 338 4344 iuterim
359 4283 418 4366 ipsi
437 4295 592 4346 servantes
615 4283 896 4375 tranquillitatem,
905 4291 988 4353 sient
1015 4290 1149 4353 lumina-
