2768 4762
394 308 757 464 :sruaouo
1087 364 1140 437 m

61 570 236 636 noverunt,
260 553 337 642 quid
357 568 436 619 estet
465 554 624 635 Ecclesia,
661 556 802 617 exierunt
822 550 981 650 foram-et
999 543 1140 609 haeum

65 666 100 717 et
126 646 294 713 schismata
311 653 422 705 contra
451 642 611 704 ecclesiam
638 638 790 701 lecerunt.
832 636 895 717 Qui
916 630 1065 697 videbant
1080 648 1140 707 me,
1185 666 1316 727 mm.

65 737 187 810 idest,
210 729 266 813 qui
287 736 455 803 noverant,
477 727 556 809 qnid
579 726 622 787 sit
638 723 798 800 Ecclesia,
821 724 875 805 qui
897 740 963 782 eam
985 719 1018 779 in
1038 716 1317 811 scrip-ww

66 820 149 885 ands
172 810 399 888 intuebantur,
428 809 514 873 foras
543 810 689 895 fugerunt
723 828 819 872 ame.
861 804 1037 870 Obscurius
1057 801 1140 863 dixe·
1150 813 1319 904 qnmaspatrp:

68 915 146 968 runt
163 896 345 983 Prophetae
364 893 403 956 de
426 893 569 973 Christo,
592 914 684 977 qnam
707 890 746 953 de
770 890 1023 973 Ecclesiasputo
1038 905 1140 970 prop-
1151 874 1283 961 ξζζίὀμ

66 1002 172 1063 msa,
203 984 276 1066 qnia
301 977 450 1042 videbant
476 981 510 1040 in
539 982 655 1065 spiritu
685 990 795 1039 contra
820 975 990 1038 Ecclesiam
1000 971 1142 1036 homines

70 1074 213 1137 facturos
235 1085 299 1127 esse
332 1063 519 1148 particulas,
555 1077 586 1127 et
614 1062 654 1124 de
676 1062 807 1143 Christo,
835 1081 899 1120 non
920 1071 1037 1121 tantam
1057 1056 1144 1129 litem

69 1156 254 1228 habituros,
290 1149 328 1210 de
363 1148 503 1210 Ecclesia
538 1169 660 1233 magnas
696 1146 909 1208 contentiones
948 1145 1142 1209 excitaturos.

70 1241 150 1305 Ideo
173 1235 254 1298 illud
271 1232 355 1294 unde
379 1233 513 1314 majores
538 1233 606 1294 lites
627 1232 751 1293 futurae
773 1239 879 1305 eraut,
905 1227 1028 1311 planius
1054 1244 1146 1319 prae-

75 1326 196 1389 dictum
222 1332 254 1383 et
284 1322 423 1402 apertius
442 1316 666 1400 prophetatum
694 1328 761 1392 est,
791 1326 827 1374 ut
849 1311 890 1373 ad
909 1312 1065 1393 judicium
1084 1305 1146 1367 illis

72 1409 195 1484 valeat,
229 1404 287 1487 qui
319 1402 468 1464 viderunt
494 1413 526 1461 et
559 1402 644 1463 foras
677 1400 835 1483 fugerunt
878 1396 922 1460 Et
941 1392 1037 1480 paulo
1059 1401 1147 1475 post:

72 1493 118 1557 Et
147 1510 226 1575 pene
254 1487 373 1568 ubique
404 1485 548 1545 Christus
581 1487 614 1544 in
645 1482 752 1564 aliquo
781 1480 924 1543 involuto
958 1485 1150 1541 sacramento

71 1576 272 1676 praedicatus
297 1581 342 1629 est
372 1590 391 1629 a
418 1567 611 1652 Prophetis:
641 1566 779 1628 Ecclesia
801 1577 931 1649 aperte,
956 1578 993 1625 ut
1013 1560 1154 1656 videraut

77 1660 186 1734 allam,
220 1654 331 1733 etqui
364 1652 465 1713 futuri
495 1665 584 1715 erant
605 1664 717 1714 contra
737 1651 837 1726 illam,
868 1661 900 1710 et
921 1648 1106 1733 impleretur
1122 1657 1327 1702 inestimatus

72 1730 119 1805 'iis
152 1743 211 1800 ista
240 1738 396 1818 nequitia,
435 1758 529 1820 quam
562 1737 716 1820 praedixit
736 1735 898 1797 Psalmuse
921 1734 986 1813 Qui
1007 1708 1328 1803 videbaut¹³⁰⁸¹”·²'²⁹'

80 1844 147 1899 me,
191 1821 276 1882 foras
308 1820 456 1905 fugerunt
489 1843 507 1883 a
538 1842 595 1882 me.
646 1821 694 1882 Ex
714 1820 807 1882 nobis
823 1821 985 1895 'exierunt,
1014 1814 1155 1877 sednon
1190 1888 1193 1899 ι
1235 1840 1240 1857 ·

83 1917 174 1969 erant
194 1926 229 1965 ex
249 1903 351 1967 nobis.
393 1906 462 1966 Hoc
482 1905 654 1989 Apostolus
674 1905 810 1966 Joannes
831 1903 871 1965 da
891 1902 953 1965 illis
974 1901 1070 1969 dista,
1110 1983 1117 1997 .
1144 1983 1151 1996 α

167 2002 196 2058 Δ.
242 1988 570 2052 CHRYSOSTOMUS
604 1988 688 2051 hom.
724 1987 1031 2065 s,deverb.1sai.=
1077 1980 1154 2045 Vidi

80 2074 269 2137 Dominum:
292 2072 432 2135 Ecclesia
440 2073 598 2136 radicesiu
613 2074 701 2137 caclo
722 2071 796 2135 lixas
810 2071 905 2137 habet
917 2074 1037 2156 potins,
1046 2118 1049 2123 .
1059 2087 1154 2152 quam

81 2161 115 2220 iu
136 2171 227 2219 terra.
269 2155 386 2219 Verum
409 2157 551 2222 fortassis
570 2158 714 2221 ethnicus
735 2180 833 2221 meam
854 2158 988 2242 despicit
1005 2173 1157 2238 arrogan-

81 2245 176 2315 tiam,
197 2241 252 2304 sed
274 2256 394 2304 maneat
415 2242 516 2305 donec
536 2242 648 2305 meum
677 2265 782 2304 rerum
805 2243 1022 2326 probationem
1043 2236 1334 2331 attale-Pulliutagf

82 2347 139 2404 ro,
172 2326 333 2407 discatque
360 2327 423 2387 rim
442 2330 602 2403 veritatis,
637 2348 703 2410 qno
732 2327 828 2390 modo
851 2326 974 2389 facilius
995 2337 1041 2388 est
1061 2322 1159 2386 solem
1170 2298 1333 2438 {iifp'ia'rlrit-

81 2411 256 2492 exstingui,
278 2429 372 2488 quam
392 2406 562 2470 Ecclesiam
583 2410 759 2473 obscurarit
1171 2398 1270 2489 {¹222}ss
1283 2394 1323 2434 φ’

173 2506 202 2559 1.
224 2490 260 2551 B.
303 2489 535 2550 CYPRIANUS
563 2494 596 2551 in
627 2504 704 2552 trac.
736 2494 775 2554 de
804 2493 904 2575 simpl.
925 2492 1024 2575 prael.
1044 2493 1108 2552 site
1129 2488 1163 2549 d.-

84 2577 166 2639 nnit.
187 2572 296 2635 Eccle
330 2574 429 2647 Unam
454 2594 518 2635 esse
539 2573 710 2635 Ecclesiam
740 2580 831 2637 etiam
852 2579 884 2636 in
903 2575 1035 2645 Cantica
1058 2573 1288 2633 canti-tusa

85 2666 201 2723 corum
221 2657 360 2741 Spiritus
381 2670 505 2719 sanctus
526 2678 562 2719 ex
583 2679 717 2742 persona
736 2661 863 2721 Domini
886 2659 1041 2743 designat,
1063 2670 1096 2717 et
1115 2655 1165 2717 di-

88 2736 153 2809 'cite
195 2741 264 2803 Una
288 2754 336 2804 est
356 2741 503 2803 columba
523 2764 609 2822 mea,
644 2744 784 2827 perfecta
806 2767 870 2806 mea
883 2770 909 2806 s·
923 2763 987 2807 nna
1008 2754 1055 2804 est
1073 2743 1165 2801 matri

87 2849 177 2906 suae,
206 2824 305 2888 electa
336 2828 481 2908 genitrici
501 2848 584 2890 suae.
626 2831 716 2891 Hanc
737 2829 894 2891 Ecclesiae
915 2831 1088 2903 unitatem,
1110 2826 1165 2907 qui
1191 2830 1283 2922 1⁰33·
1293 2827 1338 2868 aa·

87 2934 156 2975 non
187 2923 293 2988 tenet,
325 2921 431 2972 tenere
451 2932 483 2973 se
506 2910 599 2973 fidem
621 2914 743 2974 crediti
764 2918 820 2996 qui
843 2915 997 2981 Ecclesiae
1019 2892 1225 2973 renititur⁰⁸⁸
1262 2905 1269 2919 ⁶

88 3008 123 3058 et
143 2996 281 3072 resistit,
319 2997 372 3077 qui
396 2995 581 3057 cathedram
600 2997 710 3074 Petri,
737 3020 831 3083 super
853 3022 946 3081 qnam
969 2996 1100 3059 fundata
1119 3007 1166 3056 cst

88 3080 246 3158 Ecclesia,
281 3078 419 3157 deserit,
455 3082 489 3140 in
509 3082 648 3143 Ecclesia
669 3103 701 3143 se
723 3105 787 3145 esse
809 3083 966 3145 confidit?
988 3081 1114 3165 quaudo
1136 3091 1168 3150 al
1278 3162 1281 3167 ³

88 3163 199 3226 beatus
219 3162 393 3248 Apostolus
414 3164 530 3225 Paulus
549 3166 611 3227 hoc
633 3166 714 3228 idem
739 3168 868 3245 doceat,
892 3182 923 3230 et
942 3180 1168 3229 sacramentum

92 3248 221 3309 unitatis
243 3248 402 3324 ostendat,
444 3248 568 3311 dicens:
601 3253 704 3310 Unum
726 3274 843 3335 eorpus
866 3266 896 3315 et
916 3273 997 3315 unns
1020 3252 1043 3311 S
1068 3252 1168 3326 iritns,
1272 3264 1277 3273 '

90 3351 158 3393 una
174 3348 244 3474 spes
263 3334 438 3395 vocationis
454 3348 599 3410 nostrae,
628 3356 706 3396 unus
727 3337 895 3414 Dominus,
930 3358 991 3398 una
1013 3273 1109 3411 fides,
1130 3355 1170 3394 n·
1180 3367 1280 3423 mm,
1288 3369 1309 3417 ς,

88 3436 169 3481 num
213 3417 351 3499 aptitus,
374 3438 455 3479 nnus
471 3419 577 3480 Densi
621 3420 722 3494 Quam
744 3425 890 3484 unitatem
911 3420 1043 3483 firmiter
1064 3433 1169 3481 tenera

90 3515 125 3565 et
145 3497 304 3561 vindicare
324 3501 492 3580 debemus,
514 3505 640 3564 maxime
661 3504 836 3589 Episcopi,
880 3509 935 3589 qui
963 3509 996 3569 iu
1029 3504 1169 3569 Ecclesia

89 3584 330 3672 praesidemus,
367 3599 405 3647 nt
437 3587 663 3672 Episcopatum
685 3611 812 3672 quoque
834 3595 936 3675 ipsum
956 3612 1052 3653 unum
1076 3602 1168 3672 atque

90 3670 263 3732 indivisum
291 3670 471 3753 probemus.
521 3673 619 3734 Nemo
641 3674 864 3736 fraternitatem
885 3677 1050 3739 mendatio
1071 3675 1169 3756 fallat,

91 3776 183 3817 nemo
219 3752 295 3815 fidei
327 3758 486 3817 veritatem
520 3757 640 3841 perlida
677 3763 941 3842 praevaricatione
979 3774 1169 3844 corrumpat.

92 3838 305 3924 Episcopatus
326 3860 407 3902 unus
428 3852 491 3917 est,
515 3845 644 3924 cujum
664 3844 794 3927 singulis
816 3849 849 3905 in
870 3845 1007 3910 solidum
1027 3867 1101 3929 pars
1121 3860 1171 3908 to·

95 3935 196 3985 netur.
238 3921 379 3986 Ecclesia
411 3946 473 3987 uua
493 3938 560 4004 est,
594 3930 727 4009 quaein
757 3929 987 3992 multitudinem
1009 3930 1099 3993 latins
1121 3934 1172 3992 in·

97 4022 254 4071 mento
284 4008 503 4074 foecunditatis
537 4012 732 4074 extenditur:
767 4036 831 4095 quo
860 4016 955 4078 modo
984 4015 1059 4077 solis
1078 4018 1169 4079 multi

97 4088 201 4170 radii,
220 4092 276 4156 sed
297 4091 402 4156 lumen
423 4116 535 4157 uuum
556 4109 588 4158 et
609 4098 687 4158 rami
709 4096 833 4161 arboris
856 4100 968 4177 multi,
990 4100 1045 4161 sed
1067 4101 1170 4163 robur

96 4193 211 4255 mum,
240 4180 343 4241 mnaci
374 4180 478 4244 radice
501 4180 681 4245 fundatum:
709 4194 831 4245 etcum
851 4184 892 4247 de
914 4185 1002 4246 fonte
1022 4206 1087 4247 uno
1109 4188 1169 4247 rivi
1263 4238 1266 4245 .

92 4256 228 4345 plutini
246 4261 408 4346 defluunt,
446 4268 652 4333 numerositas
678 4267 753 4334 licet
779 4268 891 4335 diflusa
911 4269 1056 4335 rideatur
1072 4290 1170 4333 muu-
