2768 4762
299 354 797 481 n'nucstoeo.
1028 400 1152 487 ω,

53 596 165 673 spectu
186 579 337 658 Domini,
372 600 460 644 mors
472 589 653 643 sardorum
676 580 754 663 ejus.
796 576 840 644 At
859 580 936 666 quid
955 584 1264 669 pretiosiserscus.
1282 610 1314 647 is.

53 693 152 757 quam
175 671 207 730 io
232 688 323 727 manu
345 668 403 726 Dei
426 667 510 727 essel
553 665 628 727 Vite
649 668 731 727 enim
753 677 799 728 est
816 666 923 745 Deus,
946 681 977 729 et
997 668 1068 729 lux:
1104 681 1135 730 et

52 760 111 841 qui
143 758 293 816 inmania
326 751 383 810 Dei
418 764 509 829 sunt,
543 752 574 810 in
606 751 670 812 vita
704 763 735 812 et
756 750 826 812 luce
847 755 990 815 existunt.
1034 753 1133 829 Quod

54 856 155 904 autem
182 858 242 923 per
270 847 401 895 mentem
424 856 560 918 corpora
579 856 689 897 eornm
711 831 931 899 inhabitaverit
953 839 1059 914 Deus,
1081 840 1132 899 di-

55 931 98 989 cit
120 921 315 1007 Apostolus:
336 919 488 997 Nescitis,
510 921 583 1002 quia
607 941 745 1003 corpora
759 932 861 983 vestra
875 920 1013 1005 Spiritus
1032 925 1129 985 sancti
1142 904 1296 1007 ἓξὲξῗξζζξζ

51 1010 221 1072 habitantis
254 1007 286 1064 in
307 1004 397 1065 vobis
428 1004 576 1087 templum
597 1005 661 1066 esti
703 1005 858 1066 Dominus
880 1018 981 1067 autem
1001 1009 1130 1091 spiritus

49 1108 116 1167 est,
148 1105 180 1154 et
201 1091 318 1172 siquis
341 1087 490 1171 templum
517 1089 577 1149 Dei
609 1110 705 1149 eorru
730 1091 789 1149 erit
797 1131 817 1168 „
838 1102 1020 1173 corrumpet
1040 1103 1072 1153 et
1092 1092 1133 1152 il·

50 1180 115 1241 lum
140 1178 235 1238 Deus.
290 1174 462 1248 Quomodo
491 1174 588 1256 igitur
610 1191 674 1234 non
703 1111 891 1238 honoranda
911 1185 985 1235 sunt
1002 1176 1133 1238 animate

48 1262 165 1347 templa
186 1261 246 1319 Dei
271 1270 303 1318 et
331 1259 463 1318 animata
482 1256 701 1319 tabernacula?
742 1258 784 1318 Hi
804 1260 941 1319 viventes
969 1258 1002 1318 in
1019 1256 1135 1323 fiducia

49 1350 121 1409 Deo
152 1348 309 1408 assistunt.

139 1445 168 1497 2.
213 1425 402 1489 BASILIUS
422 1421 507 1486 hom.
529 1437 580 1492 20.
602 1425 636 1485 in
658 1435 711 1493 40.
730 1424 884 1503 Marsyae
915 1423 957 1487 ni
977 1439 1061 1502 sunt,
1080 1429 1134 1510 qui

50 1528 191 1576 nostram
211 1512 386 1573 obtinentes
410 1513 587 1592 regionem,
610 1512 698 1591 qussi
725 1511 876 1591 quaedam
894 1521 999 1572 torres
1023 1524 1134 1573 contra
1240 1565 1247 1579 .

50 1599 300 1661 adversariorum
318 1600 475 1654 incursum
488 1593 643 1677 refugium
668 1592 831 1656 exhibent:
863 1594 928 1656 Neo
943 1615 1007 1656 uuo
1028 1596 1060 1657 in
1084 1565 1310 1680 loeeohillh'liir.

50 1704 92 1746 co
119 1703 183 1742 sese
214 1680 416 1755 clauserunt,
452 1678 506 1738 sed
535 1679 566 1738 in
588 1677 693 1740 multis
717 1678 798 1740 locis
828 1677 969 1761 hospitio
1003 1681 1132 1762 recepti,
1144 1674 1259 1757 ξ”ῃζζᾯῗ
1278 1681 1311 1708 ¹”‘

53 1766 225 1826 multorum
243 1765 359 1846 patrias
392 1774 599 1824 ornaverunts
633 1783 690 1823 nec
713 1776 813 1824 tamen
840 1771 992 1846 separati,
1011 1765 1066 1826 sed
1083 1766 1134 1825 in-

52 1862 103 1910 ter
136 1870 168 1908 se
199 1849 368 1923 commixtis
399 1848 423 1907 si
445 1849 477 1908 in
499 1847 637 1931 singulos
672 1849 759 1931 ipsos
779 1847 942 1925 diviseris,
965 1850 1135 1934 proprium

32 1952 213 2011 ,numerum
239 1952 301 1991 non
334 1931 501 1992 excedunt:
529 1933 555 1991 si
583 1950 658 1992 vero
688 1933 721 1992 in
759 1952 858 1994 unum
886 1936 1132 2018 congregaveris,
1200 1952 1204 1963 ·

51 2016 254 2100 quadraginta
275 2014 479 2075 nihilominus
498 2026 605 2093 erunt,
625 2036 662 2077 ac
683 2018 736 2095 ita,
759 2028 794 2077 nt
812 2017 893 2101 ignis
912 2022 1038 2103 natura,
1057 2039 1132 2103 per·
1152 2020 1310 2079 ‘inituim

49 2113 187 2173 manent:
211 2121 279 2159 nam
304 2099 357 2159 ille
385 2110 415 2159 et
436 2098 475 2160 ed
488 2100 740 2185 progredientem
762 2104 891 2180 transit,
923 2113 955 2164 et
976 2114 1063 2166 totus
1084 2076 1296 2180 estiilliiili?

51 2186 136 2268 apud
168 2184 351 2245 habentem:
387 2185 432 2246 sic
454 2184 488 2245 hi
511 2186 717 2270 quadraginta
738 2199 811 2249 suut
829 2208 948 2264 unum,
971 2200 1004 2249 et
1024 2167 1188 2250 omnes¹⁰⁸·

50 2270 135 2353 apud
158 2270 305 2352 singulos.
351 2267 539 2329 Beneficium
568 2273 666 2354 igitur
686 2271 771 2348 hoc,
793 2272 906 2334 fratres
928 2271 1130 2352 dilectissimi,

51 2359 180 2438 gratiam
195 2353 274 2411 hauc
291 2353 415 2433 minime
435 2351 628 2413 deficientem
648 2375 683 2415 cx
703 2357 773 2416 Deo
794 2356 979 2418 obtinemus.
1033 2357 1132 2419 Para-

51 2452 119 2497 tum
145 2448 191 2494 est
218 2434 270 2494 hic
297 2433 480 2493 Christianis
507 2436 680 2512 auxilium,
709 2437 838 2501 ecclesia
856 2440 1001 2501 videlicet
1017 2428 1310 2522 marty-„2⁶:¹⁵3”,Y

53 2542 140 2593 rum,
169 2518 320 2576 exercitus
351 2516 623 2599 triumphantium,
661 2517 778 2581 chorus
802 2522 995 2582 laudantium
1021 2526 1192 2586 Deum.¹¹¹²¹·
1230 2495 1267 2531 ul

52 2605 152 2686 Saepe
167 2596 296 2683 operam
318 2600 463 2674 dedistis,
500 2621 589 2682 seepe
616 2600 798 2682 laborastis,
819 2619 855 2667 nt
876 2625 973 2665 unum
993 2628 1055 2690 pro
1076 2630 1135 2670 vo-

51 2689 102 2765 lu's
124 2699 264 2747 orantem
284 2686 479 2746 inveniretis:
503 2686 707 2769 quadraginta
728 2700 802 2748 sunt
825 2688 878 2766 hi,
900 2710 993 2751 unam
1013 2693 1135 2752 oratio-
1144 2662 1311 2756 (llilisiil‘u

50 2775 100 2833 nis
123 2774 293 2831 emittentes
322 2790 438 2830 vocem.
481 2771 543 2831 Ubi
576 2773 658 2830 enim
679 2783 753 2832 sont
774 2773 839 2835 duo
862 2773 911 2834 vel
934 2787 997 2835 tres
1018 2776 1051 2834 in
1073 2796 1134 2836 no-
1167 2765 1309 2814 “¹⁸⁰¹⁸'²⁰·

50 2860 133 2919 mine
158 2856 285 2915 Domini
303 2857 503 2940 congregati,
535 2855 580 2915 ibi
603 2856 689 2916 Deus
718 2869 773 2918 est.
817 2858 879 2921 Ubi
904 2880 979 2919 vero
997 2859 1135 2984 ‹guadre-

50 2945 135 3026 ginta
168 2941 301 3015 suerint,
337 2943 407 3021 quis
433 2940 572 3017 dubitet,
605 2942 705 3001 Deum
729 2963 792 3003 esse
812 2952 1020 3026 praesentem.
1067 2943 1132 3020 Qui

51 3027 156 3107 aliqua
176 3027 329 3107 premitur
349 3030 506 3107 augustia,
529 3025 569 3085 ad
589 3024 649 3086 hos
669 3026 845 3111 confugiat:
868 3031 923 3109 qui
946 3048 1056 3088 rursus
1080 2997 1294 3101 lae-edilhiilif

49 3123 160 3186 tatur,
192 3108 251 3169 hos
280 3121 368 3169 oret:
407 3109 460 3170 hic
486 3122 522 3171 ut
543 3110 630 3171 malis
659 3109 833 3190 liberetur,
856 3113 909 3173 ille
935 3124 971 3173 ut
992 3112 1085 3173 duret
1098 3106 1191 3175 in''⁸'.

53 3194 147 3255 rebus
168 3193 263 3254 laetis.
307 3193 367 3255 Hic
387 3193 499 3254 mulier
517 3215 610 3256 orans
632 3214 699 3276 prox
719 3193 791 3255 filiis
817 3197 963 3257 auditur:
992 3197 1135 3280 peregri·

50 3281 137 3341 nanti
156 3280 225 3337 viro
249 3277 384 3337 reditum
400 3278 607 3355 incolumem,
630 3282 802 3362 aegrotanti
825 3302 901 3341 vero
928 3280 1057 3345 salutem
1075 3283 1135 3341 im·

46 3365 164 3449 plorat.
207 3362 284 3422 Cum
304 3360 352 3422 his
373 3382 449 3447 ergo
460 3361 649 3439 martyribus
663 3377 785 3425 nostras
806 3364 998 3426 effundamus
1013 3387 1131 3448 preces.

50 3450 94 3510 Et
117 3445 214 3531 paulo
241 3459 325 3530 post:
353 3447 380 3508 Ο
407 3460 545 3508 sanctum
573 3446 727 3522 chorum,
750 3470 911 3510 osacrum
933 3449 1091 3529 ordinem,
1110 3471 1132 3512 o
1233 3525 1238 3534 Ι

53 3552 189 3596 cuneum
218 3531 506 3614 inexpugnabilem,
542 3552 561 3594 o
583 3552 760 3594 communes
781 3536 900 3616 generis
914 3533 1041 3595 humani
1061 3523 1307 3616 cus-ffiffffmif'

50 3618 162 3693 todes,
192 3617 301 3698 optimi
339 3638 486 3677 curarum
516 3619 613 3696 soeii,
635 3638 763 3700 precum
779 3638 815 3679 ao
830 3632 978 3681 votorum
1001 3620 1131 3680 invicem
1140 3623 1175 3665 πῖ·

52 3701 291 3784 suffragatores,
324 3700 416 3784 legati
441 3723 457 3762 a
481 3701 523 3762 ud
545 3702 647 3763 Deum
668 3705 890 3786 potentissimi,
912 3716 994 3764 astra
1012 3700 1131 3776 mundi,

53 3785 147 3847 llores
182 3786 400 3846 Ecclesiarum.
458 3723 526 3848 llos
549 3794 613 3848 noh
639 3799 723 3847 terra
748 3791 900 3864 contexit,
938 3787 993 3847 sed
1015 3788 1132 3849 caelum
1166 3797 1309 3850 ⁸=ffr·s·¹⁰·

55 3872 182 3953 excepit·
226 3868 362 3952 Apertae
388 3882 462 3932 sunt
476 3870 566 3932 vobis
607 3871 720 3931 aradisi
740 3885 870 3954 portae,
905 3872 1033 3955 dignum
1053 3850 1307 3958 pro-iiia‘hlilll'

56 3954 139 4015 fecto
159 3954 343 4017 exercitibus
360 3955 559 4040 angelorum,
580 3893 791 4034 latriarchis,
813 3956 992 4041 Prophetis,
1014 3970 1045 4019 et
1065 3952 1312 4048 jus-{222¹“222'1‘Sss

56 4039 98 4099 tis
115 4041 259 4100 omuibus
279 4040 497 4124 spectaculum.
831 4038 836 4051 ¹
1144 4044 1239 4095 wsb

140 4136 170 4192 ὅ.
212 4124 322 4185 IDEM
342 4125 428 4186 hom.
451 4139 500 4192 26.
522 4124 560 4185 de
585 4138 674 4188 mart.
697 4125 862 4188 Mamant.:
884 4124 1037 4187 Memores
1052 4137 1135 4186 esto-

53 4220 87 4269 te
116 4210 280 4285 martyris,
313 4223 474 4293 quotquot
500 4209 555 4272 illo
587 4232 645 4295 per
671 4214 789 4273 somnia
813 4212 908 4296 potiti
925 4214 1016 4286 estis,
1039 4210 1314 4290 quot-Snetimrts·

1146 4264 1181 4304 ris
1198 4262 1222 4300 iu
1241 4258 1314 4297 bomi-

53 4303 137 4375 φοί
161 4294 194 4354 ln
213 4292 278 4353 boe
309 4292 382 4356 loco
412 4296 595 4373 constituti,
618 4296 796 4378 adjutorem
815 4299 916 4378 ipsum
940 4294 980 4355 ad
1005 4306 1313 4377 precer-susanae..

885 4396 928 4454 18
