2768 4762
376 384 592 449 ORATIONE
619 381 840 445 nortales
991 432 995 438 -
1077 384 1154 452 165

153 568 183 631 N
195 589 263 629 um.
286 567 357 654 Vs
379 568 439 631 Vir
468 572 532 632 sive
563 567 674 629 mulier
695 589 765 628 cum
797 567 927 628 fecerint
947 587 984 627 ex
1005 565 1148 626 omnibus

67 678 221 762 peccatis,
252 696 333 758 qnae
355 676 458 738 solent
475 672 655 738 bominibus
685 675 842 752 accidere,
864 687 896 735 et
917 695 975 757 per
989 672 1149 756 negligen-

67 787 144 845 tiam
170 786 350 866 transgressi
373 783 493 844 luerint
525 780 704 842 mandatum
728 783 854 843 Domini
880 796 974 864 atquc
993 781 1148 862 *delique-

69 893 154 970 rint,
186 888 424 952 confitebuntur
457 903 618 974 peceatum
647 909 739 976 suum
776 903 833 953 etc·
889 890 923 950 Si
945 889 1146 951 declinastia

68 1001 141 1060 viro
163 1010 241 1075 tuo,
277 1011 372 1078 atque
391 997 515 1080 polluta
535 1018 584 1073 es,
607 1008 639 1055 et
660 997 857 1059 concubuisti
880 1020 952 1058 cum
974 996 1075 1059 altero
1099 1000 1146 1056 vi-

69 1127 127 1183 ro,
159 1088 209 1166 bis
238 1104 511 1166 maledictionibus
551 1102 745 1187 subjacebis:
784 1105 847 1165 Det
878 1117 908 1164 tc
930 1105 1083 1166 Dominus
1113 1107 1146 1164 in

34 1236 37 1243 ·
66 1211 336 1289 maledictionem,
371 1211 605 1295 exemplumque
642 1224 828 1272 cunctorum
850 1214 882 1269 in
914 1210 1037 1292 populo
1070 1232 1145 1272 suo:

66 1334 250 1404 putrescere
279 1320 375 1381 faeiat
408 1319 508 1378 femur
533 1330 644 1395 tuum,
667 1330 698 1378 ct
720 1329 838 1377 tumens
860 1329 967 1376 uterus
987 1328 1059 1376 tuns
1082 1316 1148 1377 dis·

69 1439 253 1510 rumpaturz
276 1424 500 1509 ingrediantur
520 1441 619 1505 equae
637 1422 818 1484 maledictae
838 1425 871 1483 in
888 1435 1025 1483 ventrem
1046 1434 1146 1500 tuum,

67 1547 100 1594 et
130 1547 224 1595 utero
252 1542 444 1593 tumescente
470 1542 630 1616 putrescat
665 1529 774 1591 lemur.

152 1661 275 1723 Exod.
299 1660 453 1725 XXXII.:
474 1660 558 1721 Haec
570 1661 647 1723 dicit
664 1660 819 1722 Dominus
840 1658 926 1718 Deus
945 1659 1061 1721 Israel:
1081 1659 1148 1723 Po·

66 1780 124 1829 nut
144 1769 194 1826 vir
215 1767 352 1851 gladium
372 1788 465 1851 super
487 1769 588 1830 femur
607 1790 716 1844 sunm,
751 1768 870 1850 (inquit
897 1764 1022 1845 Moyses
1043 1768 1083 1828 ad
1107 1764 1146 1827 fi-

67 1875 139 1948 lios„
158 1862 254 1953 beri,
290 1875 549 1938 cum·1sraelitae
580 1876 761 1938 adorassent
794 1874 937 1951 vitulum)
963 1887 995 1935 et
1021 1875 1146 1937 occidat

66 1983 278 2064 unusquisque
300 1982 446 2059 fratrem,
467 1995 500 2044 et
520 1986 667 2062 amicum,
689 1994 722 2044 et
741 1984 918 2066 proximum
939 1992 1037 2043 suumj
1081 1984 1143 2045 Fe·

63 2101 233 2170 ceruntqne
254 2085 312 2149 filii
335 2090 407 2150 Leri
439 2091 528 2172 juxta
549 2111 721 2154 sermonem
741 2091 865 2168 Moysi,
898 2089 1141 2174 cecideruntque

63 2199 97 2256 in
119 2195 170 2256 die
191 2195 245 2259 illa
260 2200 348 2278 quasi
369 2199 499 2283 triginta
516 2200 578 2259 tria
599 2197 698 2259 millia
719 2196 890 2257 bominum.
919 2197 961 2260 Et
981 2200 1027 2260 ait
1045 2199 1140 2276 Moy-

61 2324 108 2364 ses
131 2316 189 2363 etc.
240 2304 305 2379 Qui
339 2306 515 2386 peccaverit
545 2303 645 2383 mibi,
680 2306 798 2387 (inquit
832 2306 1001 2386 Dominus)
1023 2304 1137 2367 delebo

60 2431 132 2469 eum
154 2409 193 2468 dc
215 2407 301 2495 libro
322 2429 401 2469 meo.
452 2409 523 2492 Ego
544 2422 647 2470 autem
666 2412 699 2471 in
729 2409 780 2471 die
804 2410 932 2472 ultionis
953 2411 1087 2473 visitabo
1105 2425 1138 2474 et

60 2514 128 2576 hoc
145 2525 308 2599 peccatum
329 2532 448 2575 eorum.

168 2644 267 2705 Luc.
287 2641 382 2706 vlt:
416 2643 630 2707 Remittentur
650 2643 679 2705 el
699 2656 827 2728 peccata
847 2645 965 2724 multa,
987 2649 1137 2733 quoniam

59 2751 169 2814 dilexit
190 2750 332 2815 multum.
362 2784 368 2793 =

141 2882 239 2944 Tob.
262 2883 358 2946 m:
380 2882 446 2960 Qui
468 2881 588 2946 faciunt
610 2897 773 2969 peceatum
794 2896 826 2947 et
847 2884 1052 2970 iniquitaten,
1074 2882 1137 2947 ho-

55 3004 119 3060 stes
135 3000 209 3052 sunt
228 2993 347 3052 animae
366 3010 451 3053 suae.

144 3104 228 3207 Sap.
250 3120 360 3184 XVL:
382 3123 485 3186 Homo
511 3120 628 3184 occidit
645 3142 704 3205 pei·
724 3124 873 3188 malitiam
895 3126 1132 3187 animimsuam.

140 3250 288 3313 Pselm.
309 3255 365 3315 L:
396 3254 442 3316 Et
461 3254 629 3317 secundum
648 3255 878 3317 multitudinem
900 3258 1133 3318 miserationum
1174 3292 1197 3331 ,ι

55 3375 182 3424 tuarum
204 3358 273 3420 dele
304 3363 499 3445 iniquitatem
520 3382 626 3422 meam.
679 3360 821 3446 Amplius
856 3363 922 3425 lava
943 3383 991 3423 me
1009 3342 1049 3425 ab
1072 3365 1132 3424 ini-

55 3469 177 3553 quitate
196 3488 282 3546 mee,
316 3481 347 3531 et
369 3491 388 3530 a
411 3480 541 3555 peccato
575 3489 644 3530 meo
665 3470 781 3532 munda
808 3493 865 3533 me.
908 3470 1058 3555 diperges
1082 3492 1131 3533 me

53 3576 189 3638 Domine
212 3573 354 3659 hysopo,
387 3588 418 3638 et
444 3575 639 3638 mundabor:
673 3576 789 3638 lavabis
810 3600 879 3656 me,
910 3590 943 3640 et
962 3597 1057 3662 super
1079 3581 1131 3640 ni·

55 3706 120 3744 sem
149 3681 332 3744 dealbabor.
390 3683 503 3745 Averte
531 3685 641 3746 faciem
663 3697 745 3746 tuam
781 3709 799 3746 a
820 3687 953 3769 peccatis
977 3688 1067 3763 meis,
1097 3697 1128 3746 et

56 3809 159 3853 omnes
186 3792 364 3874 iniquitates
384 3813 465 3852 meas
487 3792 565 3855 dele.

135 3922 242 3985 Rom.
269 3920 356 3982 Xllz:
386 3920 473 3982 Nulli
506 3921 620 3983 malum
653 3944 714 4005 pro
735 3924 816 3986 malo
837 3922 1009 3987 reddentes.
1052 3922 1123 3985 Non

54 4031 276 4114 semetipsos
300 4029 519 4107 defendentes,
552 4031 722 4107 carissimi,
758 4029 813 4092 sed
836 4031 907 4094 date
923 4032 1028 4095 locum
1049 4035 1122 4115 irae·

50 4133 210 4219 Scriptum
230 4151 277 4217 est
297 4140 393 4198 enim:
424 4137 502 4198 lllibi
524 4138 706 4216 vindictam,
728 4152 759 4199 et
780 4162 835 4223 ego
860 4141 1050 4215 retribuam.
1072 4141 1123 4201 di-
1133 4171 1279 4220 mm

46 4245 94 4304 eit
119 4243 278 4309 Dominus.
323 4244 396 4309 Noli
416 4246 496 4309 vinci
517 4247 642 4329 amalo,
664 4245 719 4308 sed
733 4249 819 4311 vince
839 4251 871 4309 iu
895 4249 982 4321 bono
996 4249 1118 4313 malum.
