2768 4762
418 398 849 468 immin·
1059 404 1138 475 20³

64 614 137 659 nem
157 590 379 679 abrumperet,
410 592 542 674 nequis
564 588 768 674 obstreperet
808 580 919 669 licque
939 586 1019 647 enim
1040 589 1140 646 comi-

65 694 114 744 tes
136 679 283 740 foeminas
316 675 526 754 desiderabat,
556 696 636 759 quae
667 675 765 736 bonas
786 674 913 734 comites
935 672 1138 755 cogitationes

68 762 212 827 habebat.
256 764 342 842 Quin
364 763 538 823 etiamtum
558 760 618 822 sibi
640 762 741 821 minus
762 756 828 818 sola
849 754 1035 831 videbatur,
1068 775 1140 814 cum

70 850 136 911 sola
167 861 253 909 esset.
307 847 384 907 Nam
415 844 674 928 quemadmodum
706 838 793 920 sola,
814 842 865 902 cui
886 853 935 902 tot
957 839 1030 900 libri
1052 840 1141 898 ades-

69 946 160 1010 sent,
182 945 232 994 tot
251 931 460 1014 Archangeli,
482 943 532 992 tot
551 927 751 1012 Prophetaei
792 925 936 1006 Denique
959 936 990 985 et
1011 922 1140 985 Gabriel

69 1039 156 1093 eam,
179 1015 234 1077 ubi
256 1019 388 1077 revisere
409 1015 550 1091 solebat,
572 1016 706 1075 invenit:
728 1023 760 1072 et
780 1009 919 1093 angelum
941 1011 1039 1070 Maria
1061 1029 1142 1092 qua-

69 1105 96 1165 si
108 1091 177 1162 'viri
198 1105 300 1184 specie
320 1112 404 1161 mota
424 1099 614 1182 trepidavit,
645 1099 735 1181 quasi·
753 1116 818 1155 uon
839 1096 1030 1177 incognitum
1051 1092 1139 1153 audi·

67 1198 104 1249 to
138 1189 263 1247 nomine
291 1187 481 1268 recognovit.
532 1185 584 1244 Ita
610 1183 806 1268 peregrinata
825 1189 872 1238 est
892 1180 923 1236 in
943 1180 1039 1255 niro,
1061 1197 1140 1258 quae
1200 1242 1203 1247 ,

67 1291 135 1332 mon
171 1281 217 1330 est
236 1272 431 1412 peregrinata
456 1271 488 1328 in
507 1267 632 1352 angelo:
666 1279 704 1327 ut
726 1282 874 1348 agnoscas
896 1260 986 1322 au'res
1014 1261 1142 1343 religio·

68 1376 139 1431 aas,
175 1372 236 1413 ocu
251 1375 285 1414 os
317 1352 518 1414 verecundos.
552 1353 716 1432 'Denique
744 1347 876 1410 salutata
912 1344 1091 1419 obmutuit,
1112 1356 1144 1404 et

69 1437 226 1522 appellata
257 1437 440 1521 respondit:
477 1436 529 1496 sed
553 1455 633 1518 quac
660 1436 763 1517 primo
793 1429 981 1493 titubaverat
1007 1438 1143 1513 aspectu,

69 1535 180 1607 postea
206 1525 353 1605 promisit
373 1520 564 1603 obsequium.
620 1520 721 1595 Quam
743 1537 821 1577 vero
842 1515 899 1576 rcli
922 1515 987 1575 ‘usa
1012 1515 1043 1572 in
1066 1532 1147 1595 pro-

93 1609 203 1690 inquas
224 1605 339 1681 luerit,
368 1607 521 1688 scriptura
549 1604 654 1665 divina
672 1598 846 1687 'significat
888 1535 964 1660 illm
994 1610 1025 1658 et
1040 1595 1146 1657 humi-

67 1629 251 1749 lior-facta
282 1701 344 1766 est,
385 1686 440 1748 ubi
461 1709 494 1750 ae
528 1690 632 1750 aDeo
651 1687 799 1771 cognorit
813 1683 961 1746 electam:
996 1693 1026 1741 et
1042 1685 1145 1742 statim

72 1773 113 1832 ad
149 1783 308 1855 cognatam
339 1793 425 1834 suam
455 1775 487 1833 in
519 1785 665 1834 montana
685 1771 860 1855 processit,
893 1788 957 1829 non
981 1768 1092 1848 utique
1108 1776 1145 1827 ut

74 1856 213 1939 exemplo
246 1857 400 1935 crederet,
442 1876 521 1940 qnae
555 1860 619 1941 jam
644 1855 820 1917 crediderat
848 1851 989 1914 oraculo.
1051 1849 1145 1911 beata

74 1942 172 2015 enim,
195 1942 295 2022 inquit
306 1984 316 2019 ,
339 1962 418 2024 qnae
438 1940 608 2003 credidisti.
651 1940 693 2002 Et
712 1938 816 2000 tribus
838 1958 907 1998 cum
929 1956 963 1996 ea
984 1933 1143 1996 mensibus

68 2025 188 2084 mansit.
232 2025 322 2087 Tanti
353 2037 453 2087 autem
485 2025 651 2087 intervallo
681 2025 832 2108 temporis
857 2042 922 2084 non
943 2018 1019 2081 fides
1045 2039 1143 2102 quae·

69 2109 171 2184 ritur,
192 2107 366 2253 aed'pietas
387 2108 558 2172 exhibetur.
603 2109 646 2170 Et
664 2107 746 2186 hoc,
767 2114 972 2192 posteaquam
993 2107 1025 2165 iu
1047 2117 1139 2165 utero
1225 2172 1230 2181 ¹

67 2194 203 2275 parentis
227 2197 272 2254 exi
286 2197 351 2256 ie'ns
365 2214 446 2279 puer
462 2209 590 2257 matrem
604 2194 733 2271 Domini
751 2193 911 2268 salutarit,
945 2191 1034 2276 prius
1053 2210 1143 2252 com·

67 2298 127 2360 pos
155 2277 345 2361 devotionis,
381 2299 474 2358 quam
494 2292 633 2340 naturae.
687 2277 766 2338 Inde
786 2288 837 2339 tht
857 2275 1056 2359 sequentibus
1077 2277 1144 2358 sig»-
1231 2304 1239 2322 ·

68 2363 135 2436 nis,
156 2381 225 2418 cunr
247 2361 359 2420 sterilis
378 2374 518 2441 pareret,
540 2365 630 2443 virgo
653 2364 852 2444 conciperet,
873 2360 1057 2442 loqueretur
1071 2380 1141 2418 mu-

71 2455 139 2515 tus,
171 2442 317 2502 adoraret
337 2462 462 2524 magus,
494 2455 683 2526 exspectaret
710 2444 856 2522 Simeon,
889 2445 991 2505 sidera
1015 2417 1288 2517 nuntia-ddllsslif'

72 2539 160 2600 rcnt,
193 2525 290 2585 Maria
316 2524 440 2586 mobilis
480 2526 519 2586 ad
541 2526 725 2603 introitum,
757 2526 924 2587 immobilis
949 2528 988 2587 ad
1009 2530 1141 2586 miracu·

72 2608 155 2685 lum,
179 2608 402 2698 conservabat,
423 2611 535 2692 inquit,
556 2607 634 2669 haec
656 2612 759 2671 omnia
776 2614 809 2670 in
825 2610 920 2671 corde
934 2630 1001 2671 suu.
1024 2611 1144 2685 Quam-

70 2696 117 2753 uis
138 2706 236 2754 mater
256 2695 401 2772 Domini,
423 2693 542 2756 discere
562 2707 662 2755 tamen
684 2707 849 2780 praecepta
871 2694 998 2754 Domini
1021 2693 1144 2753 deside·

71 2777 178 2839 rabat:
202 2790 232 2838 et
259 2800 336 2860 quac
372 2779 471 2840 Deum
502 2792 670 2863 genuerat,
699 2780 801 2840 Deum
818 2791 919 2842 tamen
935 2781 1016 2840 scire
1034 2779 1144 2858 cupie-

71 2863 134 2924 bat.
180 2862 290 2938 Quid,
320 2862 515 2946 quodannis
538 2886 665 2948 quoque
687 2862 971 2928 omnibusibatiu
993 2865 1144 2924 Hierusa-

68 2947 128 3008 lem
146 2945 275 3035 solemni
294 2946 345 3008 die
362 2948 518 3028 Paschae,
548 2962 581 3011 et
600 2950 666 3012 ibat
693 2971 763 3012 cum
781 2949 921 3034 loseph?
962 2948 1086 3031 Ubique
1110 2947 1143 3007 in
1152 2927 1276 2981 hesso

68 3034 189 3114 uirgine
218 3050 318 3093 comes
347 3032 535 3117 singularum
556 3036 716 3096 virtutum·
734 3049 781 3096 est
803 3036 920 3119 pudor.
971 3034 1036 3094 'Hic
1059 3030 1144 3092 indi-

68 3118 180 3176 viduus
202 3115 295 3178 dehet
312 3137 376 3179 esse
394 3120 443 3178 uir
464 3120 582 3196 initati,
605 3122 670 3180 sine
685 3140 751 3203 quo
770 3140 835 3183 non
856 3130 962 3203 potest
986 3137 1052 3179 osse
1075 3117 1143 3176 vir-

71 3202 189 3283 ginitas.
221 3201 284 3262 Nec
308 3202 348 3263 ad
357 3140 505 3286 templum
522 3205 619 3287 igitur
628 3204 940 3288 Mariasincpudoris
952 3205 999 3264 sui
1010 3199 1152 3263 custode

70 3286 231 3369 processit.
260 3287 395 3348 Haecest
407 3288 562 3372 imagouir
584 3289 708 3350 'nitatis
730 3288 815 3350 Talis
824 3291 904 3349 enim
916 3287 1090 3364 fuitMaria,
1104 3295 1141 3344 ut
1201 3343 1208 3355 ,
1270 3347 1276 3359 ,

69 3371 139 3450 ejus
151 3372 241 3430 unius
253 3373 316 3431 vita
329 3373 465 3432 omnium
473 3309 637 3454 disciplllna
647 3374 695 3434 sit.
727 3373 760 3433 si
775 3375 872 3455 igitur
879 3383 991 3433 auctor
999 3392 1064 3434 non
1076 3369 1140 3431 dis-
1148 3343 1316 3440 filiiflii!

68 3452 177 3537 plicet,
196 3475 275 3537 opus
284 3456 463 3538 probemus,
475 3468 519 3533 ut,
529 3476 732 3538 quaecunque
745 3455 805 3518 sibi
819 3457 888 3538 ejus
901 3467 1026 3539 exoptat
1046 3474 1139 3540 prae-
1149 3443 1288 3531 ⁸¹l¹³¹²⁰⁸}

67 3539 176 3614 mium,
197 3540 336 3600 imitetur
348 3540 527 3624 exemplum.
560 3541 742 3617 Quantaein
752 3543 870 3602 uuauir
892 3541 1140 3623 'nespeciesvir-

67 3624 344 3684 tutum-emicanti
392 3625 550 3687 Secretum
570 3625 791 3702 verecundiae,
811 3563 956 3687 vexillum
976 3622 1061 3700 fidei,
1083 3623 1140 3684 de-

66 3709 204 3768 votionis
233 3708 435 3791 obsequium:
463 3711 553 3795 virgo
575 3711 658 3770 intra
679 3710 823 3788 domum,
859 3730 961 3772 comes
990 3711 1029 3769 ad
1046 3711 1139 3769 mini-

66 3795 215 3873 sterium,
236 3807 333 3855 mater
347 3792 387 3855 ad
404 3794 561 3879 templum.
617 3794 646 3856 0
672 3796 796 3876 quantis
817 3794 871 3856 llla
892 3793 1063 3878 virginibus
1083 3815 1140 3854 uc-

68 3890 189 3939 curret:
235 3892 363 3962 quantas
393 3880 552 3963 complexa
585 3879 625 3940 ad
649 3879 818 3943 Dominum
844 3876 968 3956 trahet,
1017 3879 1136 3939 dicens:

67 3959 152 4021 llaec
185 3973 291 4023 torum
310 3963 367 4026 lilii
401 3968 480 4043 mei,
502 3963 578 4029 haec
596 3963 747 4038 thalamos
767 3963 920 4048 nuptiales
938 3962 1136 4026 immaculato
1172 3980 1175 3984 ⁴

70 4047 201 4105 servavit
235 4047 367 4130 pudore.
420 4049 689 4127 Quemadmodum
712 4069 762 4109 cas
782 4049 848 4132 ipse
869 4049 1021 4110 Dominus
1050 4068 1137 4110 com·

69 4127 227 4190 mendabit
250 4132 357 4211 Patri,
377 4136 522 4195 nimirum
544 4135 624 4194 illud
646 4146 787 4218 repetens
804 4154 912 4194 suum:
934 4133 1028 4193 Pater
1046 4154 1137 4193 sanc-

69 4223 122 4287 te,
149 4214 226 4274 istae
249 4231 341 4295 sunt,
376 4239 452 4300 quas
471 4220 588 4280 servavi
611 4218 688 4281 tibi:
709 4222 742 4280 in
763 4218 876 4303 quihus
896 4214 980 4277 lilius
1002 4217 1252 4279 hominist-sa
1266 4225 1299 4265 αν

67 4308 164 4384 caput
183 4299 335 4364 reclinans
370 4303 505 4385 quierit:
539 4316 633 4387 peto,
655 4315 701 4383 ut,
722 4301 777 4366 ubi
796 4324 855 4392 ego
882 4322 950 4366 sum
961 4345 974 4382 ,
996 4315 1028 4365 et
1050 4300 1134 4387 ipsae
1302 4300 1305 4305 ’

1154 1665 1210 1707 uua.
1223 1677 1283 1716 naa.
