2768 4762
270 389 352 465 ιω
588 381 658 448 ns
684 380 944 449 canrrsvu
975 382 1039 449 er
1099 428 1102 441 .

271 578 401 656 repento
418 581 523 634 sunau
543 582 599 634 est.
640 569 718 633 Nam
742 568 887 655 deinceps
915 586 981 635 sem
996 562 1038 631 ld
1065 588 1123 631 sno
1137 589 1277 654 corpore
1285 595 1351 638 non

174 654 176 660 ⁴
267 654 397 718 invenit.
451 655 495 718 Et
523 653 669 742 pluribus
700 656 768 718 eliis
796 655 975 734 miraculis,
1011 673 1092 739 quae
1131 675 1189 739 per
1209 657 1351 738 ejusdem

270 741 371 818 sancti
414 738 564 823 reliquias
593 740 745 802 Dominus
781 753 929 824 operatus
960 751 1025 817 est,
1060 743 1270 820 enumeratis,
1308 747 1350 806 its

269 823 452 908 subjungite
484 825 517 886 Si
548 824 694 886 miracula
726 827 910 901 sanitatum,
941 836 977 885 ut
1008 821 1067 885 alia
1093 825 1231 902 taceam',
1254 829 1350 891 modo

185 988 187 993 y
268 908 361 970 velim
380 907 541 987 scribere,
579 929 658 991 quae
679 930 737 993 per
757 908 842 971 bunc
863 922 1049 985 martyrem,
1085 907 1205 987 idest,
1229 911 1353 994 glorio·

144 998 148 1011 '
270 995 423 1056 mimum
458 993 512 1055 Ste
534 992 669 1072 hunum,
704 993 785 1056 sacta
817 996 944 1056 suntin
965 992 1090 1054 colonia
1111 992 1299 1074 calamensi,
1322 1009 1353 1059 et

265 1080 307 1146 ¹iu
326 1089 450 1156 nemra,
483 1015 610 1162 plltrimi
632 1075 819 1139 conficiendi
840 1091 914 1140 sunt
933 1072 1024 1154 liliri,
1045 1097 1101 1137 nec
1123 1090 1224 1139 mmcn
1247 1084 1352 1143 omnis

270 1161 379 1246 colligi
415 1174 582 1245 poterunts
613 1162 679 1233 sed,
700 1175 819 1224 tantum
852 1162 891 1224 de
920 1162 1036 1245 quibus
1049 1160 1157 1222 'libelli
1178 1163 1244 1224 dati
1268 1177 1351 1244 sunt,

147 1316 149 1321 ⁴
271 1232 329 1329 qui
364 1247 570 1309 recitarentur
608 1249 641 1306 in
671 1246 809 1392 populis.
865 1247 973 1310 Refert
1005 1245 1116 1306 deinde
1137 1247 1177 1308 de
1198 1248 1352 1311 fratribus

178 1348 181 1353 ’
271 1353 287 1392 s
328 1343 388 1392 tem
415 1344 446 1393 et
475 1330 576 1393 tribus
609 1335 713 1392 sorori
738 1353 794 1408 us,
817 1353 870 1394 eos
891 1353 949 1416 per
974 1331 1221 1392 maledictionem
1244 1337 1351 1394 matris

186 1467 190 1483 ,
271 1417 329 1477 tui
348 1436 450 1498 poena
481 1415 628 1478 divinitus
649 1416 834 1495 mulctatos,
867 1430 902 1478 ut
924 1414 1121 1476 horribiliter
1147 1430 1352 1498 quaterentur

272 1520 379 1561 omnes
412 1512 549 1560 tremore
570 1499 786 1577 memborum,
821 1513 852 1562 et
874 1520 1061 1583 quocunque
1082 1501 1180 1573 irent,
1213 1505 1351 1564 omnium

272 1585 304 1644 in
327 1602 360 1645 se
380 1597 538 1668 aspectum
562 1598 789 1647 converterent.
845 1585 973 1646 Venisse
1006 1597 1107 1645 autent
1129 1584 1235 1647 ethis
1258 1587 1350 1665 duos,

272 1669 401 1729 fratrem
428 1681 459 1729 et
479 1690 642 1744 sororem,
673 1670 712 1729 rid
736 1670 819 1731 besti
842 1668 1007 1754 Augustini
1029 1670 1198 1746 civitatem,
1231 1684 1350 1731 etcum

271 1757 451 1830 memorium
486 1752 699 1838 gloriosissimi
735 1757 879 1831 martyris
910 1751 1059 1837 Stephani
1093 1753 1350 1837 frequcnmssent,

271 1856 326 1897 eos
348 1841 432 1905 omni
461 1837 585 1921 populo
605 1839 704 1897 Deum
727 1836 921 1922 glorificante
933 1880 943 1916 ,
975 1850 1046 1898 ante
1074 1836 1136 1898 loci
1158 1841 1255 1900 sancti
1277 1861 1353 1901 cen-

274 1920 369 1983 cellos
384 1923 547 1983 sanitatem
566 1923 725 2065 rpccpisse.
819 1944 825 1961 *

148 2067 155 2081 ,
188 2067 194 2080 ,
274 2045 279 2060 .
362 2018 391 2074 7.
434 2005 576 2064 DAMAS
604 2005 710 2065 ENUS
732 2007 766 2064 L.
788 2003 843 2066 IV.
867 2002 995 2067 orthod.
1017 2003 1070 2069 fid.
1092 2027 1126 2065 ca
1151 2017 1239 2073 .1o·=
1261 2007 1352 2068 Fon-

49 2140 51 2157 .
102 2069 325 2161 {lllll'lilltes
343 2087 433 2150 nobis
468 2088 617 2149 salutares
640 2089 818 2150 dominator
841 2090 1039 2151 CHRISTUS
1058 2026 1200 2172 praebuit
1222 2105 1354 2151 sancto-

100 2167 248 2260 ffl'm
281 2194 350 2233 rum
381 2173 548 2254 reliquias,
581 2173 762 2234 multimoda
795 2170 945 2256 beneficia
967 2175 1177 2248 scaturientes,
1204 2193 1354 2256 unguen·

101 2267 246 2310 nummus.
281 2269 348 2317 tum
368 2259 527 2319 suavitatis
555 2272 743 2319 emanantes:
777 2258 931 2320 etnullus
955 2257 1116 2321 discredat.
1158 2256 1191 2316 si
1213 2260 1297 2318 enim
1318 2279 1352 2319 ex

276 2344 362 2427 'rupe
384 2355 416 2402 et
434 2339 526 2404 firmo
542 2362 614 2404 sexo
638 2363 718 2424 aqua
748 2344 779 2402 in
799 2364 901 2413 eremo
919 2343 1084 2428 prosiluit,
1100 2340 1228 2409 ¹volente
1253 2342 1347 2415 DEO,

165 2444 167 2449 '
273 2440 305 2489 et
328 2446 363 2489 ex
384 2426 506 2488 maxilla
529 2429 604 2487 esini
628 2427 766 2488 Samsoni
799 2430 931 2503 sitienti,
970 2448 1005 2488 et
1021 2439 1188 2503 martyrum
1209 2425 1348 2508 reliquiis

98 2509 239 2558 ΝΜ·
274 2525 468 2596 unguentum¹
480 2532 572 2572 suave
594 2510 680 2571 olens
708 2533 846 2572 emanare
868 2510 1051 2573 incredibile
1073 2510 1141 2571 esti
1168 2509 1254 2571 nullo
1277 2531 1351 2592 pac-

274 2610 309 2659 to
331 2596 477 2680 profecto
501 2596 560 2672 eis,
583 2595 637 2678 qvii
658 2598 759 2658 sciunt
774 2598 833 2656 Dei
858 2600 1023 2673 virtutem,
1050 2608 1081 2656 et
1108 2594 1147 2654 ab
1171 2596 1240 2679 ipso
1260 2615 1351 2654 sanc-

98 2678 206 2722 ³⁸⁸⁴*
221 2682 253 2719 ¹¹·
279 2695 385 2743 torum
409 2680 572 2754 honorem.
621 2682 656 2740 In
673 2681 752 2747 Jee
789 2683 902 2758 omnis,
936 2685 990 2762 qui
1011 2678 1156 2763 tangebat
1180 2690 1350 2754 mortuum,

280 2764 454 2826 immundus
476 2763 677 2827 efficiebatur.
715 2703 836 2824 lterum
860 2766 964 2826 iinon
987 2766 1119 2825 mortui:
1142 2784 1212 2823 nam
1233 2783 1267 2822 ex
1285 2783 1350 2844 quo

105 2855 203 2897 Sum·
221 2864 267 2893 ³⁰¹¹
279 2855 346 2936 ipsa
365 2852 448 2927 vita,
484 2851 529 2925 is,
553 2851 608 2930 qui
627 2853 706 2908 vitae
728 2869 819 2908 causa
840 2861 898 2924 est,
922 2851 1003 2909 inter
1023 2861 1168 2908 mortuos
1188 2860 1353 2929 computa·

99 2904 244 2996 :abtin-:2⁸⁸
278 2949 330 2997 tus
351 2947 418 3011 est,
440 2953 511 3009 eos,
535 2935 588 3015 qui
612 2934 642 2991 in
666 2954 720 3015 spe
742 2934 977 2994 resurrectionis
999 2946 1030 2994 et
1047 2929 1125 3009 fide,
1149 2953 1228 3014 quae
1250 2933 1284 2990 in
1303 2952 1355 3014 rp-

277 3038 312 3081 so
340 3031 402 3095 est,
434 3017 645 3092 dormierunt,
682 3038 744 3076 non
779 3028 919 3077 mortuos
947 3018 1145 3101 appellamus.
1189 3018 1353 3075 Mortuum

276 3105 356 3163 enim
384 3122 500 3184 corpus
533 3100 693 3182 quomodo
716 3099 863 3160 miracula
886 3104 1012 3183 operari
1034 3099 1163 3184 potestl
1206 3100 1354 3175 Quomo-

276 3187 319 3248 do
344 3190 439 3270 igitur
469 3206 526 3268 per
556 3180 608 3246 eos
643 3184 804 3245 daemones
835 3184 1024 3269 abiguntur,
1052 3183 1167 3245 infirmi
1189 3196 1351 3260 curentur,

276 3274 363 3333 caeci
392 3270 516 3346 vident,
550 3270 665 3353 leprosi
703 3270 910 3347 mundantur,
942 3272 1126 3331 tentationes
1156 3280 1188 3328 et
1206 3269 1352 3328 tristitiae

97 3357 222 3404 ΜΝ·
277 3356 451 3416 solvuntur.
495 3355 593 3416 Omne
612 3352 729 3431 donum
749 3354 869 3415 bonum
893 3354 1021 3415 aPetre
1035 3355 1194 3429 luminum,
1216 3372 1275 3435 per
1299 3372 1351 3412 eos

276 3441 331 3516 iis,
355 3441 408 3521 qui
433 3437 640 3499 inhaesitabili
658 3437 719 3498 fide
746 3452 873 3523 petunt,
896 3439 1063 3499 descendit.
1117 3437 1280 3514 Quantum
1302 3456 1352 3497 sa·

97 3514 255 3607 „ssllsslffi
276 3542 314 3584 ne
329 3523 505 3599 laborares,
526 3535 563 3583 ut
584 3525 735 3584 invenires
759 3523 957 3604 adjutorem,
980 3525 1034 3604 qui
1053 3520 1095 3584 nd
1112 3520 1278 3584 mortalem
1301 3540 1351 3579 re-

97 3591 265 3675 sessonensi
295 3629 341 3668 em
367 3621 397 3669 te
428 3607 616 3683 adduceret,
649 3621 680 3668 et
712 3628 772 3690 pro
796 3620 826 3668 te
851 3607 889 3667 ad
922 3610 1022 3692 ipsum
1038 3626 1192 3671 sermones
1210 3603 1351 3665 luceret?

97 3663 205 3707 ''wa''
274 3629 444 3775 bdjutores
464 3708 539 3775 crgo
568 3695 664 3752 totius
685 3693 822 3774 generis,
854 3692 922 3752 Deo
951 3714 1011 3775 pro
1034 3688 1127 3753 nobis
1143 3689 1352 3773 supplicatio-

272 3798 326 3838 nes
388 3779 574 3861 orrigentcs,
609 3796 673 3835 nou
702 3774 879 3836 honorandi
909 3776 1005 3837 suntl
1045 3790 1128 3837 certe
1159 3772 1350 3835 honorandi.

271 3798 400 3945 Templa
425 3881 442 3921 a
471 3859 562 3921 nobis
597 3859 665 3920 Deo
698 3859 844 3944 erigenda
872 3873 945 3921 sunt
974 3864 1006 3921 in
1030 3862 1169 3944 ipsorum
1204 3859 1350 3920 nomine:

194 3954 197 3959 '
272 3946 394 4006 fructus
415 3943 563 4005 efferendi
589 3943 715 4004 illorum
731 3947 908 4005 memoriam
929 3944 1162 4016 venerantibus,
1194 3956 1226 4004 et
1243 3945 1275 4003 in
1301 3944 1352 4025 ip-

270 4032 312 4091 sis
336 4027 522 4089 laetantibus
541 4029 674 4109 spiritu,
699 4041 736 4089 ut
761 4031 891 4111 propria
913 4032 1122 4090 invocantium
1143 4027 1259 4089 laetitio
1284 4025 1349 4103 liat,

271 4133 387 4175 nenos
408 4131 472 4171 non
494 4109 597 4172 colere
617 4115 735 4188 tentati,
759 4133 943 4194 econverso
964 4116 1049 4197 ipsos
1069 4115 1237 4174 irritemus.
1269 4110 1350 4173 Nan

270 4196 326 4273 iis,
348 4217 366 4258 a
388 4194 503 4280 quibus
536 4195 645 4255 DEUS
672 4196 803 4273 colitur,
838 4209 870 4257 et
892 4197 961 4277 ejus
979 4199 1059 4260 servi
1074 4197 1293 4259 delectenturr
1317 4205 1351 4255 et

271 4301 353 4367 qnos
381 4280 515 4367 despicit
542 4279 645 4360 Deus,
679 4292 712 4342 et
730 4280 799 4365 ejus
820 4280 1001 4367 despiciunt
1019 4281 1173 4347 clientes..
1198 4281 1236 4344 ln
1264 4274 1351 4366 psel-
