2768 4762
414 368 801 435 DECALOGQ
850 334 857 347 ⁸
952 342 954 353 '
1071 375 1147 447 ηπ

129 535 132 539 ’
158 576 189 632 2.
236 555 348 620 IDEM
366 552 557 640 Augustinus
577 556 608 616 in
622 554 702 618 Psnl.
718 553 861 617 CXVIII.
887 573 975 618 eone.
997 565 1046 624 ns
1071 551 1149 617 Om-

69 649 121 716 nis
148 647 247 710 homo
275 655 321 702 est
348 646 431 702 omni
458 640 575 702 homini
602 643 779 723 proximus:
807 662 864 699 nee
893 640 958 700 ulla
984 639 1146 722 cogitanda
1159 652 1241 714 0⁸2an
1253 653 1325 694 nom

77 749 125 799 eat
141 729 353 814 longinquitas
374 727 513 807 generis,
550 723 605 784 nbi
629 738 674 784 est
692 737 801 783 natura
819 724 1004 785 communis:
1038 744 1148 804 quam·
1159 717 1201 756 “⁰
1204 717 1283 744 ''''''

80 839 170 902 quam
205 834 262 874 nee
292 814 466 893 proximum
504 819 654 883 noverat,
695 811 750 889 qni
777 810 912 869 Domino
935 812 994 868 ait:
1017 807 1059 867 Et
1078 811 1147 889 quis

77 916 124 965 est
149 898 225 961 mihi
261 892 444 977 proximus?
472 892 596 973 quando
618 891 661 950 illi
689 905 733 951 est
761 895 941 974 propositus
961 891 1055 952 homo
1076 893 1297 973 qui-hem

77 986 165 1061 dum,
189 982 245 1063 qui
269 976 456 1038 descendens
472 976 510 1036 nb
531 976 719 1036 Hierusalem
743 978 773 1035 in
795 976 952 1052 lliericho,
983 976 1093 1036 incidit
1115 979 1148 1036 in

77 1070 239 1140 lamones,
275 1065 326 1123 eui
345 1064 519 1146 proximum
537 1081 600 1121 nou
626 1062 742 1137 inisse,
767 1062 825 1118 nisi
849 1063 902 1141 qni
933 1081 1003 1118 eum
1025 1061 1081 1120 illo
1101 1060 1149 1120 fe-

76 1157 121 1216 cit
144 1144 407 1217 misericordium,
435 1146 499 1227 ipse
525 1147 578 1226 qui
607 1146 865 1227 interrogaverat,
897 1144 1069 1224 judicavit:
1090 1165 1148 1227 pa-

76 1240 224 1319 tuitque,
266 1230 305 1290 iu'
328 1229 467 1290 iacienda
497 1229 708 1289 misericordia
742 1231 890 1287 neminem
920 1227 1051 1287 alienum
1084 1248 1148 1289 ease

76 1319 255 1407 putandum
279 1313 319 1375 ab
347 1335 405 1390 eo,
438 1315 491 1394 qui
523 1313 624 1396 diligit
643 1314 826 1395 proximum.
880 1312 921 1370 Et
941 1324 1148 1393 postpauca:

77 1419 115 1467 ut
142 1406 273 1465 sciemus
302 1396 430 1481 diligere
460 1398 583 1472 Deum,
614 1397 756 1455 sciendus
785 1409 830 1455 est
844 1394 950 1455 Dens:
973 1407 1003 1455 et
1019 1407 1055 1454 ut
1074 1397 1150 1456 sciat

78 1488 176 1550 bomo
207 1484 335 1566 diligere
367 1482 541 1563 proximum
571 1495 725 1560 tamquam
752 1501 783 1540 se
807 1483 923 1561 ipsum,
954 1481 1041 1564 prius
1058 1477 1151 1538 debet

79 1569 241 1656 diligendo
276 1568 375 1625 Deum
401 1564 529 1646 diligere
561 1585 592 1624 se
618 1567 729 1646 ipsum.
792 1565 887 1639 Quod
915 1563 997 1623 unde
1033 1564 1151 1646 poterit

80 1659 181 1732 seire,
209 1655 235 1712 si
257 1652 354 1711 nescit
374 1651 492 1724 Deum,
521 1650 546 1706 si
568 1652 663 1710 nescit
675 1662 706 1708 et
724 1669 755 1707 se
784 1647 908 1730 ipsum?

168 1750 198 1805 3.
238 1735 292 1795 ΕΤ
320 1754 408 1793 serm.
433 1745 483 1798 53.
520 1733 558 1791 de
580 1746 695 1815 temp.:
723 1733 756 1791 si
776 1733 856 1792 sorte
886 1731 1033 1813 quislibet
1055 1749 1150 1812 quae-
1162 1745 1324 1805 mosminse.

86 1834 154 1898 rat,
189 1820 254 1902 quis
279 1820 319 1879 sit
352 1819 529 1900 proximus,
565 1819 657 1894 sciat,
686 1838 804 1877 omnem
826 1815 1034 1877 Christianum
1067 1802 1325 1887 rectelffssssdlln‘iill

87 1906 254 1990 proximum
287 1903 370 1977 dici,
403 1904 476 1981 qnia
507 1922 609 1963 omnes
637 1904 667 1961 in
689 1901 842 1983 baptismo
855 1900 913 1959 lilii
936 1901 995 1960 Dei
1011 1895 1194 1968 sanctifi-ri·

84 2010 205 2066 camur,
241 2000 274 2049 ut
309 1985 419 2045 fratres
449 1987 540 2045 simus
575 1985 756 2068 spiritaliter
782 1989 813 2044 in
831 1988 970 2053 ¹caritate
999 1984 1147 2065 perlecta.

80 2073 225 2135 Nobilior
246 2085 293 2134 est
324 2073 482 2154 generatio
505 2071 651 2153 spiritalia
675 2092 766 2153 quam
787 2069 935 2145 earnalis,
968 2069 1090 2149 deque
1116 2071 1148 2127 iu
1191 2116 1195 2125 ,
1345 2143 1348 2148 ⁴

79 2158 245 2243 Evangelio
276 2158 342 2238 ipsa
365 2157 475 2215 veritas
500 2159 558 2217 nit:
580 2156 645 2215 Nisi
668 2159 737 2237 quis
758 2169 881 2215 renatus
903 2153 999 2213 suerit
1017 2173 1051 2212 ex
1069 2157 1301 2234 aqualata-nt·

78 2254 136 2302 eto.
195 2242 258 2317 Qui
287 2251 386 2298 autem
407 2238 510 2297 taliter
534 2239 705 2321 intelligens
731 2245 906 2320 proximum
942 2239 1060 2321 diligit,
1083 2239 1150 2297 sine

54 2334 57 2339 '
76 2324 187 2385 dubio'
204 2332 362 2381 caritatem
378 2339 482 2395 verum
505 2323 536 2377 in
564 2334 657 2381 semet
675 2324 744 2403 ipso
767 2323 891 2381 tenebit.

167 2418 197 2469 4.
240 2401 343 2473 ITEM
370 2400 466 2461 Serus.
499 2414 547 2466 50.
571 2402 608 2458 de
636 2415 746 2482 temp.:
778 2405 828 2462 Sic
859 2416 959 2462 nutem
976 2404 1149 2486 diligendus
1187 2408 1297 2449 hiem·

79 2501 131 2549 est
160 2485 322 2554 inimicus,
357 2499 420 2538 non
449 2482 482 2538 in
518 2493 666 2560 quantum
690 2486 849 2555 inimicus,
881 2487 933 2545 sed
950 2491 980 2543 in
1001 2501 1150 2564 quantuni
1163 2465 1278 2560 lilim
1292 2456 1328 2498 fl*

79 2573 182 2633 homo
217 2577 287 2641 est,
320 2573 356 2623 ut
384 2563 410 2620 ei
438 2561 499 2622 boe
525 2563 600 2621 velis
623 2567 808 2643 provenire,
837 2567 1013 2646 quodtibi,
1041 2570 1072 2627 id
1095 2581 1151 2644 est,

80 2667 122 2714 ut
149 2650 188 2711 ad
213 2668 337 2735 regnum
356 2658 514 2707 correctus
533 2658 754 2728 revocatusque
779 2649 947 2730 perveniat.
989 2648 1151 2712 Proximus

81 2751 132 2799 est
157 2747 256 2797 autem
284 2730 507 2792 omnishomo.
551 2731 664 2792 Omnes
687 2734 818 2813 proximi
847 2751 951 2794 sumus
974 2733 1153 2795 conditione
1165 2759 1329 2800 amussim

82 2836 226 2884 terrenae
255 2816 421 2876 nativitatis
445 2827 475 2874 et
504 2815 717 2892 mortalitatis,
754 2830 784 2876 et
813 2819 902 2875 etiarn
929 2838 984 2901 spe
1018 2809 1329 2878 caelestia⁰”¹'¹⁸⁵⁰¹²¹⁰·

83 2903 303 2968 baereditatis:
345 2903 418 2981 quia
444 2905 591 2961 nescimus
606 2944 615 2977 ,
629 2903 633 2913 '
648 2903 719 2982 quis
745 2900 821 2981 quid
841 2902 965 2961 futurus
985 2903 1046 2978 sit,
1072 2922 1155 2981 quo-

84 2992 168 3050 niam
201 2998 255 3046 ant
282 2985 410 3067 judaeus
443 3000 497 3046 aut
524 2986 694 3048 haereticus
713 2999 767 3046 aut
793 3006 950 3069 paganus:
973 2986 1055 3045 sorte
1075 2987 1154 3046 enim

85 3093 143 3157 per
163 3069 403 3130 misericordiam
424 3069 483 3130 Dei
505 3083 703 3132 convertetur
723 3070 762 3131 ad
786 3071 895 3149 Deum,
921 3082 952 3131 et
973 3071 1156 3130 interaane-
1233 3074 1239 3091 ⁸

88 3168 138 3217 toa
159 3175 294 3240 primum
327 3152 431 3214 locum
453 3154 568 3217 habere
593 3153 772 3216 merebitur.

594 3380 661 3458 111.

274 3570 385 3671 Quot
417 3581 511 3646 sunt
539 3537 716 3647 caritatis
740 3561 987 3681 praecepta?

189 3749 233 3821 A.
284 3751 370 3824 Duo
391 3749 550 3849 quidem
565 3752 786 3839 summaria,
819 3779 975 3852 quorum
998 3751 1156 3851 primurn
1239 3765 1243 3770 '

90 3866 138 3944 ‘1⁰
172 3867 363 3970 diligen&
395 3877 499 3962 ⁰⁶02
540 3878 595 3949 ⁸1⁰
630 3880 691 3949 ¹in
722 3880 837 3950 reteri
872 3900 1041 3972 novaque
1068 3871 1331 3969 legaffiffi'ggvg

90 3997 336 4094 proponitur:
364 4001 506 4095 Diliges
527 4003 737 4072 Dominum
756 4004 879 4072 Deum
905 4011 1017 4070 tuum
1038 4021 1084 4069 ex
1099 3975 1333 4070 sublidit:

1167 4087 1206 4115 eae
1229 4078 1316 4117 1002?-

92 4125 131 4188 to
160 4119 270 4188 eorde
305 4130 393 4204 tuo,
422 4131 459 4192 et
488 4145 536 4193 ex
561 4133 642 4194 totu
662 4125 794 4194 anima
818 4132 910 4207 tun,
937 4131 973 4193 et
1001 4142 1049 4192 ex
1075 4129 1152 4192 tota
1167 4119 1334 4214 2222?ssssss

85 4249 330 4329 mentetua,
370 4249 408 4311 et
431 4264 480 4313 ex
500 4247 671 4317 omnibus
696 4246 833 4317 viribus
852 4245 938 4317 tuis.
990 4247 1072 4314 Hoc
1103 4251 1155 4313 est
1167 4228 1187 4266 ²·
