2768 4762
441 368 775 446 sruuouo.
1101 386 1154 461 ω

83 588 151 632 cro·
177 575 278 627 autam
311 582 369 625 vos
399 561 513 626 fratres
536 580 596 645 per
622 579 737 622 nomen
765 558 892 622 Domini
921 564 1024 625 nostri
1054 561 1154 628 JESU

82 672 256 750 omum
279 681 318 731 ut
331 668 365 729 id
386 664 488 755 ipsuni
509 665 621 727 dicatis
644 674 769 743 omnes,
793 679 823 728 et
840 686 905 729 non
930 670 993 731 sint
1017 671 1153 736 iuvabis

78 779 258 843 aebisuaatm
280 776 347 837 sitis
367 786 468 837 autem
482 771 614 860 perfecti
630 774 664 835 in
687 773 796 835 eodem
817 794 923 855 sensu,
946 788 977 840 et
994 779 1028 842 in
1047 777 1153 844 cadem
1207 786 1210 793 '

77 886 241 950 sententia.
276 884 282 889 ’

164 1014 305 1080 LCor.
325 1012 416 1075 xla:
437 1011 527 1076 Sient
544 1034 661 1099 corpus
681 1034 780 1076 unum
798 1006 875 1093 est,
893 1015 1074 1080 etmambra
1093 1018 1153 1082 lra-
1275 982 1281 1001 ι

79 1127 135 1188 bet
150 1123 275 1202 multa,
304 1121 407 1182 omnia
424 1131 528 1181 autem
553 1121 690 1183 membra
706 1125 852 1204 corporis
875 1142 943 1183 eum
960 1125 1022 1186 sint
1044 1125 1151 1206 multa,

79 1254 179 1295 unum
204 1244 306 1293 umen
334 1247 451 1311 corpus
475 1242 566 1290 sunt:
597 1232 641 1290 ita
667 1242 698 1291 et
717 1224 925 1288 CHRISTUS.
966 1230 1091 1292 Etenim
1117 1237 1152 1295 in
1257 1246 1259 1250 ⁴

78 1362 145 1403 uuo
165 1340 281 1422 spiritu
297 1356 403 1398 omnes
420 1355 479 1394 nos
501 1336 533 1394 iu
554 1355 651 1395 unum
667 1353 784 1418 corpus
800 1330 949 1415 baptisati
967 1355 1088 1413 sumus,
1109 1340 1153 1400 ti-

77 1468 116 1510 re
136 1444 266 1522 ludaei,
287 1444 351 1505 sive
374 1438 533 1516 Gentiles,
557 1442 620 1500 sira
633 1442 735 1517 servi,
762 1440 826 1500 siva
852 1437 958 1500 liberi:
991 1453 1024 1503 et
1047 1463 1152 1506 omncs

62 1532 113 1616 ⁴im
140 1573 206 1613 uno
238 1549 353 1632 spiritu
380 1547 482 1629 potati
511 1566 648 1607 sumus..
679 1545 723 1608 Et
749 1544 847 1628 paulo
868 1557 958 1627 posta
988 1546 1049 1607 Sed
1067 1548 1153 1610 Deus

77 1657 263 1741 temperavit
286 1672 419 1735 eorpus,
442 1655 494 1730 ei,
516 1655 566 1712 eui
589 1650 715 1730 decrat,
736 1649 998 1712 abundantiorem
1010 1651 1154 1715 tribuen-

69 1765 126 1825 vdo
138 1762 301 1836 bonorem,
313 1771 423 1820 utnon
441 1726 483 1820 sit
494 1757 666 1820 scbismain
679 1778 816 1843 corpore
824 1800 835 1836 ,
857 1756 912 1820 sad
934 1757 967 1820 id
980 1761 1082 1844 ipsum
1091 1779 1153 1844 pro

77 1871 209 1933 invicem
237 1866 359 1930 solicita
394 1868 456 1929 sint
485 1865 631 1929 mambra.
678 1864 722 1929 Et
751 1867 778 1927 si
807 1864 886 1950 quid
909 1870 1031 1951 patitur
1055 1886 1153 1935 uniam

74 1975 263 2051 membrum,
285 1977 519 2058 compatiuntur
533 1975 637 2035 omniu
659 1972 821 2037 mambrae
850 1977 915 2037 sive
937 1973 1097 2059 gloriatur
1111 1995 1151 2039 u-

71 2103 148 2144 num
175 2079 366 2162 membrum,
401 2079 599 2167 congaudent
629 2083 732 2143 omnia
764 2079 912 2144 membra.
955 2080 1023 2144 Vos
1042 2078 1147 2146 autam

74 2192 144 2251 catis
163 2209 279 2273 corpus
302 2186 437 2266 Christi,
471 2200 504 2250 et
529 2185 667 2281 membra
684 2185 724 2249 ds
745 2186 896 2252 membro.
932 2188 976 2250 Et
992 2189 1146 2275 quosdam

72 2296 197 2378 quidem
215 2286 324 2379 posuit
339 2295 424 2355 Deus
443 2296 476 2354 in
499 2294 658 2373 Ecclesia,
679 2296 816 2378 primum
836 2293 1010 2380 Apostolos
1028 2310 1087 2362 ete.
1123 2286 1131 2313 ³

156 2400 244 2484 Eph
255 2419 305 2459 es.
327 2397 403 2458 Νι
425 2398 548 2460 Solieiti
568 2421 692 2463 servare
708 2401 859 2462 unitatem
876 2403 1006 2484 spiritns
1024 2407 1057 2466 in
1073 2408 1143 2469 riu·
1166 2393 1169 2397 ’
1237 2414 1241 2422 “

68 2507 146 2569 culo
180 2505 276 2589 pacis.
331 2503 434 2562 Unum
459 2522 574 2587 corpus
603 2501 636 2566 et
666 2525 746 2565 uuus
764 2506 912 2588 spiritus,
941 2510 1022 2571 sicut
1039 2517 1143 2575 vocati

65 2615 143 2676 estis
174 2612 208 2671 in
234 2629 294 2671 uua
323 2629 378 2694 spe
407 2612 580 2672 vocationis
599 2621 728 2672 vestrae.
779 2610 866 2670 Unus
888 2611 1060 2695 Dominus,
1080 2638 1143 2693 una

65 2719 169 2795 tides,
200 2737 295 2777 unum
321 2714 493 2801 baptisma,
525 2737 605 2778 unus
622 2716 709 2779 Deus
733 2727 764 2777 et
784 2726 874 2800 pater
893 2721 1054 2800 omnium,
1088 2729 1143 2806 qui

66 2839 114 2887 est
139 2844 236 2908 super
260 2844 365 2886 omnes
389 2836 422 2885 et
452 2845 517 2909 par
535 2827 638 2887 omnia
656 2838 687 2888 at
704 2827 736 2888 in
758 2828 902 2892 omnibus
919 2827 1021 2890 uobis.
1064 2828 1143 2890 Uni·

66 2934 182 3014 cuique
207 2941 310 2992 autem
333 2944 477 2993 nostrum
495 2931 580 2996 data
598 2945 644 2995 est
660 2937 761 3019 gratia
784 2938 954 3002 secuudum
968 2957 1142 2999 mensuram

64 3040 245 3102 donationis
276 3037 451 3100 CHRISTI.

43 3134 46 3141 ’
155 3145 190 3206 (2
233 3143 393 3228 Epiros-s
415 3145 476 3207 Va
509 3146 596 3226 Viri,
631 3146 753 3234 diligite
773 3170 884 3212 uxores
901 3162 1038 3230 uestras,
1058 3153 1140 3213 sieut

64 3263 99 3314 et
121 3250 318 3313 CHRISTUS
349 3252 457 3314 dilexit
477 3251 670 3332 Ecclesiam,
706 3268 737 3318 et
756 3278 788 3319 se
811 3244 913 3341 ipsum
927 3256 1057 3319 tradidit
1078 3280 1137 3341 pro

59 3381 117 3437 ea,
136 3348 183 3421 'ot
210 3357 295 3421 illam
317 3357 544 3438 sanctificaret,
565 3359 717 3423 mundans
738 3384 804 3425 eam
832 3363 956 3425 lavacro
984 3386 1083 3447 aquae
1104 3368 1137 3427 in

58 3465 162 3531 verbo
190 3469 291 3546 vitae,
325 3481 365 3529 ut
393 3467 554 3530 exhiberet
581 3468 648 3551 ipae
680 3467 740 3530 sibi
760 3470 928 3554 gloriosam
948 3472 1135 3551 Ecclesiam,

57 3596 125 3637 non
146 3573 313 3636 habentem
326 3576 501 3653 maculam,
524 3587 579 3636 aut
600 3595 727 3659 rugam,
755 3591 810 3640 aut
830 3578 948 3661 aliquid
968 3566 1137 3664 hujusmo-

20 3674 23 3679 ’
56 3681 110 3761 ili,
132 3682 189 3745 scd
211 3694 248 3743 ut
267 3685 309 3744 sit
327 3695 431 3744 sauma
456 3695 488 3745 et
509 3682 712 3743 immaculata.

141 3791 261 3852 Cant.
292 3789 364 3851 1V.:
390 3789 471 3852 Tota
509 3788 643 3874 pulchra
676 3810 707 3852 es
731 3794 829 3853 amica
847 3812 930 3871 mea,
967 3804 999 3853 et
1014 3794 1134 3854 macula

60 3916 124 3958 non
143 3910 193 3959 cst
219 3899 252 3957 in
273 3909 315 3958 te.
847 3905 849 3909 ’

137 4002 379 4068 1.Patr.11.=
402 4000 469 4067 Vos
493 4018 595 4067 autem
622 4025 716 4090 genus
731 4003 879 4084 electum,
898 4005 1000 4091 regala
1026 4026 1130 4067 sacer-

55 4108 200 4190 dotium,
240 4132 314 4198 gaus
348 4123 474 4188 sancta,
505 4097 645 4196 populus
668 4115 978 4196 acquisitionis,'ut
997 4114 1127 4174 virtutes

52 4220 246 4283 anomaeos
268 4219 355 4303 ejus,
377 4219 434 4301 qui
458 4217 498 4280 dc
526 4218 663 4282 tenebris
680 4240 736 4284 vos
758 4222 879 4283 vocavit
905 4224 936 4282 in
959 4218 1129 4282 admirabi-
