2752 4770
232 356 314 433 tta
482 342 1044 417 renascereris

233 540 304 601 Deo
326 536 456 621 puniri,
470 546 520 603 'et
537 535 683 619 deinceps
702 531 885 595 sacerdotali
901 554 1030 617 qunque
1048 536 1116 596 lrac
1142 533 1311 619 implacibi·

234 624 307 687 liter
329 621 498 705 subjacere.
530 620 565 681 si
595 618 769 681 causidicus
793 619 904 695 luerit,
934 620 1186 701 irreparabiliter
1200 644 1307 683 causam

237 710 376 769 omittet:
411 706 444 766 Si
466 706 600 764 rusticus
629 714 683 763 aut
705 723 833 778 servus,
866 703 1064 787 gravioribus
1089 704 1230 764 fustium
1250 710 1304 767 icti·

237 791 299 853 hus
321 787 555 851 verberabitur=
585 787 618 849 si
640 788 770 847 clericus
793 801 847 848 aut
868 784 1061 869 mhnachus,
1081 789 1251 851 mensibus
1268 814 1307 852 sax

238 896 258 937 a
280 877 441 937 consortio
462 872 670 954 suspendetur
689 871 832 931 fratrum.

321 972 351 1026 a.
381 956 625 1020 ·CONClLthl
648 956 796 1041 Mogont.
826 956 885 1017 sub
914 955 1017 1019 Carol-
1044 959 1090 1018 Μ.
1114 956 1235 1019 celebr.
1254 980 1308 1021 cau

240 1056 309 1111 aaa
332 1044 440 1103 Festos
464 1041 528 1100 dies
551 1042 583 1098 in
603 1060 687 1101 anno
703 1038 866 1100 celebrare
884 1046 1048 1119 sancimus,
1071 1041 1138 1103 hoc
1160 1056 1219 1121 est,
1242 1044 1306 1105 ἀίω

238 1127 439 1187 Dominicum
459 1123 612 1203 Paschae,
640 1144 710 1187 cum
730 1125 814 1185 omni
835 1124 958 1187 honore
978 1139 1010 1188 et
1030 1125 1208 1188 sobrietate
1230 1150 1306 1189 rene

239 1213 314 1273 rari.
368 1208 468 1269 Simili
488 1209 583 1270 modo
608 1220 677 1271 toti
698 1206 893 1271 hebdomada
914 1209 968 1271 illa
988 1209 1154 1271 observari
1182 1213 1306 1273 decad·

239 1316 330 1371 mus,
356 1294 440 1354 diem
469 1290 824 1355 Ascensiouie'·'Dcmini
853 1292 986 1377 pleniter
1017 1295 1192 1356 celebrare.
1245 1299 1305 1357 ltem

239 1380 443 1439 Pentecosten
465 1375 621 1453 similiter,
642 1388 679 1439 ut
698 1378 732 1436 in
753 1377 890 1455 Pascha,
913 1382 944 1437 in
967 1379 1060 1438 natali
1088 1380 1305 1462 Apostolorum

238 1464 326 1525 Petri
350 1476 381 1523 et
401 1461 491 1522 Pauli
512 1461 594 1522 diem
613 1481 726 1535 unum,
748 1461 941 1523 Nativitatem
963 1466 1062 1523 sancti
1086 1465 1218 1525 loannis
1239 1466 1306 1549 Bap-

239 1549 347 1623 tistae,
375 1546 623 1628 Assumptiouetn
651 1558 775 1609 saumae
795 1548 927 1623 Mariae,
959 1548 1202 1609 Dedicationem
1223 1552 1301 1610 uncti

239 1630 417 1707 Michaelis,
450 1630 581 1691 natalem
613 1633 715 1692 sancti
745 1631 897 1714 Remigii,
924 1634 1022 1692 sancti
1044 1633 1200 1712 Martini,
1223 1635 1298 1695 sancti

239 1715 400 1792 Andreae,
422 1717 454 1775 in
478 1708 579 1775 Natali
602 1717 728 1776 Domini
751 1714 816 1776 dies
838 1729 995 1798 quatuor,
1019 1729 1150 1778 octavas
1171 1719 1296 1792 Domini,

240 1800 446 1884 Epiphaniam
469 1800 618 1877 Domini,
639 1796 894 1862 Purificanonem
915 1814 1037 1860 sanctae
1061 1804 1199 1879 Mariae,
1224 1816 1253 1863 et
1270 1802 1297 1862 il·

240 1883 286 1944 las
316 1886 495 1945 listivitates
516 1896 686 1960 martyrum
707 1883 755 1943 rel
783 1885 995 1945 consessorum
1018 1884 1188 1948 observare
1207 1888 1299 1947 decre·

239 1970 360 2044 vimus,
384 1988 520 2049 quorum
542 1972 574 2028 in
596 1988 781 2051 unaquaque
802 1968 953 2051 parochia
974 1982 1085 2029 sancta
1107 1990 1233 2055 corpor:
1250 1990 1294 2027 re·

240 2054 415 2131 quiescunt.
458 2052 606 2113 Similiter
628 2055 718 2114 etiem
740 2051 964 2113 dedicationem
988 2055 1109 2136 templi.

327 2148 355 2203 4.
400 2136 505 2194 ITEM
534 2156 599 2196 cau.
621 2150 696 2205 διε
728 2137 841 2197 Omnes
862 2136 927 2197 dies
948 2138 1206 2199 Dominicoscnm
1225 2154 1291 2195 om-

240 2220 273 2279 ni
294 2221 492 2280 veneratione
512 2220 704 2283 decrevimus
725 2220 898 2296 observare,
920 2235 950 2282 et
973 2244 990 2282 a
1014 2222 1112 2282 seruili
1131 2240 1217 2304 opere
1235 2218 1289 2277 ab·

240 2305 378 2379 stinerc,
411 2316 443 2364 et
471 2316 506 2365 ut
535 2319 687 2365 mercatus
708 2319 739 2364 tn
761 2308 803 2367 eis
826 2308 948 2366 minime
970 2309 1035 2382 sit,
1071 2328 1124 2367 nec
1141 2305 1268 2390 placitum
1276 2346 1287 2379 ,

240 2386 296 2447 ubi
320 2388 432 2468 aliquis
455 2389 494 2447 ad
517 2404 646 2449 mortem
668 2389 717 2448 vel
739 2391 777 2449 nd
799 2411 918 2473 paenam
939 2392 1114 2471 judicetur.
1226 2420 1230 2427 ·

66 2492 229 2584 praegustat
324 2487 353 2539 5.
398 2472 627 2534 CONCILIUM
649 2474 774 2534 Tribus.
797 2475 856 2533 sub
880 2473 1035 2557 Arnulph.
1061 2476 1140 2558 lmp.
1162 2495 1224 2536 cau.
1239 2484 1291 2539 35³·

66 2558 416 2724 amatntlt
433 2557 1295 2725 tatllzurnlnttun:ssansteten

66 2691 206 2783 ldl’ll‘alls'.
238 2727 386 2788 secularis
418 2728 527 2788 diebus
556 2729 727 2788 Dominicis
760 2727 807 2787 vel
837 2727 1022 2788 Sanctorum
1056 2730 1091 2786 in
1127 2730 1234 2802 lestis,
1256 2744 1291 2783 seu

239 2813 497 2894 Quadragesimae
524 2824 578 2872 aut
598 2813 807 2893 jejuniorum,
840 2811 989 2897 placitum
1010 2811 1147 2871 habere:
1183 2812 1294 2872 Sednec

237 2896 390 2981 populum
412 2896 468 2958 illo
490 2909 665 2979 praesumat
686 2903 849 2974 coercere,
872 2899 942 2977 quia
965 2897 1037 2955 inde
1061 2899 1212 2958 irascitur
1226 2898 1296 2966 Dens,

238 3003 307 3042 cum
336 2994 456 3041 tantum
487 3002 544 3041 sno
577 2994 683 3041 sancto
710 2983 835 3041 servitio
861 2981 953 3041 debet
974 2979 1118 3062 populus
1143 2980 1297 3049 desudate,

63 3087 209 3147 spinetorum
237 3068 410 3126 inveniatur
440 3066 508 3126 lites
539 3078 570 3126 et
599 3068 811 3127 contentiones
834 3066 1038 3146 frequentare.
1096 3066 1224 3127 Diebus
1241 3082 1296 3123 rere

64 3136 121 3183 ‘¹⁸⁰⁸
235 3151 409 3212 Dominicis
432 3163 462 3211 et
486 3150 670 3209 Sanctorum
691 3150 794 3225 festis,
825 3151 937 3233 vigiliis
959 3162 988 3208 ct
1013 3150 1220 3211 orationibus
1240 3148 1297 3209 imi·

235 3235 399 3310 stendum,
433 3247 464 3294 et
492 3235 532 3295 ad
559 3237 665 3295 Missas
695 3234 823 3295 cuilibet
845 3234 1022 3294 Christiano
1045 3254 1116 3291 cum
1144 3232 1299 3293 oblationi·

234 3319 293 3381 bus
317 3332 363 3380 est
385 3319 594 3399 currendum,
615 3332 646 3379 ct
666 3319 880 3379 tantummodo
901 3318 989 3378 1)Εο
1013 3322 1204 3382 vacandum.
1241 3318 1300 3375 Die·

234 3402 294 3464 bus
327 3404 585 3487 Quadragesimae
615 3415 646 3464 et
671 3404 882 3483 jejuniorum,
915 3422 1029 3461 stimnta
1065 3402 1241 3464 devotione
1265 3402 1301 3479 je·

234 3488 426 3568 junandum,
450 3501 482 3548 ct
502 3490 585 3548 omni
607 3490 777 3547 intentione
798 3502 843 3547 cst
871 3487 1043 3555 orandum,
1069 3499 1169 3566 atque
1193 3485 1302 3546 unicui-

236 3592 297 3653 que
317 3592 376 3654 pro
399 3571 596 3633 facultatibus
618 3576 679 3632 suis
701 3571 908 3647 elcemosynae
930 3568 1137 3645 tribuendae,
1162 3585 1194 3630 et
1215 3568 1303 3630 nullae

63 3662 165 3711 tiu-ss.
179 3668 199 3708 ι
234 3653 373 3715 lites-vel
395 3659 608 3718 contentiones
627 3654 797 3715 habendae.
825 3657 938 3738 Arguit
960 3657 1038 3712 enim
1063 3674 1129 3727 cos,
1157 3659 1215 3736 qui
1238 3675 1305 3713 casii·

55 3734 60 3741 ’
234 3743 387 3800 tentiones
411 3753 442 3801 et
462 3741 529 3801 lites
551 3752 691 3822 tempore
712 3742 919 3821 jejuniorum,
942 3740 1045 3818 etqui
1069 3759 1088 3797 a
1111 3739 1305 3799 debitoribus·

235 3822 339 3883 debita
363 3828 506 3909 exigunt,
537 3826 690 3884 Dominus
711 3845 768 3907 pcr
793 3823 995 3906 prophetam,
1019 3822 1149 3882 dicens:
1176 3825 1258 3883 Ecce
1281 3826 1306 3879 in

234 3905 342 3966 dicbus
363 3910 556 3988 jejuniorum
585 3922 756 3969 vestrorum
779 3910 935 3967 invenitur
957 3907 1097 3966 uoluntas
1129 3922 1256 3979 vestra,
1282 3916 1307 3963 et

233 4012 337 4050 omnes
359 3993 516 4054 debitores
542 4007 659 4054 vestros
682 3995 838 4075 repetitis:
862 3993 942 4050 Ecce
964 3990 1003 4050 ad
1026 3990 1095 4051 lites
1113 4004 1155 4052 ct
1179 4004 1306 4056 conten-

232 4077 332 4136 tiones
354 4077 523 4154 jejunatis,
545 4090 576 4137 et
594 4078 757 4159 percutitis
778 4096 895 4158 pugno·
912 4078 1012 4158 impie.

231 4244 255 4307 h
314 4158 874 4245 o,IGNATwsinep.ad1’hi1ip.=
905 4162 978 4221 Dies
1001 4161 1097 4221 l'estos
1128 4158 1234 4221 nolite
1261 4162 1305 4218 in-

255 4260 399 4308 onerare.
