2768 4762
280 396 283 401 ’
380 350 796 468 'nncauoco
1014 378 1171 481 aas

63 605 199 658 sanctam
221 591 342 650 iconam
362 586 489 651 Domini
512 589 673 653 salvatoris
696 588 793 650 eidem
809 587 1062 668 demonstrantes,
1086 613 1143 653 an-

66 679 292 740 nunciaverunt
321 687 451 751 cuncta,
483 697 563 757 quae
595 676 627 735 in
649 696 683 735 ea
701 688 923 736 exercuerant:
955 688 986 736 et
1009 672 1142 758 qualiter

68 765 109 825 ab
135 765 197 829 ictu
224 759 346 821 lanceae
367 761 488 842 sanguis
518 773 559 821 et'
576 780 656 841 aqua
685 760 835 821 emanavit
858 781 893 820 ex
916 760 1011 822 latere
1031 763 1140 843 ipsius,

68 867 202 910 necnon
224 855 255 905 et
278 845 315 903 de
335 842 530 906 mirabilibus
551 842 590 904 ab
613 864 651 904 ea.
669 845 797 906 ostensis
814 845 873 926 ipsi
896 845 1073 907 retulerunt
1085 866 1141 928 per

69 932 218 994 ordinem.
269 927 327 989 Ille
358 949 435 989 vero
468 927 697 1011 interrogabat,
737 927 872 1010 qualiter
900 931 990 992 icona
1013 933 1079 1012 ipsa
1101 928 1141 990 ab

68 1020 112 1077 eis
133 1016 242 1075 fuisset
262 1025 394 1095 reperta,
418 1015 495 1072 etsi
517 1013 556 1073 ab
581 1013 687 1096 aliquo
711 1034 777 1074 eam
799 1015 995 1097 accepissent.
1038 1013 1081 1074 At
1101 1013 1143 1074 il-

67 1101 88 1161 li
113 1100 289 1162 retulerunt
312 1099 357 1173 ei,
397 1097 483 1177 quod
518 1098 643 1180 quidam
667 1095 854 1158 Christicolae
873 1118 932 1180 per
952 1096 1142 1159 oblivionem

67 1189 99 1247 in
138 1181 250 1245 cellula
284 1202 455 1264 synagogae
483 1184 623 1266 proxima
656 1183 820 1242 dimisisset
848 1181 976 1241 eandem
1009 1184 1140 1261 iconam,

68 1271 143 1331 dum
160 1290 192 1328 se
213 1267 251 1326 ad
273 1265 367 1325 alium
392 1265 497 1325 locum
518 1267 701 1327 transferret
722 1264 904 1349 hospitandi
926 1267 1031 1349 gratia.
1076 1266 1141 1342 Qui

66 1356 169 1416 statim
197 1351 328 1432 jubetur
352 1351 486 1431 inquiri:
521 1363 552 1411 et
573 1363 731 1434 repertus,
766 1351 798 1409 in
818 1352 993 1434 praesentia
1013 1350 1141 1411 Domini

65 1436 304 1520 Metropolitani
324 1436 479 1498 statuitur.
524 1435 663 1516 Cumque
684 1433 723 1495 ab
745 1455 782 1495 eo
803 1434 1027 1495 studiosissime
1062 1434 1142 1494 suis—

65 1537 113 1584 set
146 1525 375 1602 interrogatus,
410 1519 570 1599 quomodo
600 1520 694 1579 icona
714 1518 796 1617 apud
818 1539 850 1580 se
872 1517 1064 1595 devenisset,
1092 1516 1139 1577 vel
1165 1515 1317 1558 ⁴⁸³⁰⁰l⁸¹⁰⁰

66 1631 83 1668 a
108 1627 172 1688 quo
195 1617 256 1664 tam
277 1601 462 1662 mirabiliter
486 1599 589 1685 posita
609 1615 704 1683 esset,
726 1602 900 1686 respondit,
922 1602 1037 1677 dicens,
1052 1564 1318 1684 quodississ0ssl'iil!

64 1688 270 1763 Nicodemus,
305 1689 360 1768 qui
392 1686 430 1745 ad
451 1687 583 1748 JESUM
602 1700 696 1748 nocte
712 1698 858 1763 ¹uenerat,
880 1688 1020 1771 propriis
1042 1665 1294 1757 mani-ifflfiffi.

64 1777 126 1835 bns
152 1794 215 1832 eam
248 1772 490 1853 composuisset,
526 1783 556 1833 et
586 1773 721 1832 moriens
756 1771 916 1832 Gamalieli
953 1770 1140 1832 tradidisset.
1151 1763 1282 1810 mm

69 1856 218 1918 Gamaliel
242 1868 342 1916 autem
364 1854 504 1917 doctoris
526 1868 664 1939 gentium
682 1855 774 1917 Pauli
796 1858 956 1938 magister,
980 1853 1143 1917 e'nmdiem

68 1941 130 2002 sibi
165 1952 304 2000 cerneret
336 1943 440 1999 adesse
473 1952 659 2014 extremum,
690 1938 813 2000 Jacobo
836 1960 902 1999 eam
925 1937 1079 2022 reliquit,
1112 1953 1143 2003 et

66 2024 201 2086 Jacobus
226 2024 388 2100 Symeoni,
417 2035 447 2082 ct
468 2023 601 2099 Symeon
624 2022 787 2101 Zachaeo,
823 2034 854 2084 et
874 2023 920 2085 sio
940 2042 999 2107 per
1020 2044 1144 2085 succes·
1198 2058 1200 2065 ·

66 2114 167 2171 siones
188 2121 363 2192 temporum
386 2109 417 2166 in
440 2107 655 2184 Hierosolyma
677 2108 871 2193 perdurarit,
891 2107 1148 2191 usquequosnb·
1174 2127 1177 2131 ’

67 2196 167 2256 versio
195 2192 282 2269 jllius
316 2191 403 2252 urbis
424 2204 546 2273 patrata
568 2206 613 2254 est
635 2192 871 2277 quadragesimo
893 2203 927 2252 et
946 2195 1042 2254 tertio
1063 2192 1146 2258 anno
1176 2208 1179 2215 '

66 2291 139 2362 post
179 2277 386 2337 ascensionem
407 2274 536 2335 Domini
566 2278 726 2339 salvatoris
755 2277 795 2337 ad
817 2272 929 2337 caelos.
972 2276 1034 2337 Sed
1055 2276 1146 2341 bien·

68 2365 122 2422 nio
147 2373 310 2439 antequam
330 2358 421 2415 Titus
443 2370 473 2416 et
493 2357 699 2438 Vespasianus
720 2360 847 2419 eandem
860 2359 1075 2422 subverterent
1090 2385 1150 2425 ur-.

67 2447 151 2518 bem,
174 2441 323 2500 admoniti
353 2450 467 2498 sunta
500 2439 621 2520 Spiritu
648 2454 755 2502 saneto
776 2441 904 2518 fideles,
936 2456 1030 2525 atque
1052 2445 1148 2505 disci-

70 2525 140 2612 puli
158 2523 348 2599 CHRISTI,
371 2534 425 2596 ut,
459 2520 567 2583 relicta
587 2522 681 2600 urbe,
709 2525 749 2584 ad
785 2542 910 2607 regnum
942 2547 973 2586 se
997 2530 1149 2589 transfer-

70 2621 142 2672 rent
163 2608 320 2692 Agrippae
346 2606 444 2689 regis,
470 2608 573 2687 quini
598 2628 629 2667 se
653 2620 727 2669 tunc
749 2609 890 2692 Agrippa
910 2609 1055 2671 Romanis
1079 2613 1150 2673 foe-

71 2695 198 2757 deratus
220 2704 295 2752 erat.
339 2692 401 2767 Qui
425 2692 537 2772 egressi
557 2628 596 2750 ab
621 2689 724 2765 urbe,
761 2695 883 2771 omnia,
916 2714 996 2773 quae
1018 2693 1056 2754 ad
1081 2695 1151 2756 eul-

68 2795 136 2841 tum
163 2789 287 2837 nostrae
320 2775 477 2860 religionis
510 2775 557 2835 rel
588 2773 662 2836 fidei
693 2778 848 2858 pertinere
870 2776 1079 2856 videbantur,
1100 2801 1150 2840 se-

71 2884 142 2924 eum
173 2862 367 2938 auferentes,
403 2861 435 2918 in
468 2858 524 2921 bas
559 2863 700 2944 regiones
733 2883 766 2923 se
794 2861 1031 2923 transtulerunt
1076 2864 1149 2945 Quo

13 2994 19 3005 .
69 2962 212 3029 tempore
238 2947 327 3005 etiam
361 2946 451 3004 icona
482 2967 552 3005 cnm
582 2946 709 3008 caeteris
735 2946 828 3008 rebus
854 2946 1066 3008 ecclesiasticis
1094 2947 1152 3008 de-

69 3043 217 3116 portata,
251 3049 350 3111 usque
383 3026 479 3089 hodie
501 3031 533 3089 in
555 3030 645 3107 Syria
667 3035 854 3112 permansit,
889 3052 981 3113 quam
1004 3052 1061 3116 ego
1084 3033 1150 3115 ipse

71 3139 89 3178 a
111 3112 293 3198 parentibus
326 3133 361 3172 ex
381 3111 440 3174 hac
462 3112 531 3174 luce
553 3113 757 3199 migrantibus
777 3116 854 3177 mihi
877 3115 1045 3194 traditam,
1079 3117 1151 3197 jure

69 3198 281 3262 haereditario
302 3217 402 3278 usque
423 3218 508 3259 nunc
530 3199 666 3281 possedi.
719 3203 803 3263 Haec
825 3211 910 3261 certa
940 3214 970 3261 et
991 3202 1151 3262 manifesta

69 3285 153 3346 ratio
184 3294 229 3343 est
260 3281 298 3341 de
329 3283 420 3342 icona
457 3291 565 3343 sancta
589 3284 716 3345 Domini
738 3286 917 3360 salvatoris,
952 3284 1088 3367 qualiter
1110 3284 1149 3347 de

10 3412 16 3421 ·
69 3367 189 3432 iudaea
209 3368 239 3425 in
265 3365 372 3441 Syriae
390 3378 493 3449 partes
509 3365 648 3431 ,devenit
916 3367 918 3371 ’

159 3465 188 3520 t.
234 3449 475 3511 GREGORIUS
506 3453 542 3512 1..
583 3452 639 3511 IX.
671 3454 778 3536 epist,
819 3474 867 3537 ep.
899 3465 928 3523 9.
965 3452 1005 3515 ad
1039 3454 1146 3516 Seren.
1209 3420 1245 3534 ,ι

10 3556 17 3592 =
69 3535 188 3601 Massil.
213 3537 323 3618 episc:
345 3533 504 3599 Perlatum
526 3534 564 3596 ad
587 3557 645 3598 nos
667 3538 788 3614 fuerat,
823 3536 909 3619 quod
932 3523 1324 3626 inconsidera·qff·,¹’¹;⁸⁰2}¹„';,

69 3637 106 3685 to
129 3620 196 3682 zelo
225 3640 409 3696 succensus,
444 3633 623 3681 sanctorum
645 3623 788 3706 imagines
814 3620 873 3682 sub
896 3621 955 3683 hae
972 3627 1071 3706 quasi
1095 3629 1324 3716 ex-gffiogg'g‘gb

72 3708 251 3781 cusatione,
281 3725 320 3763 ne
341 3703 466 3765 adorari
489 3704 684 3783 debuissent,
720 3705 919 3790 oonsregeris.
961 3706 1004 3769 Et
1021 3708 1146 3791 quidem
1158 3721 1311 3778 confregerat.

74 3792 150 3872 quia
182 3810 230 3850 eas
258 3788 384 3849 adorari
414 3792 579 3864 vetuisses,
616 3793 743 3852 omnino
777 3789 985 3868 laudavimus,
1020 3794 1147 3878 fregisse
1156 3768 1303 3862 ifff⁸h⁸³l²‘

73 3894 149 3935 vero
174 3872 438 3956 reprehendimus.
480 3873 542 3934 Dio
562 3875 677 3953 irater,
712 3897 728 3936 a
755 3897 820 3956 qno
849 3875 964 3935 factum
987 3881 1148 3940 sacerdote

75 3957 243 4038 aliqnando
279 3957 419 4019 auditum
439 3971 499 4033 est,
535 3959 621 4040 quod
650 3959 772 4021 fecisti?
816 3958 848 4019 Si
880 3980 944 4019 non
967 3959 1065 4040 aliud,
1100 3963 1150 4024 rel

79 4039 161 4102 illud
190 4054 220 4103 te
247 4062 310 4101 non
332 4041 442 4103 debuit
467 4064 631 4120 revocare,
663 4067 702 4105 ne
725 4045 876 4127 despectis
899 4043 966 4105 aliis
989 4047 1150 4123 fratribus,

75 4122 181 4186 solum
212 4138 243 4188 te
265 4140 404 4186 sanctum
437 4139 468 4188 et
491 4149 554 4188 esse
582 4129 724 4191 crederes
742 4129 935 4211 sapientem?
978 4130 1074 4191 Aliud
1108 4142 1155 4192 est

75 4201 178 4289 enim,
211 4211 368 4309 picturam
396 4211 548 4275 adoraret
582 4212 690 4293 aliud,
724 4235 781 4300 per
812 4216 956 4298 picturae
981 4214 1154 4287 historiam,

76 4293 160 4379 quid
195 4306 237 4356 srt
268 4293 481 4375 adorandum,
522 4296 691 4365 addiscere.
749 4296 826 4359 Nam
857 4298 947 4425 qnod
983 4297 1155 4382 legentibus

863 4403 907 4459 91
