2768 4762
229 377 330 444 Vlll'
538 379 586 439 Ao
607 383 775 445 Ltcrontn
796 383 984 448 Pnarrarro.

229 573 435 641 Romanum
467 591 512 639 ex
539 564 691 642 decreto
722 569 934 644 Tridentini
960 568 1112 643 concilii
1141 568 1304 662 editum,

230 691 308 767 sire
320 691 418 763 hanc
437 688 630 764 doctrinae
651 692 880 766 Christianae
897 694 1082 765 Summam
1108 695 1304 793 explicent,

201 871 203 875 ,
232 814 334 913 gravi
365 812 534 885 letantur
560 813 700 901 ‚labore
736 817 776 886 in
809 819 1073 914 conquirendis
1112 837 1305 890 auctorum

232 938 450 1011 sententiisz
481 938 699 1036 praesertim
723 966 805 1011 cum
825 966 895 1012 nec
913 959 1110 1039 suppetant
1135 944 1306 1016 omnibus

230 1056 294 1137 tot¹
308 1062 397 1135 libri
420 1065 567 1133 Petrum
593 1078 705 1159 atque
726 1064 1013 1161 Theologorum.
1065 1066 1209 1136 Deinde
1230 1093 1307 1138 nou

142 1262 145 1279 ι
229 1203 357 1287 potest
378 1212 422 1258 ex
446 1186 576 1257 harum
597 1187 861 1258 sententiarum
884 1190 1106 1261 collectione
1134 1216 1210 1260 uon
1239 1189 1306 1260 ali·
1351 1253 1352 1256 ,

232 1335 306 1408 qua
328 1328 404 1383 tum
428 1310 592 1394 utilitas,
615 1327 694 1382 tum
714 1310 885 1410 voluptas
907 1314 1107 1408 consequi,
1137 1338 1219 1382 cum
1232 1312 1308 1384 lec·

208 1418 293 1506 ‘tor
324 1433 408 1506 luce
445 1433 582 1505 clarius
616 1433 734 1516 ridet,
775 1436 910 1508 veteris
937 1435 1086 1533 quidem
1116 1435 1309 1506 Ecclesiae

232 1586 382 1634 sensnm
410 1576 519 1655 atque
556 1584 780 1630 consensum
804 1560 892 1632 huic
919 1559 1016 1630 libro
1047 1575 1121 1628 tam
1152 1559 1309 1656 pulchre

232 1682 358 1756 farere
384 1699 495 1778 atque
521 1682 760 1778 patrocinari.
823 1683 954 1754 Gravis
978 1701 1035 1755 est
1055 1683 1151 1754 enirn
1181 1700 1309 1754 aucto·
1342 1668 1347 1677 ’

217 1796 325 1878 'ritas
362 1808 530 1873 Petrum:
560 1828 664 1897 ‚quos
700 1802 850 1871 omnino
890 1806 953 1899 qui
989 1824 1233 1876 contemnunt
1253 1807 1313 1878 vel

216 1927 449 2024 negligunt,
484 1948 555 1994 nae
589 1923 645 1992 illi
681 1946 756 1991 non
799 1922 1034 2019 intelligunt,
1078 1946 1311 2023 quantopere

235 2049 456 2122 contristent
481 2062 518 2116 et
542 2042 733 2116 offendant
751 2045 788 2114 in
808 2045 883 2116 suis
905 2045 1032 2116 electis
1052 2047 1199 2142 organis
1226 2048 1312 2143 Spi-

232 2173 345 2244 ritum
367 2190 558 2253 sanctum,
586 2169 651 2266 qui
676 2169 786 2240 etiam
808 2169 969 2263 nuncin
991 2173 1137 2240 Petrum
1161 2171 1311 2267 scriptis

234 2295 324 2369 vivit
353 2318 397 2366 ac
431 2293 598 2391 loquitur
628 2293 881 2373 continenter,
916 2319 1162 2389 magnumque
1189 2293 1314 2364 lumen

236 2435 275 2491 et
295 2415 412 2489 robur
425 2416 677 2487 necessarium
689 2416 844 2516 praebet
857 2417 1049 2489 Ecclesiae
1067 2419 1158 2506 Dei,
1186 2434 1260 2486 tum
1274 2418 1312 2487 in

236 2541 503 2640 scripturarum
543 2540 873 2639 interpretatione,
912 2556 988 2609 tum
1021 2541 1058 2610 in
1097 2541 1312 2614 Catholicae

235 2660 323 2733 lidei
346 2662 517 2735 doctrina
536 2661 787 2736 confirmanda
807 2687 851 2734 ac
876 2662 1157 2762 propugnanda.
1194 2665 1313 2760 Quam

221 2776 336 2858 ‘e'nim
358 2786 468 2856 aliam
482 2786 715 2885 potissimum
744 2786 793 2856 ob
817 2810 966 2859 causam
990 2786 1209 2884 arbitramur
1227 2802 1315 2882 post

238 2908 462 3008 Apostolos,
488 2909 692 3008 Prophetas
711 2927 748 2982 et
758 2911 1033 3008 Evangelistas,
1062 2908 1234 2980 divinitus
1244 2933 1313 3005 per

238 3047 407 3130 tempora
426 3047 463 3102 et
481 3031 566 3104 loca
590 3033 696 3105 datos
722 3035 1018 3130 constitutosque
1037 3056 1120 3103 esse
1140 3034 1313 3101 Pastores

64 3171 277 3230 ssrhwwet
301 3159 506 3230 Doctores:
539 3155 633 3245 nisi,
662 3181 701 3226 ut
732 3157 935 3255 Apostolus
963 3156 1033 3240 ait,
1067 3153 1115 3225 ad
1143 3177 1313 3223 consum-

174 3376 187 3396 ἱ
239 3278 441 3350 mationem
464 3295 694 3363 sanctorum,
728 3285 767 3351 in
789 3305 883 3378 opus
907 3279 1123 3366 ministerii,
1152 3276 1190 3346 in
1212 3277 1314 3346 aedi·

221 3394 449 3475 'ficationem
469 3402 641 3502 eorporis
665 3403 824 3492 Christi,
851 3420 893 3474 ut
910 3402 982 3497 jam
1003 3430 1079 3474 non
1102 3401 1214 3472 simus
1230 3424 1315 3495 par-

239 3523 314 3600 suli
356 3522 601 3608 fluctuantes,
648 3543 684 3596 et
718 3524 1020 3597 circumferamur
1066 3523 1165 3595 omni
1203 3538 1332 3593 vento·

241 3648 435 3723 doctrinae
461 3651 501 3721 in
519 3648 685 3746 nequitia
710 3649 920 3731 hominurn,
949 3650 987 3718 in
1014 3647 1147 3719 astutia
1171 3644 1217 3715 ad
1244 3644 1314 3715 cir-

242 3774 535 3846 cumventionem
562 3774 709 3845 erroris.
746 3774 828 3872 Quo
851 3770 999 3869 quidem
1023 3769 1148 3843 officio
1171 3794 1215 3840 uc
1236 3794 1313 3838 mu·

239 3923 331 3970 nere
357 3924 426 3972 suo
448 3914 523 3970 tum
545 3897 666 3980 etiam,
697 3915 897 3996 postquam
925 3921 945 3965 e
971 3895 1043 3964 vita
1072 3890 1315 3970 excesserint,

238 4020 464 4120 funguntur,
491 4021 630 4094 relictis
651 4020 866 4093 clarissimis
888 4019 1077 4091 literarum
1101 4037 1315 4085 monumen-

235 4146 304 4228 tis,
345 4144 551 4243 in„quibus
587 4162 738 4218 testatas
769 4144 1079 4240 consignatasque
1112 4139 1318 4211 animorum

237 4294 389 4344 suorum
423 4271 624 4345 sententias
653 4267 924 4373 prodideruntz
959 4267 992 4340 si
1020 4290 1106 4356 eos,
1139 4281 1315 4363 tanquam
