2768 4762
89 422 93 429 -
203 384 282 455 aee
428 367 451 427 2
487 374 571 439 nn
602 345 868 440 cantuarie
896 366 959 429 nn

264 524 416 647 nApoc.
450 561 560 625 xxi:
600 556 732 619 Timidis
760 566 863 617 autem
892 565 925 614 et
958 548 1131 614 incredulis
1166 564 1232 615 etc.
1265 567 1292 618 et

210 671 355 736 omnibus
390 650 609 743 mendacibus,
648 664 872 751 pusillorum
902 663 962 722 erit
983 663 1015 721 in
1035 673 1150 744 stagno
1173 661 1291 724 ardenti

97 773 107 797 ‘
211 782 281 864 igne
305 791 337 839 et
356 774 523 860 sulphure,
556 774 645 856 quod
666 784 714 834 est
729 793 814 832 mors
832 769 977 852 secunda.

297 908 348 969 Et
367 908 490 968 xxti:
512 906 621 982 Beati,
644 907 698 987 qui
719 903 822 963 lavant
844 900 939 963 stolas
964 921 1052 960 suas:
1074 911 1112 958 ut
1139 901 1180 959 sit
1208 911 1293 982 pote·

214 1029 275 1077 stas
297 1036 407 1078 eorum
435 1015 467 1074 in
500 1012 586 1095 ligno
620 1014 719 1087 vitae,
754 1020 786 1070 e‘t
815 1031 874 1094 per
895 1020 1003 1093 portas
1025 1012 1146 1067 intrent
1165 1008 1200 1065 iu
1224 1008 1294 1065 eivi-

215 1136 317 1186 ratem.
367 1122 460 1184 Foris
493 1140 582 1180 canes
615 1130 665 1199 et,
676 1115 827 1194 venefici,
857 1129 889 1177 et
922 1114 1094 1200 impudici,
1131 1125 1164 1175 et
1195 1113 1293 1175 homi·

115 1285 117 1288 ,
217 1216 322 1305 cidiis,
353 1240 384 1290 et
415 1226 510 1289 idolis
542 1226 726 1301 servientes,
760 1236 792 1286 et
823 1225 942 1302 omnis,
975 1225 1031 1307 qni
1057 1233 1141 1284 amat
1167 1233 1202 1283 et
1226 1223 1293 1285 facit

215 1338 418 1402 mendacium.

301 1464 475 1531 J·ac.111.=
509 1462 543 1552 Si
566 1463 635 1546 quis
663 1465 695 1525 in
718 1462 816 1525 verbo
835 1484 900 1526 non
923 1460 1077 1538 offendit,
1100 1458 1156 1522 bic
1176 1462 1294 1546 periec-

217 1590 269 1640 tus
301 1587 347 1638 est
375 1575 433 1634 vir.
467 1570 592 1633 ·Potest
618 1583 709 1632 ettam
739 1571 830 1634 freno
852 1569 1087 1633 circumducere
1102 1582 1211 1631 totum
1229 1591 1295 1631 eor·

217 1705 288 1769 pus.
330 1680 365 1743 si
385 1673 488 1751 autdm
511 1680 599 1761 equis
624 1679 712 1741 frena
734 1681 766 1741 in
791 1700 846 1741 ore
868 1680 1017 1740 mittimus
1039 1677 1081 1738 ad
1101 1681 1295 1740 consentien-

220 1791 295 1853 dum
332 1786 443 1863 nobis,
483 1789 574 1848 ctiam
611 1809 700 1848 omne
732 1807 848 1871 eorpus
873 1785 1001 1847 illorum
1040 1787 1295 1847 circumferimus

218 1895 263 1958 Et
285 1914 356 1956 ecee
374 1914 485 1969 naves,
507 1915 577 1953 cum
594 1885 719 1978 magnae
734 1896 816 1972 sint,
839 1905 870 1955 et
892 1914 910 1955 a
931 1896 1030 1957 ventis
1045 1895 1157 1958 validis
1181 1900 1298 1956 minen·

218 2017 290 2067 tur:
312 1999 578 2067 circumferuntur
594 2013 695 2062 autem
723 2001 880 2064 amodico
898 2001 1133 2086 gubernaculo,
1154 2003 1212 2062 ubi
1239 2007 1300 2063 im·
1340 2044 1342 2049 -

126 2178 130 2189 .
219 2123 311 2196 petus
339 2108 503 2191 dirigentis
530 2094 676 2172 voluerit.
728 2111 777 2170 Ita
806 2122 838 2170 et
857 2110 962 2194 lingua
984 2112 1136 2175 modicum
1164 2111 1297 2192 quidem

124 2298 127 2305 Ι
220 2217 394 2293 membrum
434 2226 503 2291 est,
548 2227 580 2279 et
614 2236 722 2300 magna
753 2215 876 2278 exaltat.
925 2219 1007 2280 Ecce
1048 2229 1184 2301 quantus
1221 2218 1297 2299 ignis

222 2346 315 2410 quam
343 2343 481 2408 magnam
502 2322 618 2400 sylvam
642 2322 789 2392 incendit.
832 2325 875 2387 Et
893 2325 1016 2411 lingua,
1040 2327 1122 2411 ignis
1150 2336 1219 2399 est,
1233 2325 1289 2382 uni·

221 2435 349 2496 versitas
371 2433 556 2517 iniquitatis.
598 2430 719 2514 Lingua
735 2434 939 2495 constituitur
959 2436 990 2507 in
1012 2432 1165 2494 membris
1181 2432 1291 2505 nostris,

222 2562 303 2626 quse
329 2539 464 2603 maculat
480 2550 583 2600 totum
602 2558 741 2621 corpus,
774 2552 805 2601 et
829 2539 994 2602 inflammat
1015 2553 1123 2603 rotam
1140 2539 1295 2601 nativitatis

196 2647 348 2711 ‘nostrae
374 2645 558 2708 inflammata
579 2666 598 2708 a
619 2645 767 2730 gehenna.
821 2647 929 2710 Omnis
951 2649 1031 2707 enim
1048 2662 1171 2710 natura
1195 2647 1297 2708 bestia·

221 2778 292 2819 rum
316 2768 347 2818 et
369 2754 534 2816 volucrum
551 2765 581 2815 et
600 2757 791 2836 serpentium
809 2742 840 2817 et
864 2768 1069 2821 caeterorum,
1082 2757 1297 2830 domantur,et

112 2856 119 2871 ’
221 2866 340 2951 domita¹
362 2873 434 2922 sunt
453 2874 596 2921 anatura
611 2861 752 2923 humane.
796 2864 946 2948 Linguam
959 2876 1061 2925 autem
1076 2864 1192 2925 nullus
1208 2861 1300 2924 homi·

218 2994 293 3034 num
314 2971 442 3032 domare
460 2980 581 3051 potest,
607 2971 779 3051 inquietum
799 2971 934 3049 malum,
957 2973 1049 3056 plena
1068 2992 1197 3033 veneno
1224 2988 1298 3030 mou

219 3081 325 3142 tifero.
375 3077 413 3137 In
437 3078 505 3158 ipsa
527 3075 738 3139 benedicimus
770 3080 872 3140 Deum
904 3094 936 3140 et
958 3092 1096 3165 patrem:
1128 3092 1164 3140 et
1190 3081 1223 3138 in
1243 3079 1301 3160 ipsa

219 3188 429 3249 maledicimus
452 3184 611 3262 homiues,
646 3189 701 3268 qui
725 3185 764 3247 ad
780 3187 1011 3248 similitudinem
1033 3188 1096 3248 Der
1122 3188 1205 3248 sacti
1229 3195 1299 3246 sunt

217 3295 267 3356 Ex
284 3297 356 3378 ipso
377 3313 436 3356 ore
452 3292 600 3376 procedit
627 3291 804 3356 benedictio
826 3307 857 3356 et
878 3296 1064 3357 maledictio.
1108 3295 1190 3357 Non
1214 3314 1304 3378 opor·

219 3414 265 3463 tet
281 3403 393 3462 fratres
412 3403 470 3461 mei
494 3399 571 3460 haec
587 3403 628 3460 ita
648 3399 726 3461 fieri.
750 3402 929 3484 ,Numquid
949 3405 1019 3465 sons
1035 3403 1075 3464 de
1090 3404 1209 3464 codem
1224 3403 1303 3463 fon·

218 3510 301 3568 mine
332 3521 451 3569 emanat
481 3508 602 3571 dulcem
626 3521 656 3568 et
675 3530 808 3569 amaram
830 3511 963 3590 aquaml
1005 3511 1176 3593 Numquid
1193 3521 1304 3597 ¹potest

217 3615 331 3677 fratres
363 3620 443 3692 mei,
475 3612 553 3676 fieus
580 3635 654 3676 uvas
671 3616 791 3693 facere,
824 3630 878 3679 aut
895 3619 965 3678 vitis
982 3615 1081 3679 licus?
1127 3619 1188 3680 Sic
1208 3637 1306 3701 neque

203 3711 314 3799 salsa,
349 3723 471 3784 dulcem
498 3700 742 3805 potest'facere
770 3745 890 3806 aquam.
934 3725 1080 3801 Quodsi
1103 3727 1215 3788 celum
1234 3747 1311 3789 amu

218 3848 289 3887 rum
328 3828 465 3909 habetis,
506 3844 537 3893 et
568 3832 782 3892 contentiones
816 3847 889 3893 sunt
921 3836 952 3893 in
987 3832 1145 3896 cordibus
1183 3808 1308 3897 vestris:

215 3934 315 3995 nolite
346 3935 475 4019 gloriari
510 3953 541 4001 et
572 3938 732 4000 mendaces
775 3947 839 4001 esse
870 3942 1016 4002 adversus
1034 3944 1208 4004 veritatem
1224 3968 1233 4015 ς
1252 3963 1312 4004 non

215 4053 262 4102 est
299 4045 379 4103 enim
410 4047 468 4106 ista
489 4048 639 4129 sapientia
660 4046 827 4106 desursum
850 4049 1055 4110 descendens:
1091 4052 1154 4126 scd
1175 4065 1311 4125 terrena,

214 4148 374 4225 animalis,
404 4150 570 4217 diabolica.
624 4153 688 4214 Ubi
712 4155 793 4214 enim
820 4156 903 4219 zelus
924 4170 956 4219 et
980 4158 1174 4237 eontentio,
1197 4159 1247 4223 ibi
1269 4163 1314 4220 in·

214 4258 389 4319 constantia
420 4270 451 4320 et
479 4280 570 4321 omne
606 4281 687 4347 opus
706 4282 867 4347 pravum
