2768 4762
243 395 334 473 ιω
412 397 442 435 ν
600 386 709 463 ,ΒΕ
749 378 842 461 SPE
882 385 945 449 ΕΤ

341 553 486 637 LCor.
507 571 583 635 nt:
620 570 773 648 Nescitis,
811 572 886 653 quia
907 569 1054 654 templum
1076 568 1152 632 DEI
1177 578 1264 651 estis,
1298 589 1329 636 et

258 681 396 764 Spiritus
430 678 507 742 DEI
537 677 660 741 habitat
681 681 713 739 in
742 656 929 744 vobisisSi
958 680 1029 760 quis
1064 692 1166 740 autem
1184 681 1331 765 templum

168 867 170 869 ‚
257 788 335 850 DEI
364 784 549 866 violaverit,
588 782 749 869 disperdet
776 782 864 845 illum
890 783 1010 847 uuus,
1063 774 1226 870 Templum
1250 791 1332 850 enim

253 894 330 958 DEI
362 895 503 957 sanmum
532 904 596 969 cst,
640 889 728 974 quod
753 893 824 954 esti‘s
847 911 913 952 vos.
1304 882 1307 886 ’

254 1065 256 1071 -
336 1023 405 1086 ET
432 1041 501 1109 cap.
522 1018 594 1088 IV.=
619 1020 692 1083 Non
717 1004 907 1089 insermoue
931 1034 978 1086 est
1000 1042 1128 1109 regnum
1143 1021 1242 1103 DEI,
1273 1026 1329 1087 sed

253 1134 288 1192 in
315 1116 440 1191 virtute

335 1257 484 1343 Ephea.
503 1257 554 1322 Le
582 1260 625 1323 Ut
648 1260 768 1337 aciatis,
798 1277 878 1343 qnae
897 1259 937 1323 sit
965 1279 1035 1343 spes
1054 1262 1226 1337 vocatIonis
1246 1261 1327 1344 ejus,

253 1377 286 1428 et
303 1384 382 1448 quae
399 1365 523 1429 divitiae
545 1346 663 1452 gloriae
684 1365 881 1432 haereditatis
905 1367 974 1448 ejus
997 1369 1177 1444 inantus,
1202 1380 1233 1429 et
1257 1388 1327 1451 qnae

253 1474 295 1535 sit
316 1475 546 1557 supereminens
572 1474 754 1560 magnitudo
776 1475 900 1552 virtutis
924 1475 993 1555 ejus
1016 1477 1057 1536 iu¹
1074 1496 1149 1551 noa,
1180 1476 1234 1556 qui
1255 1496 1327 1537 cre-

131 1563 134 1589 ¹
182 1588 188 1593 ’
252 1579 354 1643 dimus
366 1623 377 1657 ,
405 1579 575 1642 secundum
596 1584 809 1667 operationem
821 1583 977 1666 potentiae
989 1583 1114 1661 virtutis
1127 1580 1206 1662 ejus,
1233 1602 1325 1665 quam

255 1699 407 1772 operatus
427 1700 474 1750 est
503 1689 537 1751 in
560 1685 687 1750 Christo
709 1700 768 1752 etc.
811 1687 855 1751 Et
880 1690 981 1775 ipsum
1007 1687 1095 1753 dedit
1117 1700 1211 1773 caput
1227 1676 1324 1772 snpra

175 1828 178 1835 ι
256 1773 379 1857 omnem
392 1793 583 1872 Ecclesiam,
616 1786 696 1878 qnae
721 1806 896 1880 estcorpua
917 1796 1024 1881 ipsius.

339 1900 484 1963 Matth.
512 1899 617 1964 xlma
647 1901 686 1985 Iu
710 1901 972 1967 consummatione
991 1901 1106 1965 saeculi
1124 1902 1224 1962 mittet
1238 1898 1327 1983 filius

245 2004 393 2068 vhominis
434 2006 560 2093 angelos
583 2027 680 2088 ωσι,
697 2088 701 2103 ι
716 2021 748 2071 et
776 2007 925 2092 colligent
951 2006 991 2072 de
1009 2028 1104 2092 regno
1134 2008 1200 2090 ejus
1221 2009 1324 2069 omnia

250 2113 414 2191 scandala,
440 2107 475 2186 it
497 2133 574 2194 eos,
607 2116 662 2202 qui
686 2114 806 2178 faciunt
828 2114 1034 2199 imquitatem.

333 2222 360 2282 1.
375 2221 460 2285 Cor.
482 2218 552 2284 XV.
564 2246 571 2282 ι
590 2222 711 2283 Deinde
723 2219 805 2299 finis,
817 2241 886 2284 cum
897 2221 1061 2290 tradiderit
1072 2241 1199 2307 reguum
1208 2200 1278 2282 Dco
1289 2234 1321 2283 et
1332 2251 1337 2256 ¹

247 2325 347 2404 Patri,
367 2349 436 2389 cum
460 2331 652 2391 evacuaverit
672 2349 793 2391 omnem
813 2329 1073 2413 principatumct
1091 2339 1278 2419 potestatem!
1294 2338 1328 2388 et

152 2449 155 2455 ’
247 2437 403 2497 virtutem.
459 2437 596 2520 Oportet
629 2449 731 2508 autem
761 2435 851 2498 illum
889 2434 1039 2521 regnare,
1074 2416 1185 2499 ¹dorset:
1222 2446 1321 2519 ponat

249 2532 354 2605 omnes
390 2545 532 2607 inimicos
559 2543 618 2606 suh
644 2541 778 2629 pedibus
806 2545 875 2625 ejus
897 2554 954 2604 etc.
994 2542 996 2548 '

332 2649 497 2714 Coloss.
517 2651 544 2713 1.
597 2653 719 2714 Gratias
745 2661 866 2735 agentes
896 2650 964 2712 Deo
984 2661 1015 2711 et
1038 2626 1143 2727 Patri,
1177 2649 1232 2731 qni
1251 2636 1323 2741 dig*-

115 2754 118 2758 ’
249 2780 307 2820 nos
340 2779 397 2839 uos
420 2759 495 2820 fecit
524 2760 556 2819 in
575 2771 693 2842 partem
718 2760 813 2844 sortis
840 2756 1027 2819 Sanctorum
1044 2757 1078 2818 in
1097 2753 1228 2819 lumine:
1266 2758 1322 2837 qui

248 2868 364 2951 eripuit
382 2886 440 2926 noa
462 2863 500 2926 de
521 2877 674 2950 potestate
689 2864 903 2942 tenebrarum,
924 2878 955 2927 et
965 2861 1124 2927 transtulit
1144 2867 1176 2927 in
1191 2884 1321 2948 regnum

247 2970 308 3034 filii
328 2971 503 3034 dilectionis
522 2993 618 3050 suae,
645 2975 702 3055 qui
724 2984 769 3034 est
788 2973 887 3055 imago
903 2972 978 3035 DEI
1000 2970 1174 3048 invisibilis,
1198 2972 1321 3053 primo-

249 3081 369 3163 genitus
398 3081 498 3140 omnis
533 3092 692 3140 creaturae
719 3091 776 3140 etc.
827 3078 869 3140 Et
903 3081 969 3164 ipse
995 3092 1041 3141 est
1061 3089 1156 3161 caput
1174 3079 1321 3158 corpori:

248 3185 421 3277 Ecclesiae,
455 3186 511 3269 qui
547 3199 592 3248 est
622 3188 830 3274 principium,
866 3187 1092 3270 primogenitus
1116 3204 1149 3246 ex
1175 3183 1320 3260 mortuis,

246 3303 282 3353 ut
301 3295 342 3356 ait
365 3296 398 3354 in
418 3291 562 3354 omnibus
584 3297 649 3378 ipse
666 3294 832 3377 primatum
852 3306 959 3359 tenens
978 3305 1036 3356 etc.

329 3399 473 3462 Psalm.
493 3399 642 3463 va11.=
673 3399 828 3485 Exsurgat
853 3401 960 3478 Deus,
994 3413 1026 3461 et
1045 3397 1235 3484 dissipentur
1258 3397 1320 3457 ini-

245 3508 319 3568 mici
341 3507 426 3588 ejus,
446 3520 477 3571 et
488 3508 624 3592 fugiant,
649 3510 703 3590 qui
736 3507 965 3584 odorantem,
987 3528 1005 3568 a
1026 3508 1105 3568 facie
1125 3506 1208 3587 ejus:
1231 3502 1319 3579 Sicut

249 3611 358 3674 deficit
377 3613 497 3690 sumna,
524 3608 685 3674 deficiant:
717 3613 804 3676 Sicut
828 3611 898 3677 ssuit
925 3635 995 3677 cera
1015 3635 1032 3676 a
1055 3613 1134 3676 facie
1156 3611 1252 3697 ignis,
1274 3610 1322 3670 sic

246 3733 377 3805 pereant
397 3733 576 3807 peccatores
598 3742 614 3781 a
639 3720 717 3781 facie
738 3721 822 3783 DEI.

329 3827 489 3914 Philip.
519 3829 567 3888 1.:
591 3825 788 3889 Desiderium
811 3825 929 3891 habens
959 3826 1088 3891 dissolvi
1109 3838 1140 3889 et
1162 3846 1227 3888 csse
1248 3843 1323 3886 cum

244 3931 379 3997 caraea

325 4040 446 4104 Hebr.
482 4041 557 4103 XI:
594 4044 684 4104 Juxta
715 4039 808 4105 iidem
832 4042 974 4105 defuncti
1008 4053 1081 4105 sunt
1117 4036 1222 4105 omnes
1256 4039 1323 4115 isti,

131 4172 135 4178 ’
235 4167 307 4211 ¹nou
331 4151 464 4234 acceptis
491 4150 783 4234 repromissionibus
791 4196 801 4228 ,
832 4150 886 4212 scd
912 4172 929 4211 a
953 4149 1045 4239 longe
1072 4170 1121 4211 eas
1150 4147 1321 4231 asspicien-

243 4270 309 4335 ua,
330 4257 567 4336 aestuantes,
601 4270 631 4320 ct
651 4255 854 4335 cantitantes,
883 4259 957 4341 quia
976 4258 1134 4344 peregrini
1156 4267 1189 4320 ct
1204 4253 1321 4337 hospi-
