2768 4762
101 399 177 465 XX
196 414 200 427 ·
424 399 664 463 domomum
686 398 745 467 Aa
768 395 1001 466 decoonooo.

181 582 278 647 Haec
301 586 396 655 sunt,
426 583 468 645 de
490 580 609 664 quibus
633 588 667 645 te
689 584 829 650 candide
847 589 951 653 lectar
970 588 1152 654 admonere
1165 591 1344 659 voluimus.

101 692 150 754 Iis
172 689 306 754 interim
339 689 401 751 hoc
421 689 537 751 labore
547 684 688 771 fruere,
716 711 757 755 ac
773 694 1016 760 humanissima
1037 697 1345 782 consultissimaque

89 795 375 886 jurisprudentiae
396 796 578 881 Licentiata
595 798 639 860 D.
658 796 830 883 ¹lieruuino
856 804 1077 888 Typograplsa
1091 804 1344 887 diligentissima
1373 816 1378 826 '

96 914 131 970 et
149 907 248 968 valde
277 902 442 965 Catholico
468 905 595 986 gratias
628 886 728 982 habe,
750 909 808 986 qui
821 928 882 989 pro
908 930 971 974 sua
996 919 1153 994 prompto
1166 908 1343 998 juvandae

96 1012 315 1087 Ecclesioect
332 1014 634 1091 promovendorum
656 998 857 1078 studiorum
870 1018 1128 1102 theologicorum
1155 1019 1342 1098 uoluntate,

96 1142 233 1204 operam
252 1139 350 1182 suom
375 1117 410 1177 in
432 1117 495 1179 lrac
513 1136 550 1179 re
567 1116 719 1201 fideliter.
744 1106 926 1200 praestitit,
976 1131 1085 1203 Atque
1107 1131 1145 1187 ut
1173 1123 1241 1186 alia
1264 1144 1342 1206 pm

95 1231 204 1293 multa
224 1224 350 1289 eximia
377 1242 476 1304 opera
507 1211 551 1285 ad
584 1224 771 1291 doctrinam
805 1228 1010 1294 Catholioam
1042 1230 1278 1293 illustrandam
1305 1238 1342 1295 et

94 1335 350 1419 propagandam
369 1332 473 1412 polite
506 1339 538 1393 et
567 1332 673 1394 nitide
699 1333 791 1412 typis
814 1337 1004 1410 mondavit,
1035 1345 1134 1418 atquo
1160 1336 1196 1398 in
1230 1338 1340 1403 luaem

95 1442 222 1506 emisit:
242 1441 290 1502 ita
313 1448 346 1501 et
372 1439 407 1500 in
428 1438 489 1502 boc
512 1456 609 1515 apere
638 1458 736 1502 suam
757 1441 793 1501 in
815 1441 1037 1521 imprimenda
1059 1434 1260 1505 industriam
1280 1445 1340 1506 de·

95 1553 219 1614 clarat:
240 1550 330 1626 quad
346 1564 413 1607 nan
429 1552 564 1608 tantum
590 1548 758 1629 eleganter
779 1539 812 1613 ἐι
831 1549 1023 1622 emendate,
1043 1549 1102 1611 sed
1128 1551 1231 1614 attam
1260 1552 1339 1628 plus

95 1676 197 1739 quam
209 1653 420 1735 quadruplici
433 1661 593 1733 typorum
610 1642 787 1731 uarietate,
807 1650 973 1737 facilioris
988 1652 1206 1720 distinctionis
1224 1675 1338 1735 causa,

91 1766 264 1834 ,excudere
282 1761 398 1825 uoluit.
442 1760 478 1821 Si
497 1758 556 1836 qui
574 1777 702 1821 errores
722 1760 811 1822 inter
828 1762 1092 1840 imprimendum
1112 1762 1338 1842 obrepserant,

94 1873 186 1953 quad
203 1868 305 1933 uitari
321 1868 379 1929 vix
397 1873 505 1943 potest
511 1906 521 1941 ,
544 1882 598 1931 eos
617 1866 766 1928 collectos
788 1867 889 1929 babes
912 1869 946 1931 ln
956 1868 1032 1954 stne
1051 1869 1263 1954 singularum
1279 1890 1341 1933 ua·

95 1977 273 2041 luminum.
320 1971 415 2057 Quod
430 1971 460 2032 si
474 1971 612 2048 plures,
636 1988 738 2049 quom
758 1992 779 2032 o
799 1974 895 2037 nabis
915 1976 1002 2039 inter
1027 1979 1242 2060 relegendum
1263 1976 1340 2039 ani·

95 2081 266 2148 modoersi
295 2087 393 2153 sunt,
426 2070 736 2155 deprehendantur:
779 2099 835 2141 eas
865 2083 948 2143 tales
977 2101 1047 2147 esse
1079 2083 1337 2162 existimamus,

94 2192 153 2272 qui
170 2191 212 2252 ab
235 2176 430 2266 unoquoque
438 2179 545 2268 focile
555 2184 677 2268 corrigi
692 2185 830 2262 possint.
878 2186 975 2274 Quod
992 2192 1038 2252 od
1048 2190 1232 2256 ,sententias
1245 2199 1337 2267 ipsas

94 2297 231 2372 attinet,
265 2293 417 2356 dedimus
442 2309 525 2352 sane
552 2310 703 2369 operam,
738 2301 776 2355 ut
795 2288 896 2375 facta
921 2297 1096 2360 collatione
1126 2297 1338 2363 diversarum

95 2402 355 2481 exemplarium,
376 2417 461 2478 quae
473 2397 618 2459 nancisci
629 2406 835 2477 poteramus,
858 2419 959 2480 quam
976 2404 1243 2467 emendatissime
1255 2425 1336 2485 pra·

96 2511 216 2574 duent.
262 2507 338 2594 Qua
359 2505 395 2568 in
413 2524 451 2567 re
470 2522 535 2568 nan
554 2522 678 2581 porum
702 2502 793 2569 nobis
818 2504 962 2591 profuit,
992 2519 1026 2572 et
1051 2507 1153 2575 ueluti
1182 2511 1337 2574 stimulas

89 2617 225 2687 ¹addidit
250 2613 431 2698 singularis
458 2611 630 2693 diligentia
659 2612 908 2676 bartholomaei
937 2617 1114 2679 Laurentis
1142 2617 1337 2683 correctoris

93 2720 248 2809 officinae
271 2720 528 2808 Quentelianoes
550 2718 603 2780 cui
632 2720 732 2782 etiam
755 2723 923 2799 copiosum
942 2729 973 2786 et
997 2723 1141 2806 egregiu-
1156 2721 1336 2789 mindicem

80 2832 304 2916 singulorum
336 2829 515 2890 Tamarum
540 2833 713 2903 acceptum
729 2822 827 2909 ferre
848 2830 954 2891 debes.
998 2830 1113 2908 Neque
1130 2827 1220 2895 enim
1229 2823 1336 2911 focile

93 2937 306 3018 potiebatur,
326 2943 362 2996 ut
387 2952 471 3012 quae
504 2935 663 3015 mendum
687 2935 823 3013 aliquod
849 2935 1060 3009 redolebant,
1088 2932 1163 2997 licet
1187 2953 1232 2995 ex
1252 2934 1336 3012 ipsis

86 3040 244 3129 sontibus
262 3039 427 3117 descripto
446 3049 571 3113 essent,
601 3041 690 3119 typis
718 3041 1021 3117 committerentur,
1043 3041 1244 3120 priusquam
1260 3040 1337 3105 aliis

94 3152 260 3216 codicibus
288 3148 461 3225 inspectis,
491 3148 601 3225 quoad
621 3147 691 3232 ejus
709 3144 788 3230 fieri
807 3155 866 3226 pat
903 3152 955 3224 at,
983 3146 1237 3232 castigarentur.
1280 3149 1336 3214 Ea

94 3277 182 3337 quae
203 3257 247 3318 in
263 3255 434 3318 sententiis
453 3254 598 3316 Potrum
622 3254 832 3331 potissimum
854 3167 1061 3319 observando
1085 3255 1283 3320 uidebantur
1302 3263 1337 3319 et

94 3364 364 3442 scripturarum,
383 3381 469 3442 quoe
491 3363 534 3424 ab
554 3363 594 3424 ils
618 3364 851 3438 adducuntur,
874 3364 962 3440 loco,
984 3363 1128 3427 breuiter
1149 3364 1185 3427 in
1205 3364 1335 3426 studio·

92 3476 210 3534 saru'm
233 3468 397 3554 gratiam,
429 3471 474 3531 od
496 3468 682 3552 marginem
709 3471 961 3548 adscripsimus.
1020 3469 1115 3554 Quae
1140 3471 1245 3533 sicubi
1267 3489 1335 3532 non

92 3577 229 3642 omnino
249 3597 268 3639 e
285 3575 419 3659 regione
443 3576 549 3637 locata
567 3586 665 3654 sunt,
687 3580 790 3641 ducta
811 3580 900 3640 linea
917 3578 961 3637 od
984 3595 1085 3639 suum
1108 3578 1216 3639 locum
1226 3572 1336 3659 focile

92 3682 214 3771 referri
234 3689 401 3769 poterunt.
444 3680 585 3744 Edlmus
603 3704 691 3746 nunc
713 3686 748 3747 in
773 3666 900 3760 lucem,
922 3681 975 3744 bis
993 3683 1164 3745 sententiis
1183 3683 1336 3747 illustra·

92 3802 163 3855 tam
174 3791 321 3871 priorem
336 3797 467 3867 partem
481 3788 696 3869 Catecloismi,
719 3810 803 3870 quoe
821 3797 869 3852 est
884 3789 926 3853 de
948 3789 1114 3866 sapientia
1132 3789 1335 3866 Christiana,

92 3899 222 3962 duabus
247 3898 344 3961 lamis
366 3895 656 3974 comprehensam:
695 3898 829 3974 daturi,
859 3895 926 3959 Dei
949 3895 1029 3957 bene
1045 3890 1191 3976 favente
1210 3895 1334 3978 gratip,

90 4005 287 4084 propediem
311 4012 344 4067 et
365 4006 527 4080 alteram,
554 4011 708 4083 quaeest
730 4006 772 4067 do
791 4003 921 4075 iustitia
939 4000 1148 4078 Christiano,
1181 4022 1246 4064 uno
1265 4003 1335 4079 (uti

90 4112 340 4193 existimomus)
360 4119 449 4175 tama
475 4133 551 4175 cum
569 4112 760 4190 Appendice
787 4114 835 4181 de·
853 4111 952 4186 lapsu
973 4116 1006 4173 el
1022 4105 1258 4190 justificatione
1276 4108 1337 4181 loa,-

89 4219 207 4297 minis,
229 4220 604 4297 :comprehendendam
632 4222 698 4296 ,qul
725 4218 770 4281 sit
806 4217 926 4281 ordine
961 4213 1103 4277 tertius..
1128 4212 1338 4299 §abjicimus

86 4327 189 4393 etiam
203 4324 409 4412 murgum
431 4323 649 4393 Summarum
681 4322 954 4412 Row'fiwmek
969 4320 1258 4405 Insperalarum„
1268 4340 1332 4403 por
