2768 4762
268 392 349 477 eae
434 364 442 373 “
556 342 626 459 ue
656 391 917 458 cumcurn
947 392 1013 457 nr

259 577 428 662 ¹Denique
458 577 587 644 doctior
620 579 717 645 humi
746 587 811 662 est,
848 580 942 681 idern
971 571 1101 670 quoque
1139 593 1279 687 martyr
1312 590 1351 658 tn

274 714 418 823 Instiuit
433 745 506 810 heic
522 716 701 855 nomines(
716 685 993 833 iuinppppppm
1017 755 1077 816 dot
1089 760 1269 843 patronus.

355 876 394 938 In
419 875 490 940 eod.
512 874 547 938 L.
568 876 673 981 hymn.
699 894 748 952 14.
770 883 803 944 in
824 880 935 975 dgnet.
963 883 1042 968 virg.
1064 884 1214 948 Roman:

110 1036 226 1098 sasima
239 1036 263 1074 n
401 1008 510 1093 Agnis
533 1003 724 1092 sepdlcrum
756 1023 806 1077 est
830 1015 998 1078 Romuleo
1026 1014 1064 1077 in
1091 1017 1190 1082 domo

94 1090 208 1196 {3223}
225 1083 250 1126 ⁸·
402 1094 511 1155 Fortis
532 1098 678 1176 puellae,
701 1100 862 1179 martyris
883 1101 1025 1162 inclitae.
1055 1127 1059 1136 ·

402 1175 586 1260 Conspectu
607 1182 642 1242 in
664 1182 735 1261 ipso
751 1186 884 1246 condita
898 1185 1058 1248 turrium.

401 1261 520 1327 Servat
550 1266 693 1329 salutem
734 1269 831 1353 uirgo
861 1268 1056 1354 Quiritium,

402 1348 552 1410 Necnon
569 1358 602 1411 et
617 1352 706 1431 ipsos
726 1354 872 1438 protegit
893 1357 1058 1432 odvenos,

399 1431 493 1495 Puro
516 1453 556 1494 oc
569 1433 669 1516 fideli
691 1449 825 1519 pectore
840 1438 1015 1523 supplices.

358 1561 480 1626 Etsub
501 1561 616 1627 fineme
668 1637 670 1641 .
731 1646 735 1653 Δ

110 1704 207 1743 ΝΜ
221 1690 266 1748 ⁸⁸·
407 1689 545 1782 Ooirgo
558 1693 674 1784 felix,
698 1719 717 1762 o
742 1719 830 1762 nove
848 1699 977 1784 glorie,

94 1759 179 1794 ’Μ’
408 1782 568 1846 Caelestis
593 1786 681 1846 ercis
709 1787 829 1848 nobilis
849 1787 977 1863 incolo,

402 1866 546 1930 Intende
574 1871 697 1931 nostris
725 1871 966 1931 colluvionibus

384 1950 386 1955 ’
412 1948 545 2014 Vultum
563 1957 703 2035 gemello
727 1975 801 2015 cum
825 1956 1038 2018 diedemate:
1115 1992 1118 1999 ·
1306 1995 1313 2030 ,

404 2038 467 2098 Cui
495 2056 592 2118 posse
623 2041 686 2099 soli
713 2038 954 2118 Cunctiporens
992 2036 1100 2114 dedit,

406 2124 548 2184 Castum
565 2124 618 2184 vel
645 2123 757 2202 ipsum
786 2126 925 2186 reddere
939 2120 1123 2208 fornicem.

403 2205 584 2290 Purgobor
602 2209 669 2268 oris
690 2208 911 2287 propitiabilis
1088 2282 1091 2287 ¹

402 2293 562 2375 Fulgore,
593 2301 744 2353 nostrum
770 2294 798 2354 si
816 2292 912 2376 jecur
937 2293 1091 2370 impleus.

406 2378 553 2459 Nilnon
576 2379 736 2457 pudicum
758 2388 824 2454 est,
856 2381 944 2461 quot
960 2379 1017 2459 pio
1035 2377 1143 2440 visere

403 2458 584 2544 Dignoris,
609 2463 699 2523 aimo
731 2465 784 2525 vei
806 2464 890 2544 pede
912 2474 1059 2546 tongere.

186 2565 190 2584 .

93 2595 107 2673 Δ,
124 2599 268 2662 P⁰⁸¹¹¹¹⁸l¹³²
364 2604 413 2660 19.
457 2591 638 2652 SEPTIMA
660 2591 777 2669 synod.
802 2591 952 2677 general,
977 2612 1057 2673 quae
1077 2602 1123 2651 est
1140 2588 1182 2651 11.
1204 2586 1272 2648 Nic.
1295 2598 1352 2646 act.

100 2664 257 2756 ff.¹⁰iir⁰g⁵r⁸ii,
280 2691 310 2744 6.
333 2679 363 2735 in
387 2676 563 2737 finez'Cum
582 2680 694 2737 timore
715 2678 774 2737 Dei
796 2681 898 2738 omnia
922 2697 1067 2760 agamus„
1089 2673 1282 2757 postulantes
1306 2674 1356 2729 in-

101 2757 253 2849 ffffi‘ffl'
279 2766 480 2822 tereessiones
497 2764 755 2822 incontaminatae
778 2765 931 2845 Deiparae
951 2774 981 2822 et
1001 2782 1121 2902 semper
1143 2760 1272 2841 virginis
1286 2757 1356 2815 Do·

99 2861 244 2901 mmm·
279 2851 378 2906 minae
399 2859 523 2906 nostrae
544 2848 677 2923 Mariae,
701 2850 772 2907 item
791 2860 968 2908 sanctorum
990 2865 1181 2929 eugenium,
1204 2844 1361 2902 omnium-

281 2953 341 3012 que
369 2945 565 3006 sanctorum,
596 2932 762 2992 salutantes
788 2945 818 2991 et
835 2929 1023 2991 venerandas
1040 2929 1168 2990 illorum
1197 2927 1360 3008 reliquias,

280 3030 315 3076 ut
343 3037 400 3075 nos
433 3014 648 3075 sanctitudinis
681 3037 791 3075 eorum
819 3013 926 3076 fiamus
958 3017 1137 3097 participes.
1196 3012 1248 3071 Sic
1276 3013 1358 3069 enim

124 3115 244 3170 neuquiao
279 3100 443 3160 reddemur
467 3101 599 3183 perfecti
621 3103 653 3161 in
676 3122 765 3162 omne
788 3088 866 3186 opus
879 3100 998 3161 bonum
1013 3101 1045 3160 in
1060 3096 1237 3159 CHRISTO
1259 3094 1360 3155 JESU

14 3192 22 3210 s
100 3173 236 3211 Sanctorum

99 3214 257 3261 honorandae
278 3186 414 3246 Domino
436 3186 554 3246 nostrd.

362 3295 398 3354 E.
425 3307 452 3362 1.
495 3291 754 3353 AUGUSTINUS
778 3293 812 3354 L.
834 3294 874 3354 tl
896 3293 935 3357 de
957 3294 1014 3353 civ.
1036 3292 1117 3369 Dei,
1149 3310 1216 3376 cup.
1243 3300 1269 3356 1.
1292 3287 1357 3347 vid.

280 3402 365 3464 supr.
388 3391 506 3461 quaest.
529 3391 557 3446 7.
581 3377 614 3438 B.

288 3552 291 3559 ἱ
359 3489 387 3541 2.
432 3475 540 3533 IDEM
560 3474 596 3536 L.
618 3472 688 3533 XX.
712 3486 813 3535 contr.
835 3474 940 3535 Faust.
961 3469 1098 3535 Manich.
1131 3491 1197 3556 cap.
1215 3451 1270 3536 x21.
1293 3465 1363 3528 nid.

278 3560 312 3620 in
335 3559 443 3633 eodem
466 3559 551 3619 Ioco.
803 3608 805 3615 .

149 3681 161 3708 s
224 3679 238 3705 a
338 3644 394 3713 '3.
439 3643 543 3705 ITEM
564 3644 597 3701 L.
621 3641 708 3703 VIII.
744 3641 781 3702 de
804 3644 860 3702 civ.
893 3642 952 3702 Dei
975 3655 1136 3725 cap.‚27.:
1170 3635 1233 3699 Nee
1254 3648 1364 3697 tamen

102 3718 339 3808 2¹0⁰„ffi‘dffijnos
367 3728 478 3789 eisdem
497 3727 695 3802 ‘martyribus
730 3726 863 3810 templa,=
895 3727 1091 3804 sacerdotia,
1125 3744 1229 3800 sacra,
1253 3734 1284 3781 et
1314 3744 1366 3782 sa-

105 3831 149 3908 '¹2ss
168 3817 271 3876 ΡΜ·
283 3813 402 3875 crificia
424 3813 658 3874 constituimus:
695 3813 841 3894 quoniam
864 3832 927 3870 non
950 3813 1029 3897 ipsi,
1057 3810 1112 3873 sed
1134 3813 1220 3871 Deus
1249 3827 1362 3868 eorum

103 3874 124 3908 ¹¹
152 3878 235 3906 mmuh
282 3899 374 3961 nobis
402 3911 448 3958 eet
476 3898 568 3957 Deus.
624 3897 821 3958 Honoramus
851 3918 922 3956 sane
953 3898 1116 3958 memorias
1147 3915 1257 3955 eorum
1293 3906 1366 3953 tan-

278 4006 374 4068 ·quam
396 3994 575 4043 sanctorum
597 3980 765 4042 hominum.
777 3981 859 4058 Dei,
881 3983 934 4063 qui
956 3981 1115 4065 usquead
1136 3991 1267 4040 mortem
1287 3998 1366 4037 suo·

281 4091 351 4131 rum
372 4086 542 4150 corporum
567 4086 627 4149 pro
647 4067 775 4125 veritate
797 4079 975 4143 certarunt,
996 4077 1030 4126 ut
1054 4067 1263 4126 innotesceret
1296 4082 1368 4120 vera

283 4153 418 4235 religio,
440 4148 525 4209 falsis
551 4149 755 4235 religionibus
773 4145 916 4234 fictisque
932 4151 1096 4212 convictis:
1119 4147 1317 4235 quodetiam
1339 4147 1364 4205 si

102 4215 360 4320 „ffiossssffiqui
376 4249 464 4299 autea
493 4235 683 4310 sentiebant,
716 4235 853 4297 timendo
883 4234 1102 4319 reprimebant.
1163 4234 1242 4310 Quis
1264 4245 1366 4292 autem

107 4327 225 4357 ''mm'‘
287 4310 407 4387 audivit
438 4318 608 4427 aliquando
640 4312 802 4404 fideIIum,
824 4332 968 4404 ¹stantem
995 4317 1188 4382 sacerdotem
1208 4314 1249 4378 ad
1268 4315 1371 4378 aitere'
