2768 4762
284 367 366 443 204
595 354 951 429 nscsmscrs
982 363 1047 430 ss
1154 306 1158 317 ¹

107 568 239 615 sumno.
415 549 487 614 Nos
511 546 568 632 pio
578 550 688 636 fletu,
725 551 820 628 date,
844 551 1037 629 perluamus

371 634 590 699 Marmorum
618 639 745 713 sulcos,
777 633 897 718 quibus
931 640 980 716 est
1011 642 1128 718 operta

372 720 476 804 Spes,
512 727 552 783 ut
575 715 748 783 absotv'em
769 718 1030 782 retinaculorum

346 828 349 833 ’
624 803 740 867 Vincla
764 820 927 871 mearum.
1004 832 1007 837 ·

412 888 531 951 Sterne
558 896 592 950 te
611 896 718 952 totum
740 906 902 973 generosa
929 888 1055 961 sanctis

317 1022 319 1027 .
373 971 500 1036 Civitas
516 992 645 1049 meeum
672 975 830 1036 tumulis:
863 972 983 1037 deinde

371 1059 461 1123 Mox
485 1059 711 1142 resurgenteis
739 1059 890 1137 animas,
921 1064 954 1124 et
970 1065 1067 1122 artus

554 1198 556 1202 ,
609 1143 688 1204 Tota
708 1143 865 1226 sequeris.
943 1179 946 1184 -

342 1246 530 1311 'DEINDE
553 1248 658 1328 hymn.
679 1264 709 1319 5.
738 1248 948 1337 in1Vincent.
970 1250 1202 1338 caesaraugust.

492 1359 616 1421 Adesto
639 1378 745 1435 nunc,
770 1366 803 1421 et
821 1360 954 1440 percipe

462 1440 560 1505 Voces
574 1451 772 1522 precantum
793 1444 976 1524 supplicue,

455 1526 572 1591 Nostri
602 1536 717 1590 reatus
754 1523 879 1618 efficax

454 1612 577 1673 Orator
602 1615 647 1674 ud
672 1612 830 1687 thronum
860 1609 984 1675 Patris.

493 1695 561 1759 Per
581 1705 631 1776 ta,
659 1718 720 1778 per
742 1698 838 1758 illum
855 1715 1041 1776 carcerem,

453 1780 602 1842 Honoris
626 1791 846 1865 augmentum
866 1782 916 1843 tui
928 1825 938 1859 ,

448 1865 661 1944 Pervinclu,
681 1866 865 2010 stammas,
888 1868 1049 1950 ungulas,

446 1949 515 2013 Per
545 1969 744 2013 carceraem
764 1951 921 2031 stipitem.

491 2033 559 2095 Per
567 2030 733 2119 fragmen
752 2035 836 2096 illud
857 2036 1024 2112 testeum,

448 2114 526 2264 guo
547 2130 646 2199 parta
665 2119 770 2180 crevit
787 2120 904 2201 glorio.

480 2223 517 2264 er
539 2222 633 2285 quem
664 2212 843 2265 trementes
858 2202 985 2283 posteri
1015 2196 1020 2209 '

446 2286 697 2359 Exosculomur
717 2290 895 2350 lectulum:
1009 2342 1012 2347 .
1066 2343 1069 2349 .

494 2373 659 2437 Miserere
687 2382 881 2435 nostrarum
908 2390 1067 2454 precum,

448 2455 611 2531 Placatus
641 2465 677 2534 ut
704 2457 857 2519 Christus
875 2459 946 2520 suis

445 2541 588 2604 Inellnet
607 2563 725 2604 aurem
744 2562 961 2623 prosperam,

446 2626 566 2689 Noxas
595 2649 654 2687 nec
684 2627 810 2690 omneis
830 2628 979 2705 imputet.

487 2712 524 2773 Si
553 2721 618 2772 rzte
644 2715 825 2773 solemnem
850 2713 938 2773 diem

452 2795 653 2860 Veneremur
681 2816 737 2858 ore
764 2805 795 2858 et
828 2803 975 2875 pectore,
1023 2846 1026 2854 .

441 2880 478 2958 Si
511 2881 572 2942 sub
597 2890 734 2941 tuorum
765 2881 889 2964 gaudio

449 2963 678 3049 Vestigiorum·
696 2966 901 3025 sternimur:

485 3049 663 3129 Paulisper
680 3049 744 3110 buc
764 3058 802 3110 tu
819 3049 975 3127 illabere,

439 3129 562 3196 Christi
575 3130 733 3218 fauorem
759 3131 926 3217 deferens,

441 3218 565 3280 Sensus
593 3219 727 3303 gruvuti
752 3224 789 3279 ut
813 3219 960 3280 sentiant

439 3302 608 3366 Leuumen
642 3303 882 3385 indulgentiae.

353 3407 459 3469 ITEM
480 3409 584 3488 hymn.
607 3424 636 3480 9.
661 3412 693 3470 in
716 3409 849 3470 Cassian.
870 3406 1148 3471 Forocornelian.=

272 3513 430 3600 Suggere,
463 3517 604 3599 siquod
633 3518 733 3579 babes
744 3518 878 3602 justum
900 3520 953 3580 vel
973 3516 1117 3578 amabile
1132 3519 1260 3589 votum,

319 3602 393 3664 Tibi
424 3602 454 3664 si
476 3622 541 3683 qua
565 3622 642 3683 spes
666 3611 730 3680 est,
756 3603 786 3663 si
816 3603 896 3683 quid
921 3602 1012 3663 intus
1039 3609 1183 3662 aestuas.

88 3668 259 3764 },⁰,¹{³,²„⁹'⁸“⁸
270 3687 392 3763 Audit,
428 3688 546 3762 crede,
575 3705 690 3765 preces
716 3694 848 3765 martyr
876 3687 1128 3767 prosperrimus
1152 3680 1300 3757 omneis,

312 3772 483 3852 Ratasque
508 3772 640 3847 reddit,
676 3790 760 3852 quas
773 3772 865 3833 videt
881 3770 1094 3852 probabileis.

270 3854 413 3932 Pareo,¹
431 3858 630 3933 complector
660 3858 849 3932 tumulum,
889 3857 1048 3919 lacrimas
1064 3870 1193 3938 quaque
1207 3844 1346 3934 fundo:

308 3939 412 4004 Altar
433 3941 568 4018 tepescit
591 3961 662 4015 ore,
686 3960 809 4001 saxum
824 3950 966 4020 pectore.

271 4026 363 4088 Titne
384 4044 509 4088 arcana
533 4025 599 4085 mei
621 4043 796 4103 percenseo
813 4034 933 4088 cuncta
953 4023 1099 4086 laboris:

312 4109 418 4186 Tunc,
441 4110 529 4189 quod
556 4109 730 4189 petebam,
753 4112 841 4191 quod
858 4110 1031 4188 timebam,
1058 4122 1256 4169 murmuras

263 4195 309 4256 Et
335 4203 409 4274 post
439 4201 490 4256 ter
514 4213 535 4254 a
557 4195 695 4254 domum
719 4194 820 4255 dubia
841 4194 904 4255 sub
927 4203 1017 4257 sorte
1035 4194 1212 4266 relictam,

304 4278 351 4343 Et
372 4299 466 4362 spem
477 4214 597 4364 futuri
616 4286 707 4346 sorte
724 4285 900 4344 nutantem
915 4278 1013 4358 boni,
