<?xml version="1.0" encoding="UTF-8"?>
<!DOCTYPE html PUBLIC "-//W3C//DTD XHTML 1.0 Transitional//EN"
    "http://www.w3.org/TR/xhtml1/DTD/xhtml1-transitional.dtd">
<html xmlns="http://www.w3.org/1999/xhtml" xml:lang="en" lang="en">
 <head>
  <title>
</title>
<meta http-equiv="Content-Type" content="text/html;charset=utf-8" />
  <meta name='ocr-system' content='tesseract 3.04.00' />
  <meta name='ocr-capabilities' content='ocr_page ocr_carea ocr_par ocr_line ocrx_word'/>
</head>
<body>
  <div class='ocr_page' id='page_1' title='image "./summadoctrinaec00kanigoog_0463.png"; bbox 0 0 2768 4762; ppageno 0'>
   <div class='ocr_carea' id='block_1_1' title="bbox 283 330 1104 445">
    <p class='ocr_par' dir='ltr' id='par_1_1' title="bbox 283 330 1104 445">
     <span class='ocr_line' id='line_1_1' title="bbox 283 330 1104 445; baseline -0.027 0"><span class='ocrx_word' id='word_1_1' title='bbox 283 370 367 445; x_wconf 74' lang='lat' dir='ltr'><strong>era</strong></span> <span class='ocrx_word' id='word_1_2' title='bbox 484 330 487 335; x_wconf 70' lang='grc'><strong>’</strong></span> <span class='ocrx_word' id='word_1_3' title='bbox 533 358 1104 431; x_wconf 74' lang='lat' dir='ltr'><strong>renascereris</strong></span> 
     </span>
    </p>
   </div>
   <div class='ocr_carea' id='block_1_2' title="bbox 105 548 1364 1821">
    <p class='ocr_par' dir='ltr' id='par_1_2' title="bbox 285 548 1364 634">
     <span class='ocr_line' id='line_1_2' title="bbox 285 548 1364 634; baseline 0.004 -20"><span class='ocrx_word' id='word_1_4' title='bbox 285 571 350 614; x_wconf 89' lang='lat' dir='ltr'><strong>non</strong></span> <span class='ocrx_word' id='word_1_5' title='bbox 376 552 440 627; x_wconf 84' lang='lat' dir='ltr'><strong>sit,</strong></span> <span class='ocrx_word' id='word_1_6' title='bbox 469 571 573 634; x_wconf 86' lang='lat' dir='ltr'><strong>neque</strong></span> <span class='ocrx_word' id='word_1_7' title='bbox 599 549 714 627; x_wconf 82' lang='lat' dir='ltr'><strong>divisa,</strong></span> <span class='ocrx_word' id='word_1_8' title='bbox 749 548 804 611; x_wconf 84' lang='lat' dir='ltr'><strong>sed</strong></span> <span class='ocrx_word' id='word_1_9' title='bbox 822 549 864 611; x_wconf 86' lang='lat' dir='ltr'><strong>sit</strong></span> <span class='ocrx_word' id='word_1_10' title='bbox 880 548 993 633; x_wconf 85' lang='lat' dir='ltr'><strong>utique</strong></span> <span class='ocrx_word' id='word_1_11' title='bbox 1012 568 1178 627; x_wconf 72' lang='lat' dir='ltr'><strong>connma,</strong></span> <span class='ocrx_word' id='word_1_12' title='bbox 1197 562 1240 614; x_wconf 81' lang='lat' dir='ltr'><strong>ct</strong></span> <span class='ocrx_word' id='word_1_13' title='bbox 1261 552 1364 619; x_wconf 78' lang='lat' dir='ltr'><strong>colias·</strong></span> 
     </span>
    </p>

    <p class='ocr_par' dir='ltr' id='par_1_3' title="bbox 105 634 1362 1821">
     <span class='ocr_line' id='line_1_3' title="bbox 286 634 1177 719; baseline -0.003 -21"><span class='ocrx_word' id='word_1_14' title='bbox 286 642 421 699; x_wconf 89' lang='lat' dir='ltr'><strong>rentium</strong></span> <span class='ocrx_word' id='word_1_15' title='bbox 438 636 498 697; x_wconf 87' lang='lat' dir='ltr'><strong>sibi</strong></span> <span class='ocrx_word' id='word_1_16' title='bbox 519 638 646 695; x_wconf 81' lang='lat' dir='ltr'><strong>invicem</strong></span> <span class='ocrx_word' id='word_1_17' title='bbox 659 636 856 695; x_wconf 81' lang='lat' dir='ltr'>sacerdotum</span> <span class='ocrx_word' id='word_1_18' title='bbox 873 634 996 719; x_wconf 85' lang='lat' dir='ltr'><strong>glutino</strong></span> <span class='ocrx_word' id='word_1_19' title='bbox 1015 634 1177 717; x_wconf 89' lang='lat' dir='ltr'><strong>copulata.</strong></span> 
     </span>
     <span class='ocr_line' id='line_1_4' title="bbox 130 717 1359 807; baseline 0.003 -25"><span class='ocrx_word' id='word_1_20' title='bbox 130 748 254 793; x_wconf 55' lang='lat' dir='ltr'><strong>mm</strong></span> <span class='ocrx_word' id='word_1_21' title='bbox 370 734 400 791; x_wconf 78' lang='lat'><strong>3.</strong></span> <span class='ocrx_word' id='word_1_22' title='bbox 443 719 650 782; x_wconf 84' lang='lat' dir='ltr'><strong>IRENAEUS</strong></span> <span class='ocrx_word' id='word_1_23' title='bbox 671 721 787 779; x_wconf 79' lang='lat' dir='ltr'>advers.</span> <span class='ocrx_word' id='word_1_24' title='bbox 810 717 927 781; x_wconf 88' lang='lat' dir='ltr'><strong>haeres.</strong></span> <span class='ocrx_word' id='word_1_25' title='bbox 948 720 984 779; x_wconf 87' lang='lat' dir='ltr'><strong>L.</strong></span> <span class='ocrx_word' id='word_1_26' title='bbox 1004 718 1062 779; x_wconf 89' lang='lat' dir='ltr'><strong>lll.</strong></span> <span class='ocrx_word' id='word_1_27' title='bbox 1086 740 1123 782; x_wconf 82' lang='lat' dir='ltr'><strong>e..</strong></span> <span class='ocrx_word' id='word_1_28' title='bbox 1138 732 1198 787; x_wconf 53' lang='lat' dir='ltr'><strong>:te</strong></span> <span class='ocrx_word' id='word_1_29' title='bbox 1223 722 1281 783; x_wconf 92' lang='lat' dir='ltr'><strong>sed</strong></span> <span class='ocrx_word' id='word_1_30' title='bbox 1294 746 1359 807; x_wconf 85' lang='lat' dir='ltr'><strong>qao·</strong></span> 
     </span>
     <span class='ocr_line' id='line_1_5' title="bbox 105 800 1360 891; baseline 0.002 -25"><span class='ocrx_word' id='word_1_31' title='bbox 105 800 265 891; x_wconf 59' lang='lat' dir='ltr'><strong>{lgfflffim</strong></span> <span class='ocrx_word' id='word_1_32' title='bbox 287 808 369 867; x_wconf 91' lang='lat' dir='ltr'><strong>niam</strong></span> <span class='ocrx_word' id='word_1_33' title='bbox 387 806 476 866; x_wconf 81' lang='lat' dir='ltr'><strong>valde</strong></span> <span class='ocrx_word' id='word_1_34' title='bbox 496 806 622 886; x_wconf 81' lang='lat' dir='ltr'><strong>longum</strong></span> <span class='ocrx_word' id='word_1_35' title='bbox 641 817 702 878; x_wconf 90' lang='lat' dir='ltr'><strong>est,</strong></span> <span class='ocrx_word' id='word_1_36' title='bbox 726 806 756 862; x_wconf 90' lang='lat' dir='ltr'><strong>in</strong></span> <span class='ocrx_word' id='word_1_37' title='bbox 777 802 841 864; x_wconf 83' lang='lat' dir='ltr'><strong>boo</strong></span> <span class='ocrx_word' id='word_1_38' title='bbox 861 803 917 865; x_wconf 87' lang='lat' dir='ltr'><strong>tali</strong></span> <span class='ocrx_word' id='word_1_39' title='bbox 933 801 1090 865; x_wconf 83' lang='lat' dir='ltr'><strong>volumine</strong></span> <span class='ocrx_word' id='word_1_40' title='bbox 1113 806 1265 866; x_wconf 84' lang='lat' dir='ltr'><strong>omniurn</strong></span> <span class='ocrx_word' id='word_1_41' title='bbox 1277 810 1360 869; x_wconf 87' lang='lat' dir='ltr'><strong>ecclc·</strong></span> 
     </span>
     <span class='ocr_line' id='line_1_6' title="bbox 287 890 1361 973; baseline 0.004 -22"><span class='ocrx_word' id='word_1_42' title='bbox 287 894 400 952; x_wconf 86' lang='lat' dir='ltr'><strong>siarum</strong></span> <span class='ocrx_word' id='word_1_43' title='bbox 434 910 610 949; x_wconf 87' lang='lat' dir='ltr'><strong>enumerare</strong></span> <span class='ocrx_word' id='word_1_44' title='bbox 643 890 865 961; x_wconf 83' lang='lat' dir='ltr'><strong>successiones,</strong></span> <span class='ocrx_word' id='word_1_45' title='bbox 900 890 1043 949; x_wconf 80' lang='lat' dir='ltr'><strong>maximae</strong></span> <span class='ocrx_word' id='word_1_46' title='bbox 1074 899 1107 948; x_wconf 90' lang='lat' dir='ltr'><strong>et</strong></span> <span class='ocrx_word' id='word_1_47' title='bbox 1132 892 1361 973; x_wconf 86' lang='lat' dir='ltr'><strong>antiquissimae</strong></span> 
     </span>
     <span class='ocr_line' id='line_1_7' title="bbox 288 970 1362 1059; baseline 0.006 -25"><span class='ocrx_word' id='word_1_48' title='bbox 288 989 320 1036; x_wconf 92' lang='lat' dir='ltr'><strong>et</strong></span> <span class='ocrx_word' id='word_1_49' title='bbox 353 974 497 1035; x_wconf 91' lang='lat' dir='ltr'><strong>omnibus</strong></span> <span class='ocrx_word' id='word_1_50' title='bbox 535 976 677 1057; x_wconf 79' lang='lat' dir='ltr'><strong>cognitae</strong></span> <span class='ocrx_word' id='word_1_51' title='bbox 717 994 734 1033; x_wconf 91' lang='lat' dir='ltr'><strong>a</strong></span> <span class='ocrx_word' id='word_1_52' title='bbox 767 974 995 1055; x_wconf 77' lang='lat' dir='ltr'><strong>gloriosissimis</strong></span> <span class='ocrx_word' id='word_1_53' title='bbox 1039 970 1173 1033; x_wconf 90' lang='lat' dir='ltr'><strong>duobus</strong></span> <span class='ocrx_word' id='word_1_54' title='bbox 1211 978 1362 1059; x_wconf 82' lang='lat' dir='ltr'><strong>Apostolis</strong></span> 
     </span>
     <span class='ocr_line' id='line_1_8' title="bbox 109 1057 1361 1139; baseline 0.004 -20"><span class='ocrx_word' id='word_1_55' title='bbox 109 1072 181 1133; x_wconf 63' lang='lat' dir='ltr'><strong>ride·</strong></span> <span class='ocrx_word' id='word_1_56' title='bbox 193 1074 216 1114; x_wconf 76' lang='lat' dir='ltr'><strong>tn</strong></span> <span class='ocrx_word' id='word_1_57' title='bbox 226 1086 277 1115; x_wconf 74' lang='lat' dir='ltr'><strong>sue·</strong></span> <span class='ocrx_word' id='word_1_58' title='bbox 287 1058 384 1120; x_wconf 87' lang='lat' dir='ltr'><strong>Petro</strong></span> <span class='ocrx_word' id='word_1_59' title='bbox 412 1072 443 1119; x_wconf 89' lang='lat' dir='ltr'><strong>et</strong></span> <span class='ocrx_word' id='word_1_60' title='bbox 471 1057 572 1119; x_wconf 89' lang='lat' dir='ltr'><strong>Paulo</strong></span> <span class='ocrx_word' id='word_1_61' title='bbox 600 1059 714 1117; x_wconf 83' lang='lat' dir='ltr'><strong>Rornae</strong></span> <span class='ocrx_word' id='word_1_62' title='bbox 747 1057 892 1117; x_wconf 81' lang='lat' dir='ltr'>fundatae</span> <span class='ocrx_word' id='word_1_63' title='bbox 919 1068 951 1117; x_wconf 89' lang='lat' dir='ltr'><strong>et</strong></span> <span class='ocrx_word' id='word_1_64' title='bbox 985 1059 1180 1117; x_wconf 79' lang='lat' dir='ltr'><strong>constitutae</strong></span> <span class='ocrx_word' id='word_1_65' title='bbox 1204 1058 1361 1139; x_wconf 75' lang='lat' dir='ltr'><strong>Ecclesiae,</strong></span> 
     </span>
     <span class='ocr_line' id='line_1_9' title="bbox 107 1137 1362 1226; baseline -0.005 -13"><span class='ocrx_word' id='word_1_66' title='bbox 107 1137 370 1225; x_wconf 63' lang='lat' dir='ltr'><strong>{25:2⁰”50l5‘&#39;eam,</strong></span> <span class='ocrx_word' id='word_1_67' title='bbox 403 1164 495 1224; x_wconf 88' lang='lat' dir='ltr'><strong>qnam</strong></span> <span class='ocrx_word' id='word_1_68' title='bbox 519 1142 614 1201; x_wconf 91' lang='lat' dir='ltr'><strong>habet</strong></span> <span class='ocrx_word' id='word_1_69' title='bbox 642 1142 680 1201; x_wconf 92' lang='lat' dir='ltr'><strong>ab</strong></span> <span class='ocrx_word' id='word_1_70' title='bbox 712 1142 871 1226; x_wconf 89' lang='lat' dir='ltr'><strong>Apostolis</strong></span> <span class='ocrx_word' id='word_1_71' title='bbox 900 1141 1116 1217; x_wconf 83' lang='lat' dir='ltr'><strong>traditionem,</strong></span> <span class='ocrx_word' id='word_1_72' title='bbox 1140 1155 1177 1203; x_wconf 90' lang='lat' dir='ltr'><strong>et</strong></span> <span class='ocrx_word' id='word_1_73' title='bbox 1203 1164 1362 1207; x_wconf 75' lang='lat' dir='ltr'><strong>annuncia·</strong></span> 
     </span>
     <span class='ocr_line' id='line_1_10' title="bbox 107 1224 1362 1313; baseline 0.002 -25"><span class='ocrx_word' id='word_1_74' title='bbox 107 1228 349 1311; x_wconf 55' lang='lat' dir='ltr'><strong>ffiffissfflssjtam</strong></span> <span class='ocrx_word' id='word_1_75' title='bbox 369 1227 548 1287; x_wconf 90' lang='lat' dir='ltr'><strong>bominibus</strong></span> <span class='ocrx_word' id='word_1_76' title='bbox 564 1224 676 1305; x_wconf 87' lang='lat' dir='ltr'><strong>fidem,</strong></span> <span class='ocrx_word' id='word_1_77' title='bbox 698 1248 755 1309; x_wconf 91' lang='lat' dir='ltr'><strong>per</strong></span> <span class='ocrx_word' id='word_1_78' title='bbox 774 1230 981 1286; x_wconf 81' lang='lat' dir='ltr'><strong>successiones</strong></span> <span class='ocrx_word' id='word_1_79' title='bbox 1000 1226 1249 1308; x_wconf 86' lang='lat' dir='ltr'><strong>Episcopornm</strong></span> <span class='ocrx_word' id='word_1_80' title='bbox 1265 1252 1362 1313; x_wconf 82' lang='lat' dir='ltr'><strong>peree-</strong></span> 
     </span>
     <span class='ocr_line' id='line_1_11' title="bbox 109 1310 1361 1393; baseline 0.001 -20"><span class='ocrx_word' id='word_1_81' title='bbox 109 1319 180 1361; x_wconf 72' lang='lat'><strong>21⁰0..</strong></span> <span class='ocrx_word' id='word_1_82' title='bbox 287 1315 420 1373; x_wconf 88' lang='lat' dir='ltr'><strong>nientem</strong></span> <span class='ocrx_word' id='word_1_83' title='bbox 437 1310 594 1393; x_wconf 87' lang='lat' dir='ltr'><strong>usquead</strong></span> <span class='ocrx_word' id='word_1_84' title='bbox 616 1331 693 1388; x_wconf 87' lang='lat' dir='ltr'><strong>nos,</strong></span> <span class='ocrx_word' id='word_1_85' title='bbox 716 1310 910 1387; x_wconf 85' lang='lat' dir='ltr'><strong>indicantes,</strong></span> <span class='ocrx_word' id='word_1_86' title='bbox 933 1310 1161 1371; x_wconf 79' lang='lat' dir='ltr'><strong>contundimus</strong></span> <span class='ocrx_word' id='word_1_87' title='bbox 1181 1332 1293 1375; x_wconf 88' lang='lat' dir='ltr'><strong>omnes</strong></span> <span class='ocrx_word' id='word_1_88' title='bbox 1309 1336 1361 1393; x_wconf 84' lang='lat' dir='ltr'><strong>eos,</strong></span> 
     </span>
     <span class='ocr_line' id='line_1_12' title="bbox 287 1394 1361 1480; baseline 0.002 -25"><span class='ocrx_word' id='word_1_89' title='bbox 287 1399 342 1478; x_wconf 93' lang='lat' dir='ltr'><strong>qui</strong></span> <span class='ocrx_word' id='word_1_90' title='bbox 363 1415 495 1479; x_wconf 89' lang='lat' dir='ltr'><strong>quoquo</strong></span> <span class='ocrx_word' id='word_1_91' title='bbox 523 1396 618 1457; x_wconf 90' lang='lat' dir='ltr'><strong>modo</strong></span> <span class='ocrx_word' id='word_1_92' title='bbox 637 1395 690 1457; x_wconf 80' lang='lat' dir='ltr'><strong>vel</strong></span> <span class='ocrx_word' id='word_1_93' title='bbox 704 1416 761 1479; x_wconf 90' lang='lat' dir='ltr'><strong>per</strong></span> <span class='ocrx_word' id='word_1_94' title='bbox 782 1398 829 1455; x_wconf 90' lang='lat' dir='ltr'><strong>sui</strong></span> <span class='ocrx_word' id='word_1_95' title='bbox 849 1396 1031 1480; x_wconf 81' lang='lat' dir='ltr'><strong>placentiam</strong></span> <span class='ocrx_word' id='word_1_96' title='bbox 1047 1394 1177 1472; x_wconf 87' lang='lat' dir='ltr'><strong>malam,</strong></span> <span class='ocrx_word' id='word_1_97' title='bbox 1203 1400 1254 1459; x_wconf 83' lang='lat' dir='ltr'><strong>rel</strong></span> <span class='ocrx_word' id='word_1_98' title='bbox 1268 1422 1361 1463; x_wconf 78' lang='lat' dir='ltr'><strong>vam</strong></span> 
     </span>
     <span class='ocr_line' id='line_1_13' title="bbox 286 1478 1361 1567; baseline 0.006 -29"><span class='ocrx_word' id='word_1_99' title='bbox 286 1480 432 1562; x_wconf 76' lang='lat' dir='ltr'><strong>gloriam,</strong></span> <span class='ocrx_word' id='word_1_100' title='bbox 461 1478 508 1540; x_wconf 83' lang='lat' dir='ltr'><strong>vel</strong></span> <span class='ocrx_word' id='word_1_101' title='bbox 547 1500 605 1563; x_wconf 90' lang='lat' dir='ltr'><strong>per</strong></span> <span class='ocrx_word' id='word_1_102' title='bbox 636 1482 813 1559; x_wconf 72' lang='lat' dir='ltr'><strong>caecitatem</strong></span> <span class='ocrx_word' id='word_1_103' title='bbox 834 1493 865 1541; x_wconf 89' lang='lat' dir='ltr'><strong>et</strong></span> <span class='ocrx_word' id='word_1_104' title='bbox 894 1480 1003 1541; x_wconf 88' lang='lat' dir='ltr'><strong>malam</strong></span> <span class='ocrx_word' id='word_1_105' title='bbox 1024 1484 1216 1551; x_wconf 76' lang='lat' dir='ltr'><strong>sententiam</strong></span> <span class='ocrx_word' id='word_1_106' title='bbox 1232 1500 1361 1567; x_wconf 79' lang='lat' dir='ltr'><strong>praetes-</strong></span> 
     </span>
     <span class='ocr_line' id='line_1_14' title="bbox 286 1560 1358 1655; baseline 0.005 -31"><span class='ocrx_word' id='word_1_107' title='bbox 286 1585 377 1647; x_wconf 88' lang='lat' dir='ltr'><strong>quam</strong></span> <span class='ocrx_word' id='word_1_108' title='bbox 399 1574 528 1647; x_wconf 84' lang='lat' dir='ltr'><strong>oportet</strong></span> <span class='ocrx_word' id='word_1_109' title='bbox 548 1561 711 1649; x_wconf 85' lang='lat' dir='ltr'><strong>colligunt.</strong></span> <span class='ocrx_word' id='word_1_110' title='bbox 767 1563 817 1625; x_wconf 90' lang='lat' dir='ltr'><strong>Ad</strong></span> <span class='ocrx_word' id='word_1_111' title='bbox 838 1563 918 1625; x_wconf 74' lang='lat' dir='ltr'><strong>lianc</strong></span> <span class='ocrx_word' id='word_1_112' title='bbox 936 1566 1016 1625; x_wconf 88' lang='lat' dir='ltr'><strong>enim</strong></span> <span class='ocrx_word' id='word_1_113' title='bbox 1034 1560 1217 1626; x_wconf 83' lang='lat' dir='ltr'><strong>Ecclesiam</strong></span> <span class='ocrx_word' id='word_1_114' title='bbox 1239 1584 1358 1655; x_wconf 84' lang='lat' dir='ltr'><strong>propter</strong></span> 
     </span>
     <span class='ocr_line' id='line_1_15' title="bbox 107 1648 1355 1733; baseline -0.002 -22"><span class='ocrx_word' id='word_1_115' title='bbox 107 1668 275 1729; x_wconf 57' lang='lat' dir='ltr'><strong>caesennae-</strong></span> <span class='ocrx_word' id='word_1_116' title='bbox 310 1650 494 1708; x_wconf 88' lang='lat' dir='ltr'><strong>otentiorem</strong></span> <span class='ocrx_word' id='word_1_117' title='bbox 519 1648 796 1733; x_wconf 85' lang='lat' dir='ltr'><strong>principalitatem,</strong></span> <span class='ocrx_word' id='word_1_118' title='bbox 828 1668 951 1711; x_wconf 87' lang='lat' dir='ltr'><strong>necesse</strong></span> <span class='ocrx_word' id='word_1_119' title='bbox 979 1660 1025 1709; x_wconf 85' lang='lat' dir='ltr'><strong>est</strong></span> <span class='ocrx_word' id='word_1_120' title='bbox 1051 1668 1183 1709; x_wconf 82' lang='lat' dir='ltr'><strong>ornnem</strong></span> <span class='ocrx_word' id='word_1_121' title='bbox 1203 1656 1355 1716; x_wconf 71' lang='lat' dir='ltr'><strong>convenire</strong></span> 
     </span>
     <span class='ocr_line' id='line_1_16' title="bbox 107 1670 1354 1821; baseline 0.006 -30"><span class='ocrx_word' id='word_1_122' title='bbox 107 1730 189 1809; x_wconf 58' lang='lat' dir='ltr'><strong>22¹¹⁵2i</strong></span> <span class='ocrx_word' id='word_1_123' title='bbox 202 1670 476 1809; x_wconf 56' lang='lat' dir='ltr'><strong>{ffl&#39;ilcclesiam</strong></span> <span class='ocrx_word' id='word_1_124' title='bbox 495 1732 558 1793; x_wconf 83' lang='lat' dir='ltr'><strong>hoe</strong></span> <span class='ocrx_word' id='word_1_125' title='bbox 571 1744 634 1812; x_wconf 89' lang='lat' dir='ltr'><strong>est,</strong></span> <span class='ocrx_word' id='word_1_126' title='bbox 662 1756 715 1795; x_wconf 90' lang='lat' dir='ltr'><strong>eos</strong></span> <span class='ocrx_word' id='word_1_127' title='bbox 726 1778 736 1812; x_wconf 96' lang='lat'><strong>,</strong></span> <span class='ocrx_word' id='word_1_128' title='bbox 766 1736 820 1815; x_wconf 87' lang='lat' dir='ltr'><strong>qni</strong></span> <span class='ocrx_word' id='word_1_129' title='bbox 839 1731 1067 1815; x_wconf 80' lang='lat' dir='ltr'><strong>cantandique</strong></span> <span class='ocrx_word' id='word_1_130' title='bbox 1086 1730 1222 1795; x_wconf 84' lang='lat' dir='ltr'><strong>fideles:</strong></span> <span class='ocrx_word' id='word_1_131' title='bbox 1248 1742 1282 1799; x_wconf 92' lang='lat' dir='ltr'><strong>in</strong></span> <span class='ocrx_word' id='word_1_132' title='bbox 1304 1760 1354 1821; x_wconf 80' lang='lat' dir='ltr'><strong>que</strong></span> 
     </span>
    </p>
   </div>
   <div class='ocr_carea' id='block_1_3' title="bbox 104 1816 1358 2663">
    <p class='ocr_par' dir='ltr' id='par_1_4' title="bbox 104 1816 1358 2663">
     <span class='ocr_line' id='line_1_17' title="bbox 108 1816 1353 1907; baseline 0.007 -33"><span class='ocrx_word' id='word_1_133' title='bbox 108 1820 197 1907; x_wconf 55' lang='lat' dir='ltr'><strong>guest*</strong></span> <span class='ocrx_word' id='word_1_134' title='bbox 216 1820 238 1859; x_wconf 73' lang='lat'><strong>¹¹¹</strong></span> <span class='ocrx_word' id='word_1_135' title='bbox 250 1820 275 1858; x_wconf 75' lang='lat' dir='ltr'><strong>fl·</strong></span> <span class='ocrx_word' id='word_1_136' title='bbox 287 1837 405 1899; x_wconf 88' lang='lat' dir='ltr'><strong>semper</strong></span> <span class='ocrx_word' id='word_1_137' title='bbox 422 1816 461 1876; x_wconf 92' lang='lat' dir='ltr'><strong>ab</strong></span> <span class='ocrx_word' id='word_1_138' title='bbox 481 1816 553 1891; x_wconf 87' lang='lat' dir='ltr'><strong>bis,</strong></span> <span class='ocrx_word' id='word_1_139' title='bbox 580 1820 636 1901; x_wconf 89' lang='lat' dir='ltr'><strong>qni</strong></span> <span class='ocrx_word' id='word_1_140' title='bbox 659 1831 731 1879; x_wconf 86' lang='lat' dir='ltr'><strong>sunt</strong></span> <span class='ocrx_word' id='word_1_141' title='bbox 755 1820 915 1899; x_wconf 84' lang='lat' dir='ltr'><strong>undique,</strong></span> <span class='ocrx_word' id='word_1_142' title='bbox 937 1829 1120 1877; x_wconf 81' lang='lat' dir='ltr'><strong>conservata</strong></span> <span class='ocrx_word' id='word_1_143' title='bbox 1139 1833 1190 1881; x_wconf 84' lang='lat' dir='ltr'><strong>est</strong></span> <span class='ocrx_word' id='word_1_144' title='bbox 1210 1844 1263 1899; x_wconf 91' lang='lat' dir='ltr'><strong>ea,</strong></span> <span class='ocrx_word' id='word_1_145' title='bbox 1292 1844 1353 1907; x_wconf 84' lang='lat' dir='ltr'><strong>quse</strong></span> 
     </span>
     <span class='ocr_line' id='line_1_18' title="bbox 108 1875 1351 1984; baseline 0.008 -29"><span class='ocrx_word' id='word_1_146' title='bbox 108 1875 251 1955; x_wconf 50' lang='lat' dir='ltr'><strong>necaonem·</strong></span> <span class='ocrx_word' id='word_1_147' title='bbox 288 1913 333 1961; x_wconf 88' lang='lat' dir='ltr'><strong>est</strong></span> <span class='ocrx_word' id='word_1_148' title='bbox 357 1901 397 1959; x_wconf 88' lang='lat' dir='ltr'><strong>ab</strong></span> <span class='ocrx_word' id='word_1_149' title='bbox 417 1901 598 1984; x_wconf 91' lang='lat' dir='ltr'><strong>Apostolis,</strong></span> <span class='ocrx_word' id='word_1_150' title='bbox 620 1900 759 1963; x_wconf 85' lang='lat' dir='ltr'><strong>traditio.</strong></span> <span class='ocrx_word' id='word_1_151' title='bbox 803 1904 979 1962; x_wconf 82' lang='lat' dir='ltr'><strong>Fundantes</strong></span> <span class='ocrx_word' id='word_1_152' title='bbox 1000 1902 1100 1983; x_wconf 87' lang='lat' dir='ltr'><strong>igitur</strong></span> <span class='ocrx_word' id='word_1_153' title='bbox 1121 1916 1155 1964; x_wconf 92' lang='lat' dir='ltr'><strong>et</strong></span> <span class='ocrx_word' id='word_1_154' title='bbox 1180 1907 1351 1969; x_wconf 87' lang='lat' dir='ltr'><strong>instruentes</strong></span> 
     </span>
     <span class='ocr_line' id='line_1_19' title="bbox 108 1984 1354 2071; baseline 0.006 -29"><span class='ocrx_word' id='word_1_155' title='bbox 108 1984 274 2071; x_wconf 47' lang='lat' dir='ltr'><strong>{lgwffl&#39;ffl-</strong></span> <span class='ocrx_word' id='word_1_156' title='bbox 289 1984 370 2045; x_wconf 88' lang='lat' dir='ltr'><strong>beati</strong></span> <span class='ocrx_word' id='word_1_157' title='bbox 395 1986 540 2069; x_wconf 84' lang='lat' dir='ltr'><strong>Apostoli</strong></span> <span class='ocrx_word' id='word_1_158' title='bbox 564 1986 742 2062; x_wconf 88' lang='lat' dir='ltr'><strong>ecclesiam,</strong></span> <span class='ocrx_word' id='word_1_159' title='bbox 767 1984 857 2047; x_wconf 85' lang='lat' dir='ltr'><strong>&#39;Lino</strong></span> <span class='ocrx_word' id='word_1_160' title='bbox 880 1989 1093 2069; x_wconf 85' lang='lat' dir='ltr'><strong>episcopatum</strong></span> <span class='ocrx_word' id='word_1_161' title='bbox 1110 1986 1354 2051; x_wconf 80' lang='lat' dir='ltr'><strong>administranda</strong></span> 
     </span>
     <span class='ocr_line' id='line_1_20' title="bbox 108 2046 1358 2157; baseline 0.014 -38"><span class='ocrx_word' id='word_1_162' title='bbox 108 2046 265 2123; x_wconf 53' lang='lat' dir='ltr'><strong>sallinis</strong></span> <span class='ocrx_word' id='word_1_163' title='bbox 268 2061 276 2070; x_wconf 78' lang='grc'><strong>’</strong></span> <span class='ocrx_word' id='word_1_164' title='bbox 288 2067 444 2129; x_wconf 83' lang='lat' dir='ltr'><strong>Ecclesiae</strong></span> <span class='ocrx_word' id='word_1_165' title='bbox 467 2070 672 2145; x_wconf 83' lang='lat' dir='ltr'><strong>tradiderunt.</strong></span> <span class='ocrx_word' id='word_1_166' title='bbox 732 2064 878 2129; x_wconf 86' lang='lat' dir='ltr'><strong>Succedit</strong></span> <span class='ocrx_word' id='word_1_167' title='bbox 906 2082 1007 2130; x_wconf 91' lang='lat' dir='ltr'><strong>autem</strong></span> <span class='ocrx_word' id='word_1_168' title='bbox 1027 2072 1057 2130; x_wconf 90' lang='lat' dir='ltr'><strong>ei</strong></span> <span class='ocrx_word' id='word_1_169' title='bbox 1072 2070 1254 2134; x_wconf 84' lang='lat' dir='ltr'><strong>Auaeletus:</strong></span> <span class='ocrx_word' id='word_1_170' title='bbox 1285 2088 1358 2157; x_wconf 85' lang='lat' dir='ltr'><strong>post</strong></span> 
     </span>
     <span class='ocr_line' id='line_1_21' title="bbox 105 2136 1352 2237; baseline 0.006 -27"><span class='ocrx_word' id='word_1_171' title='bbox 105 2136 276 2223; x_wconf 56' lang='lat' dir='ltr'><strong>{i&#39;ii‘issssii‘llf</strong></span> <span class='ocrx_word' id='word_1_172' title='bbox 287 2174 355 2211; x_wconf 78' lang='lat' dir='ltr'><strong>earm</strong></span> <span class='ocrx_word' id='word_1_173' title='bbox 370 2157 465 2214; x_wconf 90' lang='lat' dir='ltr'><strong>tertio</strong></span> <span class='ocrx_word' id='word_1_174' title='bbox 488 2154 559 2214; x_wconf 93' lang='lat' dir='ltr'><strong>loco</strong></span> <span class='ocrx_word' id='word_1_175' title='bbox 577 2152 615 2213; x_wconf 91' lang='lat' dir='ltr'><strong>ab</strong></span> <span class='ocrx_word' id='word_1_176' title='bbox 635 2153 795 2234; x_wconf 85' lang='lat' dir='ltr'><strong>Apostolis</strong></span> <span class='ocrx_word' id='word_1_177' title='bbox 814 2155 1033 2237; x_wconf 77' lang='lat' dir='ltr'><strong>llpiscopatum</strong></span> <span class='ocrx_word' id='word_1_178' title='bbox 1055 2156 1183 2215; x_wconf 89' lang='lat' dir='ltr'><strong>sortitur</strong></span> <span class='ocrx_word' id='word_1_179' title='bbox 1200 2157 1352 2229; x_wconf 83' lang='lat' dir='ltr'><strong>Clemens,</strong></span> 
     </span>
     <span class='ocr_line' id='line_1_22' title="bbox 104 2235 1346 2319; baseline 0.006 -25"><span class='ocrx_word' id='word_1_180' title='bbox 104 2235 186 2270; x_wconf 61' lang='lat' dir='ltr'><strong>mm·</strong></span> <span class='ocrx_word' id='word_1_181' title='bbox 285 2240 339 2319; x_wconf 91' lang='lat' dir='ltr'><strong>qui</strong></span> <span class='ocrx_word' id='word_1_182' title='bbox 372 2252 403 2298; x_wconf 92' lang='lat' dir='ltr'><strong>et</strong></span> <span class='ocrx_word' id='word_1_183' title='bbox 433 2238 511 2299; x_wconf 86' lang='lat' dir='ltr'><strong>vidit</strong></span> <span class='ocrx_word' id='word_1_184' title='bbox 539 2238 623 2319; x_wconf 91' lang='lat' dir='ltr'><strong>ipsos</strong></span> <span class='ocrx_word' id='word_1_185' title='bbox 653 2237 843 2319; x_wconf 78' lang='lat' dir='ltr'><strong>Apostolos,</strong></span> <span class='ocrx_word' id='word_1_186' title='bbox 876 2251 907 2298; x_wconf 93' lang='lat' dir='ltr'><strong>et</strong></span> <span class='ocrx_word' id='word_1_187' title='bbox 931 2239 1069 2301; x_wconf 89' lang='lat' dir='ltr'><strong>contulit</strong></span> <span class='ocrx_word' id='word_1_188' title='bbox 1099 2243 1256 2317; x_wconf 86' lang='lat' dir='ltr'><strong>cumeis,</strong></span> <span class='ocrx_word' id='word_1_189' title='bbox 1293 2265 1346 2302; x_wconf 77' lang='lat' dir='ltr'><strong>cun</strong></span> 
     </span>
     <span class='ocr_line' id='line_1_23' title="bbox 282 2321 1337 2406; baseline 0.002 -25"><span class='ocrx_word' id='word_1_190' title='bbox 282 2322 385 2382; x_wconf 93' lang='lat' dir='ltr'><strong>adhuc</strong></span> <span class='ocrx_word' id='word_1_191' title='bbox 412 2324 602 2382; x_wconf 87' lang='lat' dir='ltr'><strong>insonantem</strong></span> <span class='ocrx_word' id='word_1_192' title='bbox 626 2321 886 2404; x_wconf 87' lang='lat' dir='ltr'><strong>praedicationem</strong></span> <span class='ocrx_word' id='word_1_193' title='bbox 915 2322 1149 2406; x_wconf 82' lang='lat' dir='ltr'><strong>Apostolorum</strong></span> <span class='ocrx_word' id='word_1_194' title='bbox 1174 2327 1337 2385; x_wconf 76' lang='lat' dir='ltr'><strong>etta-aditio·</strong></span> 
     </span>
     <span class='ocr_line' id='line_1_24' title="bbox 278 2404 1343 2471; baseline 0.003 -7"><span class='ocrx_word' id='word_1_195' title='bbox 278 2426 348 2465; x_wconf 87' lang='lat' dir='ltr'><strong>nem</strong></span> <span class='ocrx_word' id='word_1_196' title='bbox 380 2420 448 2466; x_wconf 86' lang='lat' dir='ltr'><strong>ante</strong></span> <span class='ocrx_word' id='word_1_197' title='bbox 478 2407 587 2466; x_wconf 91' lang='lat' dir='ltr'><strong>oculos</strong></span> <span class='ocrx_word' id='word_1_198' title='bbox 617 2404 759 2466; x_wconf 82' lang='lat' dir='ltr'><strong>baberet:</strong></span> <span class='ocrx_word' id='word_1_199' title='bbox 789 2408 868 2467; x_wconf 90' lang='lat' dir='ltr'><strong>Huic</strong></span> <span class='ocrx_word' id='word_1_200' title='bbox 907 2423 1008 2467; x_wconf 88' lang='lat' dir='ltr'><strong>autem</strong></span> <span class='ocrx_word' id='word_1_201' title='bbox 1041 2409 1200 2470; x_wconf 89' lang='lat' dir='ltr'><strong>Clementi</strong></span> <span class='ocrx_word' id='word_1_202' title='bbox 1231 2410 1343 2471; x_wconf 78' lang='lat' dir='ltr'><strong>succedit</strong></span> 
     </span>
     <span class='ocr_line' id='line_1_25' title="bbox 279 2488 1344 2576; baseline 0.002 -27"><span class='ocrx_word' id='word_1_203' title='bbox 279 2488 455 2568; x_wconf 81' lang='lat' dir='ltr'><strong>Evaristus,</strong></span> <span class='ocrx_word' id='word_1_204' title='bbox 495 2504 526 2552; x_wconf 89' lang='lat' dir='ltr'><strong>et</strong></span> <span class='ocrx_word' id='word_1_205' title='bbox 557 2492 700 2551; x_wconf 77' lang='lat' dir='ltr'><strong>Erasisto</strong></span> <span class='ocrx_word' id='word_1_206' title='bbox 729 2490 919 2569; x_wconf 80' lang='lat' dir='ltr'><strong>Alexander,</strong></span> <span class='ocrx_word' id='word_1_207' title='bbox 960 2514 997 2551; x_wconf 92' lang='lat' dir='ltr'><strong>ac</strong></span> <span class='ocrx_word' id='word_1_208' title='bbox 1025 2494 1182 2576; x_wconf 81' lang='lat' dir='ltr'><strong>deinceps</strong></span> <span class='ocrx_word' id='word_1_209' title='bbox 1203 2514 1294 2555; x_wconf 82' lang='lat' dir='ltr'><strong>sertus</strong></span> <span class='ocrx_word' id='word_1_210' title='bbox 1311 2492 1344 2551; x_wconf 87' lang='lat' dir='ltr'><strong>ab</strong></span> 
     </span>
     <span class='ocr_line' id='line_1_26' title="bbox 277 2574 1344 2663; baseline 0.002 -30"><span class='ocrx_word' id='word_1_211' title='bbox 277 2574 438 2657; x_wconf 85' lang='lat' dir='ltr'><strong>Apostolis</strong></span> <span class='ocrx_word' id='word_1_212' title='bbox 467 2578 652 2635; x_wconf 81' lang='lat' dir='ltr'><strong>constitutus</strong></span> <span class='ocrx_word' id='word_1_213' title='bbox 680 2588 725 2634; x_wconf 89' lang='lat' dir='ltr'><strong>est</strong></span> <span class='ocrx_word' id='word_1_214' title='bbox 759 2574 879 2651; x_wconf 81' lang='lat' dir='ltr'><strong>Sixtns,</strong></span> <span class='ocrx_word' id='word_1_215' title='bbox 920 2590 949 2636; x_wconf 88' lang='lat' dir='ltr'><strong>et</strong></span> <span class='ocrx_word' id='word_1_216' title='bbox 971 2577 1010 2635; x_wconf 90' lang='lat' dir='ltr'><strong>ab</strong></span> <span class='ocrx_word' id='word_1_217' title='bbox 1042 2575 1106 2637; x_wconf 89' lang='lat' dir='ltr'><strong>boc</strong></span> <span class='ocrx_word' id='word_1_218' title='bbox 1139 2578 1344 2663; x_wconf 79' lang='lat' dir='ltr'><strong>Telesphorus,</strong></span> 
     </span>
    </p>
   </div>
   <div class='ocr_carea' id='block_1_4' title="bbox 285 2660 1345 2747">
    <p class='ocr_par' dir='ltr' id='par_1_5' title="bbox 285 2660 1345 2747">
     <span class='ocr_line' id='line_1_27' title="bbox 285 2660 1345 2747; baseline 0.002 -30"><span class='ocrx_word' id='word_1_219' title='bbox 285 2682 339 2740; x_wconf 81' lang='lat' dir='ltr'><strong>qut</strong></span> <span class='ocrx_word' id='word_1_220' title='bbox 360 2663 449 2719; x_wconf 88' lang='lat' dir='ltr'><strong>etiarn</strong></span> <span class='ocrx_word' id='word_1_221' title='bbox 469 2660 687 2742; x_wconf 76' lang='lat' dir='ltr'><strong>gloriosissime</strong></span> <span class='ocrx_word' id='word_1_222' title='bbox 712 2660 896 2735; x_wconf 75' lang='lat' dir='ltr'><strong>Martyrium</strong></span> <span class='ocrx_word' id='word_1_223' title='bbox 917 2662 1012 2737; x_wconf 85' lang='lat' dir='ltr'><strong>l&#39;ccit,</strong></span> <span class='ocrx_word' id='word_1_224' title='bbox 1043 2683 1079 2721; x_wconf 89' lang='lat' dir='ltr'><strong>ac</strong></span> <span class='ocrx_word' id='word_1_225' title='bbox 1097 2662 1253 2747; x_wconf 85' lang='lat' dir='ltr'><strong>deinceps</strong></span> <span class='ocrx_word' id='word_1_226' title='bbox 1276 2666 1345 2745; x_wconf 69' lang='lat' dir='ltr'><strong>lli-gi·</strong></span> 
     </span>
    </p>
   </div>
   <div class='ocr_carea' id='block_1_5' title="bbox 101 2741 1383 2825">
    <p class='ocr_par' dir='ltr' id='par_1_6' title="bbox 101 2741 1383 2825">
     <span class='ocr_line' id='line_1_28' title="bbox 101 2741 1383 2825; baseline 0.012 -31"><span class='ocrx_word' id='word_1_227' title='bbox 101 2753 359 2818; x_wconf 62' lang='lat' dir='ltr'><strong>transnatamus,</strong></span> <span class='ocrx_word' id='word_1_228' title='bbox 386 2758 459 2825; x_wconf 84' lang='lat' dir='ltr'><strong>post</strong></span> <span class='ocrx_word' id='word_1_229' title='bbox 479 2744 571 2817; x_wconf 86' lang='lat' dir='ltr'><strong>Pius,</strong></span> <span class='ocrx_word' id='word_1_230' title='bbox 603 2757 675 2824; x_wconf 86' lang='lat' dir='ltr'><strong>post</strong></span> <span class='ocrx_word' id='word_1_231' title='bbox 701 2766 790 2824; x_wconf 88' lang='lat' dir='ltr'><strong>quem</strong></span> <span class='ocrx_word' id='word_1_232' title='bbox 818 2747 973 2805; x_wconf 84' lang='lat' dir='ltr'><strong>Anicetus.</strong></span> <span class='ocrx_word' id='word_1_233' title='bbox 1018 2746 1096 2805; x_wconf 87' lang='lat' dir='ltr'><strong>Cum</strong></span> <span class='ocrx_word' id='word_1_234' title='bbox 1115 2762 1224 2809; x_wconf 79' lang='lat' dir='ltr'><strong>autern</strong></span> <span class='ocrx_word' id='word_1_235' title='bbox 1242 2768 1345 2809; x_wconf 78' lang='lat' dir='ltr'><strong>stactes·</strong></span> <span class='ocrx_word' id='word_1_236' title='bbox 1379 2741 1383 2810; x_wconf 70' lang='grc' dir='ltr'>ἶ</span> 
     </span>
    </p>
   </div>
   <div class='ocr_carea' id='block_1_6' title="bbox 91 2827 1348 4269">
    <p class='ocr_par' dir='ltr' id='par_1_7' title="bbox 281 2827 1342 2916">
     <span class='ocr_line' id='line_1_29' title="bbox 281 2827 1342 2916; baseline 0.005 -30"><span class='ocrx_word' id='word_1_237' title='bbox 281 2830 369 2887; x_wconf 91' lang='lat' dir='ltr'><strong>sisset</strong></span> <span class='ocrx_word' id='word_1_238' title='bbox 399 2828 529 2886; x_wconf 90' lang='lat' dir='ltr'><strong>Aniceto</strong></span> <span class='ocrx_word' id='word_1_239' title='bbox 560 2827 675 2902; x_wconf 89' lang='lat' dir='ltr'><strong>Soter,</strong></span> <span class='ocrx_word' id='word_1_240' title='bbox 707 2848 788 2888; x_wconf 80' lang='lat' dir='ltr'><strong>rrunc</strong></span> <span class='ocrx_word' id='word_1_241' title='bbox 817 2830 1001 2889; x_wconf 88' lang='lat' dir='ltr'><strong>duodecimo</strong></span> <span class='ocrx_word' id='word_1_242' title='bbox 1036 2830 1112 2889; x_wconf 92' lang='lat' dir='ltr'><strong>loco</strong></span> <span class='ocrx_word' id='word_1_243' title='bbox 1145 2837 1342 2916; x_wconf 79' lang='lat' dir='ltr'><strong>episcopatum</strong></span> 
     </span>
    </p>

    <p class='ocr_par' dir='ltr' id='par_1_8' title="bbox 281 2910 1342 2992">
     <span class='ocr_line' id='line_1_30' title="bbox 281 2910 1342 2992; baseline 0.004 -21"><span class='ocrx_word' id='word_1_244' title='bbox 281 2910 320 2971; x_wconf 89' lang='lat' dir='ltr'><strong>ab</strong></span> <span class='ocrx_word' id='word_1_245' title='bbox 339 2911 500 2992; x_wconf 86' lang='lat' dir='ltr'><strong>Apostolis</strong></span> <span class='ocrx_word' id='word_1_246' title='bbox 521 2910 614 2971; x_wconf 87' lang='lat' dir='ltr'><strong>babet</strong></span> <span class='ocrx_word' id='word_1_247' title='bbox 631 2912 838 2971; x_wconf 68' lang='lat' dir='ltr'><strong>lileutlrerins.</strong></span> <span class='ocrx_word' id='word_1_248' title='bbox 883 2915 947 2972; x_wconf 92' lang='lat' dir='ltr'><strong>llac</strong></span> <span class='ocrx_word' id='word_1_249' title='bbox 971 2914 1178 2975; x_wconf 86' lang='lat' dir='ltr'><strong>ordinatione</strong></span> <span class='ocrx_word' id='word_1_250' title='bbox 1191 2932 1224 2977; x_wconf 90' lang='lat' dir='ltr'><strong>ct</strong></span> <span class='ocrx_word' id='word_1_251' title='bbox 1243 2938 1342 2977; x_wconf 78' lang='lat' dir='ltr'><strong>succes·</strong></span> 
     </span>
    </p>

    <p class='ocr_par' dir='ltr' id='par_1_9' title="bbox 279 2996 1340 3078">
     <span class='ocr_line' id='line_1_31' title="bbox 279 2996 1340 3078; baseline 0.003 -24"><span class='ocrx_word' id='word_1_252' title='bbox 279 2996 386 3071; x_wconf 89' lang='lat' dir='ltr'><strong>sione,</strong></span> <span class='ocrx_word' id='word_1_253' title='bbox 428 3016 481 3066; x_wconf 90' lang='lat' dir='ltr'><strong>ea,</strong></span> <span class='ocrx_word' id='word_1_254' title='bbox 512 3009 658 3076; x_wconf 90' lang='lat' dir='ltr'><strong>quaeest</strong></span> <span class='ocrx_word' id='word_1_255' title='bbox 691 2996 729 3054; x_wconf 93' lang='lat' dir='ltr'><strong>ab</strong></span> <span class='ocrx_word' id='word_1_256' title='bbox 747 2996 906 3078; x_wconf 88' lang='lat' dir='ltr'><strong>Apostolis</strong></span> <span class='ocrx_word' id='word_1_257' title='bbox 926 3001 956 3056; x_wconf 92' lang='lat' dir='ltr'><strong>in</strong></span> <span class='ocrx_word' id='word_1_258' title='bbox 981 2999 1124 3061; x_wconf 83' lang='lat' dir='ltr'><strong>Ecclesia</strong></span> <span class='ocrx_word' id='word_1_259' title='bbox 1143 3004 1340 3075; x_wconf 86' lang='lat' dir='ltr'><strong>traditio,et</strong></span> 
     </span>
    </p>

    <p class='ocr_par' dir='ltr' id='par_1_10' title="bbox 278 3081 1339 3169">
     <span class='ocr_line' id='line_1_32' title="bbox 278 3081 1339 3169; baseline 0.006 -33"><span class='ocrx_word' id='word_1_260' title='bbox 278 3081 415 3139; x_wconf 83' lang='lat' dir='ltr'><strong>veritatis</strong></span> <span class='ocrx_word' id='word_1_261' title='bbox 444 3083 658 3161; x_wconf 84' lang='lat' dir='ltr'><strong>praeconiatio</strong></span> <span class='ocrx_word' id='word_1_262' title='bbox 691 3083 832 3163; x_wconf 88' lang='lat' dir='ltr'><strong>pervenit</strong></span> <span class='ocrx_word' id='word_1_263' title='bbox 860 3103 957 3162; x_wconf 87' lang='lat' dir='ltr'><strong>nsque</strong></span> <span class='ocrx_word' id='word_1_264' title='bbox 981 3084 1019 3143; x_wconf 94' lang='lat' dir='ltr'><strong>ad</strong></span> <span class='ocrx_word' id='word_1_265' title='bbox 1039 3104 1107 3144; x_wconf 88' lang='lat' dir='ltr'><strong>nos.</strong></span> <span class='ocrx_word' id='word_1_266' title='bbox 1156 3086 1201 3145; x_wconf 89' lang='lat' dir='ltr'><strong>Et</strong></span> <span class='ocrx_word' id='word_1_267' title='bbox 1226 3100 1271 3147; x_wconf 88' lang='lat' dir='ltr'><strong>est</strong></span> <span class='ocrx_word' id='word_1_268' title='bbox 1293 3086 1339 3169; x_wconf 82' lang='lat' dir='ltr'><strong>ple·</strong></span> 
     </span>
    </p>

    <p class='ocr_par' dir='ltr' id='par_1_11' title="bbox 96 3162 1339 3410">
     <span class='ocr_line' id='line_1_33' title="bbox 277 3162 1336 3237; baseline 0.004 -14"><span class='ocrx_word' id='word_1_269' title='bbox 277 3164 399 3223; x_wconf 87' lang='lat' dir='ltr'><strong>nissima</strong></span> <span class='ocrx_word' id='word_1_270' title='bbox 426 3162 501 3225; x_wconf 89' lang='lat' dir='ltr'><strong>baec</strong></span> <span class='ocrx_word' id='word_1_271' title='bbox 521 3167 677 3237; x_wconf 85' lang='lat' dir='ltr'><strong>ostensio,</strong></span> <span class='ocrx_word' id='word_1_272' title='bbox 701 3185 790 3223; x_wconf 77' lang='lat' dir='ltr'><strong>{lnam</strong></span> <span class='ocrx_word' id='word_1_273' title='bbox 810 3178 840 3225; x_wconf 87' lang='lat' dir='ltr'><strong>et</strong></span> <span class='ocrx_word' id='word_1_274' title='bbox 864 3168 989 3226; x_wconf 81' lang='lat' dir='ltr'><strong>earnlcrn</strong></span> <span class='ocrx_word' id='word_1_275' title='bbox 1008 3166 1252 3231; x_wconf 80' lang='lat' dir='ltr'><strong>vivificatricem</strong></span> <span class='ocrx_word' id='word_1_276' title='bbox 1271 3168 1336 3230; x_wconf 82' lang='lat' dir='ltr'><strong>fider</strong></span> 
     </span>
     <span class='ocr_line' id='line_1_34' title="bbox 96 3248 1339 3333; baseline 0.01 -32"><span class='ocrx_word' id='word_1_277' title='bbox 96 3258 181 3324; x_wconf 56' lang='lat' dir='ltr'><strong>note·</strong></span> <span class='ocrx_word' id='word_1_278' title='bbox 200 3264 255 3309; x_wconf 71' lang='lat' dir='ltr'><strong>stet</strong></span> <span class='ocrx_word' id='word_1_279' title='bbox 277 3268 357 3325; x_wconf 87' lang='lat' dir='ltr'><strong>csse,</strong></span> <span class='ocrx_word' id='word_1_280' title='bbox 384 3270 463 3329; x_wconf 88' lang='lat' dir='ltr'><strong>quae</strong></span> <span class='ocrx_word' id='word_1_281' title='bbox 484 3251 516 3308; x_wconf 89' lang='lat' dir='ltr'><strong>in</strong></span> <span class='ocrx_word' id='word_1_282' title='bbox 534 3249 672 3307; x_wconf 83' lang='lat' dir='ltr'><strong>Ecclesia</strong></span> <span class='ocrx_word' id='word_1_283' title='bbox 692 3248 730 3307; x_wconf 88' lang='lat' dir='ltr'><strong>ab</strong></span> <span class='ocrx_word' id='word_1_284' title='bbox 752 3250 911 3332; x_wconf 91' lang='lat' dir='ltr'><strong>Apostolis</strong></span> <span class='ocrx_word' id='word_1_285' title='bbox 935 3273 1030 3333; x_wconf 88' lang='lat' dir='ltr'><strong>usque</strong></span> <span class='ocrx_word' id='word_1_286' title='bbox 1056 3272 1145 3313; x_wconf 90' lang='lat' dir='ltr'><strong>nunc</strong></span> <span class='ocrx_word' id='word_1_287' title='bbox 1161 3256 1207 3316; x_wconf 86' lang='lat' dir='ltr'><strong>sit</strong></span> <span class='ocrx_word' id='word_1_288' title='bbox 1234 3274 1339 3317; x_wconf 84' lang='lat' dir='ltr'><strong>conser-</strong></span> 
     </span>
     <span class='ocr_line' id='line_1_35' title="bbox 96 3308 781 3410; baseline 0.001 -20"><span class='ocrx_word' id='word_1_289' title='bbox 96 3308 216 3357; x_wconf 54' lang='grc' dir='ltr'><strong>ΝΜ·</strong></span> <span class='ocrx_word' id='word_1_290' title='bbox 274 3344 364 3410; x_wconf 83' lang='lat' dir='ltr'><strong>rata,</strong></span> <span class='ocrx_word' id='word_1_291' title='bbox 394 3346 425 3395; x_wconf 85' lang='lat' dir='ltr'><strong>et</strong></span> <span class='ocrx_word' id='word_1_292' title='bbox 447 3334 559 3393; x_wconf 85' lang='lat' dir='ltr'><strong>tradita</strong></span> <span class='ocrx_word' id='word_1_293' title='bbox 589 3335 619 3392; x_wconf 92' lang='lat' dir='ltr'><strong>in</strong></span> <span class='ocrx_word' id='word_1_294' title='bbox 645 3336 781 3393; x_wconf 79' lang='lat' dir='ltr'><strong>veritate.</strong></span> 
     </span>
    </p>

    <p class='ocr_par' dir='ltr' id='par_1_12' title="bbox 270 3417 1340 3756">
     <span class='ocr_line' id='line_1_36' title="bbox 359 3417 1340 3487; baseline 0.005 -9"><span class='ocrx_word' id='word_1_295' title='bbox 359 3428 388 3483; x_wconf 81' lang='lat'><strong>4.</strong></span> <span class='ocrx_word' id='word_1_296' title='bbox 432 3417 619 3479; x_wconf 84' lang='lat' dir='ltr'><strong>OPTATUS</strong></span> <span class='ocrx_word' id='word_1_297' title='bbox 643 3417 776 3478; x_wconf 81' lang='lat' dir='ltr'><strong>Meliset.</strong></span> <span class='ocrx_word' id='word_1_298' title='bbox 799 3420 832 3477; x_wconf 90' lang='lat' dir='ltr'><strong>L.</strong></span> <span class='ocrx_word' id='word_1_299' title='bbox 856 3420 896 3477; x_wconf 90' lang='grc' dir='ltr'><strong>ΙΙ.</strong></span> <span class='ocrx_word' id='word_1_300' title='bbox 927 3432 1026 3480; x_wconf 88' lang='lat' dir='ltr'><strong>contr.</strong></span> <span class='ocrx_word' id='word_1_301' title='bbox 1049 3419 1197 3485; x_wconf 64' lang='lat' dir='ltr'><strong>Donat}</strong></span> <span class='ocrx_word' id='word_1_302' title='bbox 1237 3422 1340 3487; x_wconf 77' lang='lat' dir='ltr'><strong>Probe·</strong></span> 
     </span>
     <span class='ocr_line' id='line_1_37' title="bbox 272 3500 1340 3585; baseline 0.007 -26"><span class='ocrx_word' id='word_1_303' title='bbox 272 3518 340 3559; x_wconf 88' lang='lat' dir='ltr'><strong>mus</strong></span> <span class='ocrx_word' id='word_1_304' title='bbox 362 3520 426 3560; x_wconf 89' lang='lat' dir='ltr'><strong>eam</strong></span> <span class='ocrx_word' id='word_1_305' title='bbox 452 3523 517 3563; x_wconf 89' lang='lat' dir='ltr'><strong>csse</strong></span> <span class='ocrx_word' id='word_1_306' title='bbox 546 3500 715 3561; x_wconf 85' lang='lat' dir='ltr'><strong>Ecclesiam</strong></span> <span class='ocrx_word' id='word_1_307' title='bbox 737 3502 940 3580; x_wconf 85' lang='lat' dir='ltr'><strong>catholicam,</strong></span> <span class='ocrx_word' id='word_1_308' title='bbox 977 3506 1118 3585; x_wconf 80' lang='lat' dir='ltr'><strong>quaesit</strong></span> <span class='ocrx_word' id='word_1_309' title='bbox 1140 3508 1172 3565; x_wconf 93' lang='lat' dir='ltr'><strong>in</strong></span> <span class='ocrx_word' id='word_1_310' title='bbox 1198 3521 1275 3571; x_wconf 87' lang='lat' dir='ltr'><strong>toto</strong></span> <span class='ocrx_word' id='word_1_311' title='bbox 1297 3524 1340 3569; x_wconf 83' lang='lat' dir='ltr'><strong>ter·</strong></span> 
     </span>
     <span class='ocr_line' id='line_1_38' title="bbox 272 3584 1339 3665; baseline 0.013 -23"><span class='ocrx_word' id='word_1_312' title='bbox 272 3604 377 3643; x_wconf 77' lang='lat' dir='ltr'><strong>rar-nm</strong></span> <span class='ocrx_word' id='word_1_313' title='bbox 402 3585 481 3645; x_wconf 91' lang='lat' dir='ltr'><strong>orbe</strong></span> <span class='ocrx_word' id='word_1_314' title='bbox 509 3584 628 3645; x_wconf 89' lang='lat' dir='ltr'><strong>dill&#39;usa.</strong></span> <span class='ocrx_word' id='word_1_315' title='bbox 680 3587 759 3665; x_wconf 83' lang='lat' dir='ltr'><strong>Ejus</strong></span> <span class='ocrx_word' id='word_1_316' title='bbox 782 3598 843 3665; x_wconf 72' lang='lat' dir='ltr'><strong>¹jaan</strong></span> <span class='ocrx_word' id='word_1_317' title='bbox 867 3590 1138 3649; x_wconf 73' lang='lat' dir='ltr'><strong>‹romarernoranda</strong></span> <span class='ocrx_word' id='word_1_318' title='bbox 1158 3608 1243 3655; x_wconf 79' lang='lat' dir='ltr'><strong>sterit</strong></span> <span class='ocrx_word' id='word_1_319' title='bbox 1268 3615 1339 3655; x_wconf 77' lang='lat' dir='ltr'><strong>oms·</strong></span> 
     </span>
     <span class='ocr_line' id='line_1_39' title="bbox 270 3670 1339 3756; baseline 0.008 -30"><span class='ocrx_word' id='word_1_320' title='bbox 270 3682 386 3727; x_wconf 87' lang='lat' dir='ltr'><strong>menta:</strong></span> <span class='ocrx_word' id='word_1_321' title='bbox 409 3681 440 3729; x_wconf 93' lang='lat' dir='ltr'><strong>ct</strong></span> <span class='ocrx_word' id='word_1_322' title='bbox 461 3670 649 3742; x_wconf 86' lang='lat' dir='ltr'><strong>videndum,</strong></span> <span class='ocrx_word' id='word_1_323' title='bbox 681 3670 734 3728; x_wconf 89' lang='lat' dir='ltr'><strong>ubi</strong></span> <span class='ocrx_word' id='word_1_324' title='bbox 757 3674 818 3730; x_wconf 86' lang='lat' dir='ltr'><strong>sint</strong></span> <span class='ocrx_word' id='word_1_325' title='bbox 839 3673 977 3752; x_wconf 81' lang='lat' dir='ltr'><strong>quinque</strong></span> <span class='ocrx_word' id='word_1_326' title='bbox 1000 3674 1111 3748; x_wconf 89' lang='lat' dir='ltr'><strong>dotes,</strong></span> <span class='ocrx_word' id='word_1_327' title='bbox 1145 3696 1232 3756; x_wconf 81' lang='lat' dir='ltr'><strong>quas</strong></span> <span class='ocrx_word' id='word_1_328' title='bbox 1257 3696 1339 3739; x_wconf 77' lang='lat' dir='ltr'><strong>tusa</strong></span> 
     </span>
    </p>

    <p class='ocr_par' dir='ltr' id='par_1_13' title="bbox 91 3754 1348 4269">
     <span class='ocr_line' id='line_1_40' title="bbox 92 3754 1340 3839; baseline 0.016 -38"><span class='ocrx_word' id='word_1_329' title='bbox 92 3761 334 3828; x_wconf 60' lang='lat' dir='ltr'><strong>carantena-esse</strong></span> <span class='ocrx_word' id='word_1_330' title='bbox 360 3754 455 3827; x_wconf 80' lang='lat' dir='ltr'><strong>elicis,</strong></span> <span class='ocrx_word' id='word_1_331' title='bbox 477 3756 558 3813; x_wconf 88' lang='lat' dir='ltr'><strong>inter</strong></span> <span class='ocrx_word' id='word_1_332' title='bbox 580 3775 655 3835; x_wconf 87' lang='lat' dir='ltr'><strong>quas</strong></span> <span class='ocrx_word' id='word_1_333' title='bbox 684 3754 837 3815; x_wconf 79' lang='lat' dir='ltr'><strong>(latiredra</strong></span> <span class='ocrx_word' id='word_1_334' title='bbox 859 3770 904 3814; x_wconf 86' lang='lat' dir='ltr'><strong>est</strong></span> <span class='ocrx_word' id='word_1_335' title='bbox 926 3760 1043 3839; x_wconf 84' lang='lat' dir='ltr'><strong>prima:</strong></span> <span class='ocrx_word' id='word_1_336' title='bbox 1066 3757 1128 3816; x_wconf 86' lang='lat' dir='ltr'><strong>Ubi</strong></span> <span class='ocrx_word' id='word_1_337' title='bbox 1153 3764 1218 3822; x_wconf 88' lang='lat' dir='ltr'><strong>nisi</strong></span> <span class='ocrx_word' id='word_1_338' title='bbox 1245 3766 1340 3825; x_wconf 77' lang='lat' dir='ltr'><strong>sederi</strong></span> 
     </span>
     <span class='ocr_line' id='line_1_41' title="bbox 91 3816 1343 3923; baseline 0.01 -32"><span class='ocrx_word' id='word_1_339' title='bbox 91 3816 248 3861; x_wconf 60' lang='lat' dir='ltr'><strong>“²⁰⁰¹“m&#39;</strong></span> <span class='ocrx_word' id='word_1_340' title='bbox 269 3836 462 3917; x_wconf 83' lang='lat' dir='ltr'><strong>Episcopus,</strong></span> <span class='ocrx_word' id='word_1_341' title='bbox 486 3839 630 3921; x_wconf 89' lang='lat' dir='ltr'><strong>conjungi</strong></span> <span class='ocrx_word' id='word_1_342' title='bbox 660 3838 756 3899; x_wconf 87' lang='lat' dir='ltr'><strong>altera</strong></span> <span class='ocrx_word' id='word_1_343' title='bbox 779 3841 834 3899; x_wconf 80' lang='lat' dir='ltr'><strong>(los</strong></span> <span class='ocrx_word' id='word_1_344' title='bbox 857 3862 916 3899; x_wconf 93' lang='lat' dir='ltr'><strong>non</strong></span> <span class='ocrx_word' id='word_1_345' title='bbox 942 3845 1075 3923; x_wconf 79' lang='lat' dir='ltr'><strong>poterit,</strong></span> <span class='ocrx_word' id='word_1_346' title='bbox 1099 3846 1157 3923; x_wconf 90' lang='lat' dir='ltr'><strong>qui</strong></span> <span class='ocrx_word' id='word_1_347' title='bbox 1183 3862 1236 3907; x_wconf 85' lang='lat' dir='ltr'><strong>cst</strong></span> <span class='ocrx_word' id='word_1_348' title='bbox 1263 3868 1343 3909; x_wconf 75' lang='lat' dir='ltr'><strong>atrinn-</strong></span> 
     </span>
     <span class='ocr_line' id='line_1_42' title="bbox 268 3919 1344 4005; baseline 0.011 -28"><span class='ocrx_word' id='word_1_349' title='bbox 268 3919 333 3978; x_wconf 86' lang='lat' dir='ltr'><strong>lus:</strong></span> <span class='ocrx_word' id='word_1_350' title='bbox 366 3922 530 3983; x_wconf 84' lang='lat' dir='ltr'><strong>videndum</strong></span> <span class='ocrx_word' id='word_1_351' title='bbox 554 3936 614 3999; x_wconf 88' lang='lat' dir='ltr'><strong>cst,</strong></span> <span class='ocrx_word' id='word_1_352' title='bbox 644 3925 698 4002; x_wconf 90' lang='lat' dir='ltr'><strong>qui</strong></span> <span class='ocrx_word' id='word_1_353' title='bbox 723 3937 753 3983; x_wconf 89' lang='lat' dir='ltr'><strong>ct</strong></span> <span class='ocrx_word' id='word_1_354' title='bbox 774 3924 830 3983; x_wconf 86' lang='lat' dir='ltr'><strong>ubi</strong></span> <span class='ocrx_word' id='word_1_355' title='bbox 851 3928 940 4005; x_wconf 89' lang='lat' dir='ltr'><strong>prior</strong></span> <span class='ocrx_word' id='word_1_356' title='bbox 963 3926 1118 3987; x_wconf 86' lang='lat' dir='ltr'><strong>Catbedra</strong></span> <span class='ocrx_word' id='word_1_357' title='bbox 1141 3930 1281 3993; x_wconf 86' lang='lat' dir='ltr'><strong>sederit.</strong></span> <span class='ocrx_word' id='word_1_358' title='bbox 1320 3932 1344 3989; x_wconf 76' lang='lat' dir='ltr'><strong>Si</strong></span> 
     </span>
     <span class='ocr_line' id='line_1_43' title="bbox 266 4004 1345 4095; baseline 0.01 -33"><span class='ocrx_word' id='word_1_359' title='bbox 266 4004 408 4085; x_wconf 87' lang='lat' dir='ltr'><strong>ignoras,</strong></span> <span class='ocrx_word' id='word_1_360' title='bbox 431 4006 531 4067; x_wconf 86' lang='lat' dir='ltr'><strong>disce:</strong></span> <span class='ocrx_word' id='word_1_361' title='bbox 553 4008 579 4067; x_wconf 94' lang='lat' dir='ltr'><strong>si</strong></span> <span class='ocrx_word' id='word_1_362' title='bbox 599 4009 695 4081; x_wconf 91' lang='lat' dir='ltr'><strong>nosti,</strong></span> <span class='ocrx_word' id='word_1_363' title='bbox 718 4010 876 4073; x_wconf 87' lang='lat' dir='ltr'><strong>erubesce.</strong></span> <span class='ocrx_word' id='word_1_364' title='bbox 920 4010 1096 4095; x_wconf 87' lang='lat' dir='ltr'><strong>ignorantia</strong></span> <span class='ocrx_word' id='word_1_365' title='bbox 1124 4012 1189 4073; x_wconf 92' lang='lat' dir='ltr'><strong>tibi</strong></span> <span class='ocrx_word' id='word_1_366' title='bbox 1216 4016 1345 4079; x_wconf 72' lang='lat' dir='ltr'><strong>adscribi</strong></span> 
     </span>
     <span class='ocr_line' id='line_1_44' title="bbox 263 4092 1348 4185; baseline 0.011 -38"><span class='ocrx_word' id='word_1_367' title='bbox 263 4108 325 4147; x_wconf 92' lang='lat' dir='ltr'><strong>non</strong></span> <span class='ocrx_word' id='word_1_368' title='bbox 348 4101 459 4170; x_wconf 87' lang='lat' dir='ltr'><strong>potest.</strong></span> <span class='ocrx_word' id='word_1_369' title='bbox 501 4092 608 4154; x_wconf 85' lang='lat' dir='ltr'><strong>Restat</strong></span> <span class='ocrx_word' id='word_1_370' title='bbox 629 4112 714 4173; x_wconf 81' lang='lat' dir='ltr'><strong>crgn,</strong></span> <span class='ocrx_word' id='word_1_371' title='bbox 737 4105 771 4152; x_wconf 90' lang='lat' dir='ltr'><strong>ut</strong></span> <span class='ocrx_word' id='word_1_372' title='bbox 791 4095 922 4154; x_wconf 85' lang='lat' dir='ltr'><strong>noveris.</strong></span> <span class='ocrx_word' id='word_1_373' title='bbox 967 4095 1121 4157; x_wconf 86' lang='lat' dir='ltr'><strong>Scientem</strong></span> <span class='ocrx_word' id='word_1_374' title='bbox 1138 4118 1348 4185; x_wconf 64' lang='lat' dir='ltr'><strong>er·1·arc,pw</strong></span> 
     </span>
     <span class='ocr_line' id='line_1_45' title="bbox 262 4172 1347 4269; baseline 0.011 -36"><span class='ocrx_word' id='word_1_375' title='bbox 262 4185 367 4233; x_wconf 86' lang='lat' dir='ltr'><strong>catum</strong></span> <span class='ocrx_word' id='word_1_376' title='bbox 400 4184 456 4231; x_wconf 90' lang='lat' dir='ltr'><strong>est.</strong></span> <span class='ocrx_word' id='word_1_377' title='bbox 508 4172 584 4235; x_wconf 88' lang='lat' dir='ltr'><strong>Nam</strong></span> <span class='ocrx_word' id='word_1_378' title='bbox 621 4176 832 4259; x_wconf 83' lang='lat' dir='ltr'><strong>ignorantibus</strong></span> <span class='ocrx_word' id='word_1_379' title='bbox 858 4199 1088 4263; x_wconf 84' lang='lat' dir='ltr'><strong>nonnumquam</strong></span> <span class='ocrx_word' id='word_1_380' title='bbox 1110 4181 1198 4245; x_wconf 89' lang='lat' dir='ltr'><strong>solet</strong></span> <span class='ocrx_word' id='word_1_381' title='bbox 1226 4188 1347 4269; x_wconf 80' lang='lat' dir='ltr'><strong>ignosci.</strong></span> 
     </span>
    </p>
   </div>
   <div class='ocr_carea' id='block_1_7' title="bbox 260 4258 1348 4358">
    <p class='ocr_par' dir='ltr' id='par_1_14' title="bbox 260 4258 1348 4358">
     <span class='ocr_line' id='line_1_46' title="bbox 260 4258 1348 4358; baseline 0.017 -41"><span class='ocrx_word' id='word_1_382' title='bbox 260 4258 363 4343; x_wconf 86' lang='lat' dir='ltr'><strong>igitur</strong></span> <span class='ocrx_word' id='word_1_383' title='bbox 379 4274 494 4343; x_wconf 79' lang='lat' dir='ltr'><strong>negare</strong></span> <span class='ocrx_word' id='word_1_384' title='bbox 511 4278 574 4321; x_wconf 86' lang='lat' dir='ltr'><strong>non</strong></span> <span class='ocrx_word' id='word_1_385' title='bbox 593 4274 702 4346; x_wconf 84' lang='lat' dir='ltr'><strong>potes,</strong></span> <span class='ocrx_word' id='word_1_386' title='bbox 720 4264 801 4325; x_wconf 85' lang='lat' dir='ltr'><strong>seire</strong></span> <span class='ocrx_word' id='word_1_387' title='bbox 825 4275 856 4325; x_wconf 87' lang='lat' dir='ltr'><strong>te</strong></span> <span class='ocrx_word' id='word_1_388' title='bbox 870 4268 903 4325; x_wconf 88' lang='lat' dir='ltr'><strong>in</strong></span> <span class='ocrx_word' id='word_1_389' title='bbox 923 4264 1004 4327; x_wconf 86' lang='lat' dir='ltr'><strong>urbe</strong></span> <span class='ocrx_word' id='word_1_390' title='bbox 1017 4265 1116 4327; x_wconf 74' lang='grc' dir='ltr'>Βοωει</span> <span class='ocrx_word' id='word_1_391' title='bbox 1124 4264 1234 4333; x_wconf 88' lang='lat' dir='ltr'><strong>Petro</strong></span> <span class='ocrx_word' id='word_1_392' title='bbox 1249 4260 1348 4358; x_wconf 79' lang='lat' dir='ltr'><strong>prime</strong></span> 
     </span>
    </p>
   </div>
   <div class='ocr_carea' id='block_1_8' title="bbox 0 0 1389 4762">
    <p class='ocr_par' dir='ltr' id='par_1_15' title="bbox 0 0 1389 4762">
     <span class='ocr_line' id='line_1_47' title="bbox 0 0 1389 4762; baseline 0 0"><span class='ocrx_word' id='word_1_393' title='bbox 0 0 1389 4762; x_wconf 95' lang='lat' dir='ltr'><strong> </strong></span> 
     </span>
    </p>
   </div>
  </div>
 </body>
</html>
