2768 4762
392 382 609 457 onamottu
639 383 858 450 notamen.
1086 389 1163 464 lta

91 581 127 645 Si
143 598 208 642 uon
236 576 270 638 iu
290 572 406 638 timore
435 571 566 635 Domini
591 573 730 636 tenueris
754 584 796 635 tc·
817 572 982 652 instanter,
1003 571 1069 635 citu
1088 570 1165 635 sub·

91 700 229 751 vertetur
260 683 371 746 domus
401 692 464 741 tua.
506 676 589 742 Vasa
609 672 699 766 figuli
719 678 838 766 probat
856 678 990 764 fornax,
1008 692 1040 745 et
1060 679 1166 745 homi.

89 818 143 861 nes
161 798 265 880 justos
285 789 417 854 tentatio
439 785 665 850 tribulationis.

172 924 262 1008 Apo
276 943 303 984 c.
349 919 428 981 lna
478 916 637 994 Quoniam
679 916 806 979 servasti
837 912 977 991 verbum,
991 898 1164 1005 ‘patientiae

90 1054 192 1111 meae,
215 1045 247 1093 et
267 1050 325 1114 ego
347 1025 478 1091 servabo
500 1037 531 1089 te
555 1022 594 1087 ab
620 1025 701 1087 bora
721 1022 917 1106 tentationis,
953 1044 1034 1107 quae
1054 1039 1165 1107 ventu·

90 1150 126 1203 is
147 1152 194 1203 est
214 1140 247 1200 in
270 1135 380 1198 orbem
401 1128 579 1195 universum
599 1145 719 1196 tenure
736 1128 910 1193 habitantes
922 1126 1061 1196 interm.
1076 1133 1165 1215 'Ecce

91 1250 185 1310 venio
203 1248 287 1308 cito:
310 1258 390 1322 tenc,
404 1240 491 1326 quod
501 1239 608 1321 babes,
619 1255 656 1304 nt
666 1261 757 1302 nemo
771 1240 903 1319 accipiat
913 1221 1062 1298 coronam
1071 1251 1167 1300 tuam

175 1377 252 1437 Psa
263 1375 321 1436 lm.
343 1372 473 1436 XXth
496 1369 590 1433 Oculi
610 1369 670 1432 mei
685 1387 807 1449 semper
825 1364 865 1427 ad
886 1360 1065 1443 Dominum,
1079 1356 1169 1448 ¹quo·

91 1487 175 1547 niam
208 1486 274 1565 ipse
313 1464 423 1540 evellet
441 1476 481 1538 de
502 1476 616 1559 laqueo
649 1475 744 1558 pedes
765 1495 860 1539 meos.
902 1472 1035 1555 Respice
1056 1473 1089 1531 in
1109 1493 1168 1550 me,

93 1605 127 1653 et
147 1593 291 1650 miserere
313 1586 391 1661 mei,
426 1582 498 1665 quia
520 1583 631 1642 uniens
662 1594 693 1642 et
714 1601 834 1665 pauper
852 1601 921 1641 sum
942 1598 1010 1662 ego.
1051 1578 1171 1639 Tribu-

96 1699 230 1759 lationcs
264 1691 368 1753 cordis
403 1691 462 1749 mei
494 1687 716 1771 multiplicatae
749 1699 841 1747 sunt:
874 1687 912 1748 de
934 1686 1169 1753 necessitatibus

98 1803 175 1862 meis
199 1820 273 1859 erue
295 1819 353 1859 me.
394 1795 482 1858 Vide·
497 1793 704 1857 bumilitatem
720 1814 817 1854 meam
841 1807 872 1855 et
896 1792 1038 1855 laborem
1058 1815 1169 1873 meum,

97 1921 129 1968 ct
159 1905 277 1967 dimitte
304 1907 447 1966 universa
482 1902 595 1964 delicta
615 1921 690 1963 mea.
747 1902 879 1985 Respice
908 1904 1052 1963 inimicos
1073 1922 1169 1981 tuens,

96 2016 241 2096 quoniam
269 2011 470 2095 multiplicati
503 2022 596 2088 sunt,
638 2020 671 2071 et
693 2007 770 2071 odio
804 2011 914 2092 iniquo
946 2009 1082 2071 oderunt
1111 2030 1169 2072 me.

95 2120 226 2182 Custodi
247 2123 378 2182 animam
393 2138 512 2197 meam,
535 2130 567 2180 et
587 2137 662 2178 erne
682 2137 748 2180 mes
770 2138 837 2181 nou
858 2117 1062 2195 erubescam,
1086 2138 1172 2201 quo-

95 2230 176 2289 niam
197 2230 317 2313 speravi
337 2230 374 2289 in
394 2238 436 2291 te.
489 2226 676 2289 innocentes
698 2237 729 2289 et
756 2240 833 2288 rectt
855 2226 1061 2325 adbaeserunt
1082 2224 1169 2304 mihi,

92 2336 169 2417 quia
200 2334 333 2395 sustinui
365 2344 405 2394 te.
451 2331 565 2394 Libera
584 2332 671 2393 Dens
691 2332 788 2395 Israel
811 2354 846 2394 er
868 2333 1012 2395 omnibus
1033 2332 1172 2397 tribula·

101 2439 244 2503 tionibus
265 2440 339 2498 suis.

182 2541 336 2604 Psalm.
356 2541 478 2602 xxxa
504 2540 625 2603 Inclinat
645 2540 685 2602 ad
706 2560 754 2604 me
774 2562 879 2603 aurem
900 2555 1000 2624 tuam,
1027 2547 1174 2628 accelera,

99 2664 137 2713 ut
154 2672 244 2712 eruas
270 2671 328 2712 me.
371 2648 494 2711 Educes
517 2670 566 2710 me
588 2649 628 2711 de
648 2647 760 2735 laqueo
781 2647 844 2711 hoc
856 2694 866 2728 ,
889 2672 981 2734 quem
1000 2652 1175 2720 absconde.

99 2771 177 2821 runt
206 2757 303 2819 mihis
336 2759 484 2839 quoniam
517 2771 553 2821 tu
576 2779 606 2821 es
635 2752 801 2844 protector
831 2780 926 2821 meus.
979 2746 1114 2835 'Salvasti
1135 2763 1174 2825 de

99 2863 333 2928 necessitatibus
355 2867 486 2927 animam
507 2887 612 2928 meam.
655 2864 734 2927 -Nea
751 2866 932 2930 'conclusisti
952 2889 1001 2930 me
1021 2870 1055 2931 in
1078 2872 1178 2931 maui-
1269 2924 1290 2951 ,,,
1333 2914 1344 2949 .·

100 2973 161 3034 bus
193 2973 329 3043 inimici;
360 2975 497 3037 statuisti
515 2978 547 3038 in
570 2975 642 3038 loco
663 2960 803 3060 spatioso
824 2975 919 3057 pedes
941 2995 1034 3038 meos.
1078 2976 1176 3057 Eripe

102 3103 149 3142 me
169 3080 209 3142 de
229 3101 322 3143 manu
342 3081 541 3145 inimicorum
561 3106 720 3162 meorum,
748 3096 779 3145 et
800 3104 818 3144 a
839 3083 1097 3167 persequentibus
1117 3107 1175 3147 mc.

101 3189 229 3250 Illustra
255 3187 366 3250 faciem
391 3201 477 3267 tuam
504 3213 600 3277 snper
631 3213 753 3255 servum
783 3206 888 3270 tuum,
921 3188 1038 3254 salvum
1057 3213 1106 3255 nte
1127 3192 1177 3255 fac

103 3296 137 3356 in
157 3296 370 3357 misericordia
394 3309 457 3359 tua.
688 3304 693 3311 “

188 3402 335 3476 Psalm.
362 3405 531 3469 xxxnts
568 3406 728 3490 Exquisivi
749 3406 936 3487 Dominum,
971 3416 1003 3469 et
1023 3406 1179 3471 exaudivit

101 3531 169 3573 me:
209 3523 241 3572 et
271 3531 310 3591 er
329 3510 473 3589 omnibus
494 3513 755 3578 tribulationibus
783 3518 856 3578 meis
878 3516 995 3600 eripuit
1014 3499 1073 3581 rub.
1114 3517 1178 3579 Iste

103 3638 227 3704 pauper
246 3618 406 3699 clamavit,
439 3635 472 3684 et
492 3623 645 3687 Dominus
669 3624 824 3685 exaudivit
844 3643 930 3684 eum:
961 3636 993 3687 et
1019 3623 1060 3686 de
1078 3627 1180 3686 omui·

102 3725 162 3789 bus
194 3726 453 3791 tribulationibus
484 3733 552 3814 ejus
581 3732 708 3792 salvavit
738 3751 843 3792 eum·
877 3732 1024 3795 immittet
1055 3733 1179 3818 angelus

103 3834 233 3896 Domini
255 3836 288 3897 in
311 3839 446 3899 circuitu
479 3842 652 3901 timentium
681 3860 775 3919 eum,
805 3853 837 3901 et
868 3842 980 3924 eripiet
1002 3860 1065 3903 eos.
1097 3823 1182 3903 'cla-

106 3956 268 4004 maverunt
298 3945 394 4026 justi,
423 3958 455 4008 et
484 3946 635 4009 Dominus
669 3947 824 4011 exaudivit
861 3968 932 4009 eost
974 3961 1060 4010 etex
1081 3952 1184 4011 ontni·
1296 4024 1300 4031 ι

110 4045 170 4110 bus
201 4049 459 4113 tribulationibus
498 4075 609 4115 corum
637 4054 780 4117 liberavit
807 4075 869 4117 eos.
923 4054 1015 4116 Juxta
1035 4068 1081 4118 cst
1114 4056 1183 4117 Do·

109 4157 208 4217 minus
243 4156 305 4235 iis,
334 4161 389 4242 qui
418 4159 570 4224 tribulato
595 4175 668 4224 sunt
701 4161 817 4225 corde:
846 4175 878 4225 et
903 4160 1036 4224 humiles
1068 4163 1183 4246 spiritu

108 4259 246 4327 salvabit.
298 4265 414 4327 Multae
448 4266 668 4332 tribulationes
700 4271 876 4353 justorum:
912 4269 1007 4334 etde
1039 4266 1182 4353 omuibus
