2768 4762
272 412 275 419 ·
367 346 904 448 tricentos*
1057 379 1135 453 aot

107 569 161 637 Ne
181 587 236 633 me
253 585 335 654 ergo
369 568 498 631 trodier
520 569 614 632 sinos
632 565 838 646 tortoribut,‘
987 644 991 655 .

104 683 176 745 Aut
194 676 361 760 perditori
381 677 553 739 bominum
575 674 654 758 ficri
677 675 844 739 ludibrio:

109 779 261 862 Ateste,
289 791 323 845 et
345 803 367 843 a
385 783 529 846 tenebris
550 790 582 846 et
601 782 679 866 igne
699 781 822 846 liberat

110 894 178 956 Fac
198 899 237 955 ut
250 888 327 977 fide
347 898 471 972 tuoque
490 891 601 953 salver
621 889 753 974 gratiae

105 999 172 1062 Per
192 1006 226 1060 te
246 1017 291 1061 ex
315 996 388 1058 Deo
413 996 509 1057 nobis
528 993 677 1081 profecto
699 1002 748 1058 est
767 992 890 1079 gratia.

111 1100 226 1194 Quare
250 1104 337 1167 bunc
358 1103 418 1166 tibi
440 1102 603 1184 hymnum
630 1124 742 1188 pango
762 1102 1001 1167 citaristerion:
1037 1162 1039 1168 ,

150 1214 251 1277 Solve
270 1214 382 1294 pacilo
402 1212 576 1296 gratioso,
603 1219 767 1274 meteret

117 1302 216 1402 Virgo
239 1321 390 1381 omnium
412 1318 599 1381 castissimo
618 1340 659 1382 ac
678 1316 905 1400 pulcherrimo
916 1360 927 1397 ‚

106 1427 322 1497 Exercitibus
341 1416 567 1507 praestantior
579 1427 790 1503 coelestibus,

1146 1519 1232 1574 Regina
1246 1529 1310 1559 mun·

107 1536 240 1617 Regino
262 1534 398 1605 mundi,
419 1532 583 1616 goudium
605 1524 823 1615 mortalium,
1147 1571 1179 1613 at.

111 1643 249 1720 Semper
272 1641 451 1722 benignam
481 1647 515 1700 te
535 1640 655 1703 exhibe
677 1637 889 1718 mortalibuS,

112 1748 268 1851 Mibiquc
288 1746 335 1808 sis
356 1747 450 1808 sotor
472 1735 593 1829 ubiqu'e
614 1749 776 1811 maximo.

154 1914 181 1970 1.
202 1902 237 1963 F.
280 1847 538 1963 AUGiJSTINUS
565 1902 661 1964 Serm.
698 1919 729 1971 2.
769 1901 808 1963 de
842 1888 981 1961 Annunt
1022 1844 1138 1959 Domi

68 1985 180 2049 Sancta
209 1986 327 2063 Maria,
360 2005 508 2048 succurre
539 1989 657 2049 miseris
686 1990 762 2064 etei,
794 1997 831 2047 ut
850 1986 885 2044 in
905 1997 977 2047 text.
999 1996 1031 2045 et
1050 2004 1136 2068 supr.

91 2083 186 2133 uuest.
211 2084 258 2138 15.
303 2112 306 2120 ·

67 2095 89 2155 q
149 2169 177 2223 1.
200 2155 238 2214 G.
280 2153 543 2216 FULGENTIUS
571 2177 661 2217 serm.
689 2155 729 2217 de
763 2153 847 2216 laud.
879 2155 957 2215 Mar.
986 2153 1022 2212 e‘x
1054 2163 1135 2236 part.

65 2239 169 2302 Sala:
196 2238 291 2300 Facta
312 2251 359 2300 est
375 2240 474 2301 Maria
496 2240 632 2302 fenestra
653 2240 730 2302 caeli
753 2252 837 2317 etc.,
869 2238 932 2300 vid.
954 2248 1026 2301 text.
1049 2257 1136 2320 supr.

89 2335 186 2388 uaest.
210 2336 259 2389 15.
1124 2383 1128 2390 .

65 2347 87 2407 q
153 2419 181 2472 1.
203 2407 242 2468 Η.
284 2404 529 2471 BERNARDUS
550 2406 646 2465 Serm.
672 2420 701 2473 2.
724 2408 756 2466 in
777 2405 897 2466 advent.
919 2406 1026 2466 Dora:
1061 2401 1139 2464 Vn·-

67 2508 108 2574 go
133 2490 216 2570 regia
237 2489 304 2568 ipsa
326 2499 373 2546 est
391 2490 461 2565 via,
493 2509 663 2570 perquam
688 2489 832 2549 Salvator
864 2489 1003 2566 advenit,
1025 2508 1141 2568 Proce-

68 2575 144 2643 dens
164 2572 310 2652 exipsius
326 2582 439 2648 utero,
461 2585 607 2652 tanquam
625 2592 757 2654 sponsus
777 2571 815 2630 de
837 2570 973 2632 thalamo
991 2591 1057 2632 suo.
1079 2571 1141 2627 Te-

66 2669 174 2717 nentes
200 2676 274 2737 ergo
309 2656 405 2733 viam,
438 2657 612 2717 studeamus
642 2667 673 2714 et
689 2677 745 2716 nos
766 2655 954 2715 dilectissimi
971 2655 1009 2714 ad
1039 2656 1141 2729 ipsum

66 2763 125 2826 per
152 2760 217 2800 eam
247 2737 432 2817 ascendere,
467 2742 521 2822 qui
547 2762 604 2823 per
631 2740 730 2822 ipsam
749 2739 789 2800 ad
805 2738 1058 2814 nosdescondit,
1080 2758 1137 2819 por

66 2848 134 2886 eam
151 2825 260 2901 ,venire
281 2825 314 2883 in
336 2826 464 2907 gratiam
487 2827 600 2907 ipsius,
623 2827 678 2906 qui
729 2846 762 2884 er
784 2844 850 2884 cam
867 2824 898 2883 in
921 2836 1059 2883 nostram
1082 2823 1141 2881 mi-
1199 2870 1205 2885 .

67 2912 179 2970 seriam
209 2909 303 2968 venit.
344 2907 406 2969 Per
436 2921 466 2969 te
499 2907 693 2970 accessumh
736 2929 837 2970 eamus
868 2909 908 2969 ad
921 2907 1021 2968 fitium
1041 2929 1060 2967 o
1082 2902 1208 3004 be-⁰.¹⁸.
1308 2930 1315 2943 ·

68 2995 191 3054 nedicta
216 2993 366 3052 inventrix
390 2996 528 3076 grptiae,
557 2995 688 3079 genitrix
706 2996 803 3070 vitae,
838 3006 935 3054 mater
957 2992 1081 3067 salutis,
1104 3001 1140 3050 ut

68 3100 127 3162 per
146 3089 177 3138 te
201 3097 258 3135 nos
281 3078 446 3158 suscipiat,
479 3081 533 3160 qui
555 3100 612 3163 per
639 3090 668 3139 te
688 3079 777 3141 datus
798 3090 844 3139 est
861 3077 962 3138 nobis.
1007 3077 1140 3137 Excuset

69 3161 154 3244 apud
175 3163 275 3244 ipsum
296 3163 327 3221 in
398 3164 455 3223 itas
480 3176 532 3223 tua
554 3163 677 3247 eulpam
708 3176 833 3225 nostrae
854 3162 1089 3244 corruptionis,
1112 3170 1143 3218 et

70 3244 227 3305 humilitas
252 3246 319 3305 Deo
330 3170 428 3329 'ita
450 3262 572 3308 nostrae
591 3251 709 3309 veniam
732 3250 875 3330 impetret
898 3247 1034 3307 vanitati.
1080 3244 1171 3303 Co·x

70 3332 159 3413 piosa
175 3331 286 3391 caritas
311 3341 364 3388 tua
387 3344 566 3391 nostrolum
591 3335 752 3415 cooperiat
776 3331 1005 3407 multitudinem
1031 3349 1144 3414 pecca·

68 3427 186 3490 torum,
209 3426 239 3473 et
253 3413 446 3475 foecunditas
459 3415 596 3499 gloriosa
624 3416 864 3478 foecunditatem
885 3416 977 3477 nobis
1000 3415 1142 3476 conferat

70 3503 265 3562 meritorum.
293 3500 427 3559 Domina
440 3512 556 3574 nostra,
571 3501 731 3563 mediatrix
739 3513 857 3578 nostra,
868 3502 1016 3563 advocata
1023 3513 1139 3575 nostra,
1152 3491 1262 3585 ᾗζξξζξξᾊ
1272 3507 1318 3583 ’ζξίζ

70 3597 127 3644 tuo
143 3579 210 3641 titio
228 3602 285 3642 nos
311 3584 487 3660 reconcilia,
515 3597 571 3645 tuo
588 3583 654 3646 filio
667 3607 723 3647 nos
733 3586 921 3664 commenda,
931 3591 1060 3649 tuo'nos
1073 3583 1141 3644 filio
1153 3599 1236 3634 vom·
1248 3588 1302 3634 '¹1⁰⁸-

70 3679 266 3750 repraesenta.
300 3667 327 3726 F
329 3689 363 3727 ac
380 3690 400 3728 o
414 3667 577 3735 benedicta
587 3692 644 3753 per
655 3672 793 3753 gratiam,
801 3691 894 3752 qnam
911 3672 1064 3745 invenisti,
1084 3689 1142 3751 per
1153 3648 1197 3687 ω’

71 3753 340 3835 praerogativam,
380 3774 471 3833 quam
502 3757 663 3829 meruisti,
685 3776 741 3837 per
762 3756 1024 3832 misericordiam,
1050 3774 1142 3836 quam

72 3837 244 3980 peperisti:
266 3847 323 3912 ut,
346 3840 401 3917 qni
422 3851 453 3898 te
475 3839 628 3900 mediante
651 3836 720 3901 fieri
744 3838 893 3922 dignatus·
918 3852 964 3900 est
986 3841 1142 3922 particeps

75 3922 107 3983 in
134 3921 262 3980 rmitatis
301 3932 333 3981 et
360 3923 499 3984 miseriae
533 3936 676 4001 nostrae,
706 3935 736 3985 te
761 3945 888 4005 quoque
925 3924 1142 3998 intercedente,

76 4007 243 4086 participes
275 4003 368 4066 faciat
398 4029 455 4069 nos
491 4008 608 4092 gloriae
635 4021 666 4069 et
698 4007 909 4071 beatitudinis·
926 4029 997 4070 suae
1023 4007 1142 4067 JESUS

75 4086 272 4149 CHRISTUS
298 4087 380 4151 fitius
401 4104 470 4153 tuus
493 4094 644 4154 Dominus
661 4105 790 4170 noster,
822 4096 876 4176 qui
897 4107 943 4156 est
963 4114 1056 4175 super
1078 4114 1145 4154 otn-

76 4176 128 4232 nia
150 4173 233 4235 Deus
257 4172 438 4237 benedictus
462 4179 494 4238 in
523 4178 654 4240 saccula.
695 4175 803 4238 Amen.
891 4178 892 4183 ’

159 4271 190 4328 1.
232 4258 480 4325 BERNARDUS
509 4262 610 4331 Serui.
637 4276 667 4332 a.
696 4261 735 4324 de
769 4259 853 4325 laud.
883 4256 923 4323 V.
944 4261 987 4323 Μ.
1009 4281 1077 4343 sup.
1100 4258 1145 4320 E·

1156 4076 1222 4121 nom.
1231 4083 1251 4124 t,
1260 4082 1282 4123 t.
