2768 4762
235 386 314 500 tsi
374 448 382 465 1
618 402 684 468 nu
728 400 821 466 sen
862 400 929 476 nr
963 363 966 385 '

238 584 327 648 Etsi
352 584 504 649 DomInus
528 609 584 673 ogo
606 607 691 664 sum,
712 584 768 647 ubi
795 596 841 645 cst
856 588 950 650 tinior
970 607 1074 664 meus,
1099 586 1177 652 dicit
1197 586 1312 655 Domi·

234 713 297 756 nus
320 694 529 757 exercituum?
742 699 746 708 '
943 699 947 707 '
1295 711 1296 714 ’

322 798 363 862 11.
386 799 479 862 Cor.
503 802 544 878 1,:
577 799 761 863 Benedictus
782 799 865 860 Deus
894 810 925 860 et
945 795 1039 860 Pater
1059 801 1187 865 Domini
1207 805 1312 867 nostri

230 889 337 970 ¹dESU
370 906 552 985 CHRISTI,
580 907 689 970 Pater..
704 903 1004 984 misericordiarum,
1037 919 1069 968 ct
1096 906 1181 970 Deus
1209 911 1311 971 totius

239 1013 471 1078 consolationis.

322 1099 483 1195 Philto.
505 1119 581 1184 Νι
614 1120 822 1183 Deus'autcm
844 1136 928 1179 meus
960 1116 1086 1203 impleat
1112 1140 1202 1183 omne
1227 1122 1313 1185 desi·

240 1223 360 1287 derium
376 1238 510 1287 vestrum
534 1226 701 1289 secundum
725 1228 847 1289 divitias
873 1246 943 1288 suas
962 1229 994 1286 iu
1023 1225 1139 1310 gloria,
1161 1231 1193 1288 in
1220 1227 1313 1290 Chri·

180 1318 184 1325 ⁸
240 1345 289 1393 sto
317 1329 424 1393 tttstt
478 1333 552 1394 Deo
583 1345 684 1394 autem
707 1347 739 1398 et
768 1332 857 1407 Patri
875 1342 990 1394 'nostm
1008 1334 1109 1417 gloria
1135 1337 1167 1395 in
1190 1335 1314 1398 saecula

161 1499 164 1515 ,
240 1438 436 1511 saeculorum
462 1437 568 1501 Amen.
630 1477 631 1483 κ
839 1422 847 1430 ”

325 1545 447 1629 Apoc.
470 1544 546 1607 tv.=
579 1544 792 1610 Procidebant
813 1545 921 1630 viginti
944 1561 1080 1631 quatuor
1100 1549 1236 1615 seniores
1257 1570 1315 1610 cn·

214 1645 273 1714 xte
300 1652 451 1713 sedentem
481 1655 514 1712 in
545 1649 683 1732 throno,
719 1643 751 1715 et
773 1651 947 1716 adorabant
968 1657 1170 1716 viventemin
1192 1656 1314 1718 saecula

242 1760 456 1838 saeculorum,
479 1771 519 1823 <et
538 1760 702 1823 mittebant
735 1776 866 1821 coronas
885 1780 955 1823 snas
983 1775 1052 1823 ante
1077 1761 1242 1840 thronum,
1264 1762 1316 1824 di-

244 1861 365 1933 centes':
388 1865 507 1950 Dignus
530 1887 561 1928 es
583 1863 715 1928 Domine
737 1864 821 1928 Deus
838 1878 945 1929 noster
968 1856 1107 1953 accipere
1129 1869 1260 1954 gloriam
1284 1880 1318 1931 et

237 1975 396 2059 ,honcoem
417 1985 449 2034 et
476 1975 642 2052 virtutem,
665 1975 739 2056 quis
758 1986 796 2035 tn
820 1976 931 2047 creasti
952 1980 1063 2036 omnia.

326 2081 431 2142 Rom.
453 2077 561 2140 Vnt:
595 2078 765 2165 Accepistis
791 2083 936 2166 spiritum
958 2079 1133 2164 adoptionis
1164 2077 1315 2159 filiorum,

245 2189 277 2247 in
300 2207 363 2268 quo
386 2185 567 2248 clamamus:
600 2186 703 2268 Abba,
721 2186 832 2249 Pater.
875 2188 947 2272 Ipse
973 2189 1053 2249 enim
1078 2190 1205 2272 spiritus
1225 2192 1318 2249 testi·

162 2315 169 2324 ·
207 2354 215 2375 ,
244 2295 383 2353 monium
407 2292 513 2354 reddit
533 2295 659 2375 spiritui
688 2306 822 2376 nostro,
857 2293 944 2377 quod
964 2314 1069 2356 snmus
1090 2292 1152 2356 filii
1170 2296 1238 2356 Dei.
1261 2294 1319 2354 ‘Si

247 2415 346 2461 autem
373 2397 446 2476 filii,
474 2414 504 2463 et
524 2397 687 2464 haeredes:
710 2401 855 2462 haeredes
876 2401 1002 2484 quidem
1021 2402 1098 2477 Dei,
1132 2401 1318 2464 cohaeredes

246 2521 346 2574 autem
366 2507 499 2569 Christi:
521 2509 547 2569 si
569 2520 670 2570 tamen
692 2509 909 2593 compatimur,
929 2521 966 2570 ut
986 2520 1018 2570 et
1032 2501 1317 2595 conglorificemur.

329 2613 413 2678 cat.
435 2614 519 2699 IV.:¹
535 2615 622 2678 Misit
641 2617 724 2679 Deus
755 2610 855 2676 filium
878 2635 968 2676 suurn
985 2615 1100 2676 sactum
1124 2639 1159 2678 ex
1179 2616 1317 2693 muliere,

247 2707 375 2785 tactum
392 2722 450 2787 sub
490 2719 574 2808 lege,
604 2735 641 2784 ut
663 2742 715 2785 eos
727 2765 737 2800 ,
768 2724 824 2806 qui
846 2719 905 2783 sub
932 2720 998 2806 lege
1015 2736 1119 2801 erent,
1143 2723 1318 2800 redimeret,

246 2844 281 2892 ut
305 2831 504 2914 adoptionem
531 2828 670 2891 filiorum
698 2832 915 2913 reciperemus.
967 2830 1124 2907 Quoniam
1145 2843 1246 2892 autem
1270 2850 1321 2890 es-

246 2940 286 2997 tis
317 2934 374 2997 filii
400 2937 485 3014 Dei,
516 2939 599 2998 misit
620 2935 703 2998 Deus
725 2937 870 3020 spiritum
892 2932 950 2996 filii
973 2937 1020 2996 sui
1039 2938 1071 2996 iu
1093 2937 1319 3014 cordavestra,

247 3042 443 3106 clamantem
475 3042 582 3122 Abba,
608 3042 710 3107 Pater.
753 3042 863 3125 Itaque
890 3044 954 3124 jam
975 3063 1039 3105 non
1058 3065 1089 3106 es
1113 3064 1240 3122 servus,
1262 3041 1319 3105 sed

141 3192 144 3199 -
247 3147 340 3213 filius.
384 3149 481 3227 Quod
502 3156 528 3213 si
544 3151 643 3231 filius,
677 3164 709 3213 et
734 3151 841 3213 haeres
859 3170 916 3234 per
938 3151 1047 3214 Deum.

329 3257 591 3330 testatus
626 3259 807 3345 Degluticns
827 3252 980 3336 mortem,
1013 3268 1050 3319 ut
1075 3259 1156 3318 ritae
1176 3266 1330 3319 aeternas·

209 3393 214 3401 ’
246 3360 392 3430 haeredes
407 3366 608 3430 efficeremur.

329 3474 424 3559 Luc,
439 3476 511 3538 XI.=
539 3476 618 3554 Quis
651 3487 752 3538 autem
778 3494 814 3535 ex
829 3470 919 3535 vobis
951 3483 1070 3557 patrem
1098 3474 1178 3557 petit
1197 3489 1319 3556 panem,

245 3581 398 3663 numquid
428 3581 563 3667 lapidem
595 3581 683 3645 dabit
719 3580 785 3642 itti?
828 3577 894 3640 Aut
926 3581 1063 3664 piscem,
1087 3577 1240 3673 numquid
1253 3596 1318 3661 pro

245 3691 331 3771 pisce
364 3701 536 3772 serpentem
563 3688 650 3752 dabit
679 3684 749 3750 itti?
789 3683 854 3747 Aut
876 3687 901 3746 si
930 3690 1056 3771 petierit
1085 3708 1196 3764 orum,
1228 3704 1324 3746 num·

247 3795 325 3877 quid
344 3798 486 3881 porriget
507 3797 554 3858 illi
567 3793 783 3881 scorpionem?
826 3792 859 3852 Si
880 3810 953 3877 ergo
976 3816 1053 3872 vos,
1074 3815 1146 3857 cum
1168 3794 1234 3857 sitis
1253 3805 1322 3852 mtt-

158 3925 161 3935 ·
246 3900 293 3978 li,
315 3904 413 3964 nostis
429 3901 512 3965 boun
534 3903 605 3966 dota
624 3905 698 3973 dare
716 3898 788 3963 filiis
809 3901 939 3961 vestris:
970 3917 1087 3984 quanto
1112 3902 1206 3985 magis
1226 3910 1320 3983 pater

246 4021 347 4070 vester
363 4007 499 4072 caelestis
516 4011 554 4071 de
579 4011 663 4071 caelo
677 4004 764 4070 dabit
778 4009 921 4090 spiritum
943 4006 1064 4071 bonum
1074 4004 1255 4094 petentibus
1267 4002 1323 4086 set

328 4117 460 4179 Jacob
482 4119 528 4181 t:
549 4098 695 4183 Postulet
716 4130 817 4182 autem
841 4118 873 4178 iu
898 4112 978 4197 fide,
1004 4118 1084 4182 nihil
1109 4117 1271 4183 haesitant.
