2768 4762
585 196 598 251 i

431 339 815 409 nuenton&
1089 354 1170 429 »ω

94 548 135 615 ad
157 542 322 616 Austrum,
354 546 388 599 et
416 531 528 597 cadens
560 548 682 617 pronus
711 531 745 590 in
779 540 917 609 terram,
948 529 1092 602 adoravit
1107 549 1174 601 ter.

89 658 156 734 tio,
189 663 222 713 et
261 641 481 711 osculantesee
498 638 703 717 alterutrum,
733 633 886 703 fleverimt
903 639 1033 724 pariter·
1060 644 1175 724 (Md

88 773 128 943 ,a
143 754 365 938 Ἒὼἶίζλι
398 857 476 921 Cum
510 864 613 925 autem
633 849 761 918 vidisset
780 849 905 939 abigail
929 852 1053 933 David,
1081 855 1173 921 festi,

93 977 198 1054 navit,
219 984 252 1036 et
273 964 435 1033 descendit
456 964 495 1026 de
516 963 623 1040 asino,
647 972 679 1024 et
701 959 841 1045 procidit
865 981 970 1049 eoram
993 963 1097 1025 David
1119 987 1175 1028 su·

91 1104 152 1172 per
174 1081 286 1147 {aciem
301 1096 405 1154 suam,
435 1083 467 1135 et
484 1068 628 1145 adoravit
655 1090 748 1154 super
770 1080 901 1147 terram,
936 1080 968 1132 et
999 1070 1114 1141 cecidit
1132 1072 1174 1136 ud

91 1188 342 1376 missalis&
364 1288 425 1353 na
454 1283 604 1351 videntes
634 1294 738 1369 aqtem
764 1279 824 1349 filii
844 1279 1087 1375 prophetarum,
1117 1287 1175 1368 qui

91 1400 184 1468 erant
198 1403 232 1464 in
253 1396 380 1460 Jericho
404 1407 553 1471 econtra,
574 1393 736 1456 dixerunt:
756 1380 922 1474 Requievit
940 1392 1070 1475 spiritus
1096 1390 1175 1455 Elim

91 1530 190 1594 super
227 1507 374 1568 Eliseum.
432 1503 475 1564 Et
510 1502 666 1573 venientes
692 1501 726 1565 io
755 1518 920 1601 occursum
942 1499 1028 1591 ejus,
1061 1497 1177 1573 adoru-

94 1628 211 1680 uerunt
229 1635 298 1681 eum
319 1609 415 1699 proni
435 1611 468 1684 in
492 1620 617 1677 terram·
664 1608 675 1629 ‘
711 1616 715 1623 '

470 1834 500 1905 P
523 1831 558 1905 Α
582 1832 615 1904 Τ
638 1832 674 1904 R
696 1831 730 1903 Ε
753 1826 792 1903 S.

141 2016 169 2074 1·
190 2004 224 2066 B.
247 2002 488 2066 GREGORIUS
495 2003 530 2063 L.
540 2000 598 2064 tv.
605 1999 840 2068 Marcianas
860 1997 1033 2085 Postquam
1045 1998 1086 2062 de
1096 2018 1172 2063 eor-
1181 2008 1288 2105 om
1297 2002 1353 2047 novt

119 2087 228 2151 oribus
255 2101 417 2151 traneeum
443 2087 674 2172 praedicatores
696 2084 868 2164 Ecclesiae,
896 2107 1093 2169 nequaquam
1113 2061 1352 2170 Pensm&-

88 2244 92 2251 .
127 2194 253 2237 mmm
274 2178 382 2258 spatie,
403 2175 485 2235 sicut
505 2174 626 2255 antiqui
643 2172 791 2249 Potree,a
804 2170 942 2232 caelestis
956 2175 1076 2255 patriae
1083 2190 1171 2254 pru·
1181 2167 1289 2253 23:122?
1291 2161 1354 2256 'diii
1371 2204 1377 2213 ’

93 2260 238 2343 ceptione
259 2259 457 2319 differuntur.
500 2257 575 2318 Mox
596 2259 735 2339 quippe,
767 2266 805 2316 nt
832 2259 971 2317 acernis
994 2256 1173 2340 colligatio.
1185 2264 1306 2355 ”⁰622
1318 2309 1338 2348 ι

92 2360 135 2405 ue
165 2354 299 2415 exeunt,
334 2344 368 2399 in
400 2340 522 2401 caelesti
549 2339 621 2399 aede
651 2341 834 2420 quieseunt,
876 2340 975 2401 Paulo
998 2320 1204 2416 attestante,²⁶
1233 2321 1267 2352 ⁰⁸
1322 2349 1326 2358 ⁴

95 2427 154 2507 qui
186 2428 247 2483 ait:
280 2424 421 2498 Scimus,
455 2425 602 2503 quoniam
624 2424 649 2481 si
671 2425 826 2481 terrestria
849 2422 960 2483 domus
981 2438 1091 2486 nostra
1112 2423 1177 2485 hu-

100 2510 148 2567 'ue
179 2506 382 2581 habitationis
416 2503 620 2576 dissolvatur,
654 2523 733 2583 quae
766 2503 1012 2566 aedificationem
1045 2528 1081 2568 ex
1101 2508 1174 2569 Deo

95 2531 264 2667 debemus,
299 2589 427 2650 domum
459 2607 523 2647 non
553 2586 779 2664 manufactam,
818 2601 971 2649 aeternam
1005 2592 1037 2650 in
1072 2591 1175 2652 caelis.
1258 2646 1266 2671 Γ

94 2675 189 2738 Prius
221 2686 323 2735 autem
350 2694 443 2755 qoam
481 2670 662 2753 redemptor
694 2682 802 2731 noster
832 2685 935 2733 morta
966 2693 1022 2733 sua
1049 2672 1177 2736 humani

95 2760 217 2845 generis
248 2777 382 2842 poenum
408 2755 564 2832 solveret,
598 2775 650 2815 eos
672 2755 782 2833 etiam,
819 2759 874 2838 qui
896 2756 1033 2820 caelestis
1055 2762 1176 2841 patriae

94 2848 159 2906 vias
180 2845 288 2904 sectati
310 2854 402 2918 sunt,
425 2854 497 2925 post
515 2860 670 2924 egressum
691 2840 811 2918 caruis,
834 2842 949 2902 inferni
972 2841 1105 2904 claustra
1128 2857 1177 2905 te-

96 2939 256 2989 nuerunt:
289 2948 353 2989 nou
376 2939 412 2986 ut
434 2946 536 3010 poena
557 2928 642 3007 quasi
666 2936 845 3007 peccatores
866 2926 1037 3009 plecteret,
1065 2927 1178 2989 redut

96 3033 150 3074 eos
172 3012 205 3073 in
226 3010 304 3072 locis
326 3010 548 3072 remotioribus
571 3011 782 3092 quiescentes,
820 3014 893 3094 quia
923 3013 1055 3073 necdum
1078 3014 1177 3073 inter·

95 3097 195 3158 cessio
215 3094 398 3157 mediatoris
420 3093 601 3172 advenerat,
623 3091 663 3154 ab
685 3097 825 3178 ingressu
850 3118 883 3155 re
905 3099 955 3174 ni,
988 3110 1092 3158 reatus
1108 3098 1178 3179 pri-

94 3201 163 3242 mae
196 3180 306 3263 culpae
337 3177 531 3262 prohiberet.
585 3178 675 3239 Unde
703 3182 788 3260 juxta
812 3118 948 3261 ejusdcm
971 3181 1177 3264 redemptoris

95 3266 197 3327 nostri
226 3265 450 3340 testimonium,
481 3262 580 3339 divos,
612 3265 667 3344 qui
690 3264 774 3346 apud
795 3265 913 3326 inferos
934 3279 1122 3348 torquetur,
1144 3268 1176 3326 in

95 3353 169 3411 sinu
186 3347 332 3411 Abrahae
356 3350 549 3430 requiescere
564 3348 713 3407 Lazarum
735 3349 974 3433 contemplatur.
1018 3352 1081 3427 Qui
1097 3373 1178 3435 pru·

96 3435 182 3495 secto
216 3436 242 3493 si
271 3432 373 3493 adhuc
401 3436 432 3490 in
466 3434 534 3492 imis
562 3452 626 3490 non
652 3444 769 3507 essent,
801 3431 861 3493 hos
887 3434 939 3493 iiie
960 3437 992 3494 in
1014 3438 1176 3499 tormentis

94 3521 219 3604 positus
254 3537 319 3578 non
352 3515 481 3578 videret.
532 3516 623 3576 Unde
661 3527 694 3579 et
729 3516 811 3577 idem
849 3517 1029 3603 redemptor
1069 3533 1177 3582 noster

96 3612 159 3686 pro
188 3614 314 3663 nostrae
339 3601 449 3683 culpae
486 3599 594 3661 debito
622 3599 833 3677 occumbens,
868 3604 989 3663 inferna
1020 3617 1177 3689 penetrat,

95 3699 234 3761 utrum,
263 3688 320 3767 qui
335 3687 363 3745 ei
388 3683 598 3763 inhaeserant,
621 3684 661 3745 ud
683 3684 824 3747 caelestia
850 3687 988 3752 reducat
1032 3689 1093 3750 Sed
1112 3710 1177 3771 quo
1277 3762 1280 3767 Ι

96 3790 180 3830 nuno
203 3770 299 3832 homo
331 3769 509 3851 redemptus
536 3770 696 3848 ascendit,
732 3769 808 3829 illue
830 3772 976 3854 profecto
998 3774 1025 3834 ai
1047 3794 1178 3858 peecare

96 3853 262 3932 noluisset,
285 3857 376 3915 etiam
398 3856 463 3915 eine
484 3853 698 3937 redemptione
718 3856 916 3938 pertingeret.

181 3951 209 4007 1.
233 3939 266 3999 C.
309 3938 418 3998 IDEM
440 3940 475 3999 L.
497 3939 569 3998 XII.
591 3938 704 4000 Morai.
727 3961 796 4022 cop.
821 3953 889 4009 13..·
921 3939 1087 4016 sinothi,
1123 3943 1177 4024 qui

98 4017 202 4084 adhuc
221 4025 357 4083 viventes
377 4035 467 4101 sunt,
491 4035 688 4084 mortuorum
711 4026 828 4085 animae
856 4046 920 4109 quo
943 4025 1015 4101 ioco
1038 4024 1177 4087 habean-

96 4117 174 4184 tur,
207 4107 366 4191 ignorent:
401 4109 443 4167 ita
466 4109 582 4168 mortui
605 4111 697 4168 vitam
721 4111 754 4168 in
776 4130 869 4172 carne
890 4112 1081 4188 viventium,
1103 4123 1177 4193 post

96 4209 152 4261 eoa
184 4191 316 4272 qualiter
350 4190 552 4273 disponatur,
588 4194 748 4253 nesciunt:
783 4197 857 4273 quia
891 4207 926 4261 ¹et
949 4198 1012 4256 sita
1046 4197 1352 4279 spirituatem,

96 4275 254 4359 longeest
274 4297 292 4347 a
311 4278 373 4341 vita
392 4278 511 4348 seruiet
534 4289 565 4341 et
583 4279 665 4342 sicut
685 4280 855 4361 corporee'
872 4291 965 4363 atque
986 4265 1356 4364 incorporeaiss'”¹1”‚.2”¹‘.t¹.

1186 3315 1323 3363 Inumm
