<?xml version="1.0" encoding="UTF-8"?>
<!DOCTYPE html PUBLIC "-//W3C//DTD XHTML 1.0 Transitional//EN"
    "http://www.w3.org/TR/xhtml1/DTD/xhtml1-transitional.dtd">
<html xmlns="http://www.w3.org/1999/xhtml" xml:lang="en" lang="en">
 <head>
  <title>
</title>
<meta http-equiv="Content-Type" content="text/html;charset=utf-8" />
  <meta name='ocr-system' content='tesseract 3.04.00' />
  <meta name='ocr-capabilities' content='ocr_page ocr_carea ocr_par ocr_line ocrx_word'/>
</head>
<body>
  <div class='ocr_page' id='page_1' title='image "./summadoctrinaec00kanigoog_0021.png"; bbox 0 0 2768 4762; ppageno 0'>
   <div class='ocr_carea' id='block_1_1' title="bbox 106 354 1017 436">
    <p class='ocr_par' dir='ltr' id='par_1_1' title="bbox 106 354 1017 436">
     <span class='ocr_line' id='line_1_1' title="bbox 106 354 1017 436; baseline 0.016 -17"><span class='ocrx_word' id='word_1_1' title='bbox 106 354 185 422; x_wconf 79' lang='lat' dir='ltr'><strong><em>xvt</em></strong></span> <span class='ocrx_word' id='word_1_2' title='bbox 433 356 675 423; x_wconf 73' lang='lat' dir='ltr'><strong><em>Anuomuzo</em></strong></span> <span class='ocrx_word' id='word_1_3' title='bbox 696 362 755 424; x_wconf 82' lang='lat' dir='ltr'><strong><em>Ao</em></strong></span> <span class='ocrx_word' id='word_1_4' title='bbox 778 364 1017 436; x_wconf 77' lang='lat' dir='ltr'><strong><em>annonuut.</em></strong></span> 
     </span>
    </p>
   </div>
   <div class='ocr_carea' id='block_1_2' title="bbox 174 494 1354 775">
    <p class='ocr_par' dir='ltr' id='par_1_2' title="bbox 174 494 1354 775">
     <span class='ocr_line' id='line_1_2' title="bbox 276 494 1354 647; baseline 0.025 -34"><span class='ocrx_word' id='word_1_5' title='bbox 276 538 453 615; x_wconf 82' lang='lat' dir='ltr'><strong><em>stimonia</em></strong></span> <span class='ocrx_word' id='word_1_6' title='bbox 496 559 625 642; x_wconf 84' lang='lat' dir='ltr'><strong><em>petant</em></strong></span> <span class='ocrx_word' id='word_1_7' title='bbox 663 494 972 647; x_wconf 71' lang='lat' dir='ltr'><strong><em>confirmansque.</em></strong></span> <span class='ocrx_word' id='word_1_8' title='bbox 1051 511 1154 629; x_wconf 82' lang='lat' dir='ltr'><strong><em>Bene</em></strong></span> <span class='ocrx_word' id='word_1_9' title='bbox 1193 557 1275 635; x_wconf 74' lang='lat' dir='ltr'><strong><em>vale</em></strong></span> <span class='ocrx_word' id='word_1_10' title='bbox 1312 565 1354 641; x_wconf 89' lang='lat' dir='ltr'><strong><em>in</em></strong></span> 
     </span>
     <span class='ocr_line' id='line_1_3' title="bbox 174 663 1353 775; baseline 0.023 -40"><span class='ocrx_word' id='word_1_11' title='bbox 174 767 178 775; x_wconf 17' lang='grc' dir='ltr'>η</span> <span class='ocrx_word' id='word_1_12' title='bbox 277 663 503 749; x_wconf 59' lang='lat' dir='ltr'><strong><em>culusum</em></strong></span> <span class='ocrx_word' id='word_1_13' title='bbox 530 667 661 761; x_wconf 85' lang='lat' dir='ltr'><strong><em>lector,</em></strong></span> <span class='ocrx_word' id='word_1_14' title='bbox 687 686 725 741; x_wconf 83' lang='lat' dir='ltr'><strong><em>et</em></strong></span> <span class='ocrx_word' id='word_1_15' title='bbox 747 670 848 742; x_wconf 87' lang='lat' dir='ltr'><strong><em>huno</em></strong></span> <span class='ocrx_word' id='word_1_16' title='bbox 871 670 1040 748; x_wconf 84' lang='lat' dir='ltr'><strong><em>laborem</em></strong></span> <span class='ocrx_word' id='word_1_17' title='bbox 1064 698 1234 757; x_wconf 84' lang='lat' dir='ltr'><strong><em>nostrum</em></strong></span> <span class='ocrx_word' id='word_1_18' title='bbox 1259 686 1353 763; x_wconf 90' lang='lat' dir='ltr'><strong><em>bani</em></strong></span> 
     </span>
    </p>
   </div>
   <div class='ocr_carea' id='block_1_3' title="bbox 235 768 1350 1002">
    <p class='ocr_par' dir='ltr' id='par_1_3' title="bbox 235 768 1350 1002">
     <span class='ocr_line' id='line_1_4' title="bbox 235 768 1350 910; baseline 0.022 -50"><span class='ocrx_word' id='word_1_19' title='bbox 235 862 240 870; x_wconf 77' lang='grc'>,</span> <span class='ocrx_word' id='word_1_20' title='bbox 277 789 443 893; x_wconf 82' lang='lat' dir='ltr'><strong><em>consule.</em></strong></span> <span class='ocrx_word' id='word_1_21' title='bbox 517 789 698 864; x_wconf 82' lang='lat' dir='ltr'><strong>Coloniae</strong></span> <span class='ocrx_word' id='word_1_22' title='bbox 718 768 966 896; x_wconf 33' lang='lat' dir='ltr'><strong><em>‘Agrippinae</em></strong></span> <span class='ocrx_word' id='word_1_23' title='bbox 1001 799 1128 877; x_wconf 84' lang='lat' dir='ltr'><strong><em>Idibus</em></strong></span> <span class='ocrx_word' id='word_1_24' title='bbox 1165 810 1350 910; x_wconf 77' lang='lat' dir='ltr'>Augusti,</span> 
     </span>
     <span class='ocr_line' id='line_1_5' title="bbox 263 911 698 1002; baseline 0 -18"><span class='ocrx_word' id='word_1_25' title='bbox 263 912 387 986; x_wconf 79' lang='lat' dir='ltr'><strong><em>&#39;Anno</em></strong></span> <span class='ocrx_word' id='word_1_26' title='bbox 412 911 565 985; x_wconf 86' lang='lat' dir='ltr'><strong>Domini</strong></span> <span class='ocrx_word' id='word_1_27' title='bbox 592 929 698 1002; x_wconf 77' lang='lat'>15⁶9.</span> 
     </span>
    </p>
   </div>
   <div class='ocr_carea' id='block_1_4' title="bbox 580 1214 887 1230">
    <p class='ocr_par' dir='ltr' id='par_1_4' title="bbox 580 1214 887 1230">
     <span class='ocr_line' id='line_1_6' title="bbox 580 1214 887 1230; baseline 0.01 -3"><span class='ocrx_word' id='word_1_28' title='bbox 580 1214 887 1230; x_wconf 49' lang='grc' dir='ltr'><em>Μ</em></span> 
     </span>
    </p>
   </div>
   <div class='ocr_carea' id='block_1_5' title="bbox 303 1482 1133 1597">
    <p class='ocr_par' dir='ltr' id='par_1_5' title="bbox 303 1428 1133 1597">
     <span class='ocr_line' id='line_1_7' title="bbox 303 1482 1133 1597; baseline 0.014 -36"><span class='ocrx_word' id='word_1_29' title='bbox 303 1482 654 1597; x_wconf 74' lang='lat' dir='ltr'><strong><em>Anauonrno</em></strong></span> <span class='ocrx_word' id='word_1_30' title='bbox 683 1486 767 1567; x_wconf 75' lang='lat' dir='ltr'><strong><em>nn</em></strong></span> <span class='ocrx_word' id='word_1_31' title='bbox 796 1488 1133 1573; x_wconf 71' lang='lat' dir='ltr'><strong><em>sacrosan.</em></strong></span> 
     </span>
    </p>
   </div>
   <div class='ocr_carea' id='block_1_6' title="bbox 52 1720 1366 3459">
    <p class='ocr_par' dir='ltr' id='par_1_6' title="bbox 93 1720 1352 1968">
     <span class='ocr_line' id='line_1_8' title="bbox 95 1720 1352 1858; baseline 0.015 -34"><span class='ocrx_word' id='word_1_32' title='bbox 95 1720 319 1845; x_wconf 79' lang='lat' dir='ltr'><strong><em>Priusquam</em></strong></span> <span class='ocrx_word' id='word_1_33' title='bbox 341 1767 385 1825; x_wconf 91' lang='lat' dir='ltr'><strong><em>ad</em></strong></span> <span class='ocrx_word' id='word_1_34' title='bbox 407 1786 489 1846; x_wconf 88' lang='lat' dir='ltr'><strong><em>opus</em></strong></span> <span class='ocrx_word' id='word_1_35' title='bbox 512 1767 573 1830; x_wconf 81' lang='lat' dir='ltr'><strong><em>hoc</em></strong></span> <span class='ocrx_word' id='word_1_36' title='bbox 593 1772 821 1846; x_wconf 76' lang='lat' dir='ltr'><strong><em>evolvendum,</em></strong></span> <span class='ocrx_word' id='word_1_37' title='bbox 840 1769 979 1835; x_wconf 79' lang='lat' dir='ltr'><strong><em>candide</em></strong></span> <span class='ocrx_word' id='word_1_38' title='bbox 996 1777 1106 1852; x_wconf 87' lang='lat' dir='ltr'><strong><em>tector,</em></strong></span> <span class='ocrx_word' id='word_1_39' title='bbox 1129 1782 1275 1858; x_wconf 82' lang='lat' dir='ltr'><strong><em>accedas,</em></strong></span> <span class='ocrx_word' id='word_1_40' title='bbox 1298 1783 1352 1843; x_wconf 59' lang='lat' dir='ltr'><strong><em>de*</em></strong></span> 
     </span>
     <span class='ocr_line' id='line_1_9' title="bbox 93 1873 1339 1968; baseline 0.011 -34"><span class='ocrx_word' id='word_1_41' title='bbox 93 1873 291 1957; x_wconf 88' lang='lat' dir='ltr'><strong><em>quibusdam</em></strong></span> <span class='ocrx_word' id='word_1_42' title='bbox 322 1877 353 1932; x_wconf 83' lang='lat' dir='ltr'><strong><em>ie</em></strong></span> <span class='ocrx_word' id='word_1_43' title='bbox 374 1875 622 1935; x_wconf 79' lang='lat' dir='ltr'><strong><em>admonendum</em></strong></span> <span class='ocrx_word' id='word_1_44' title='bbox 650 1884 680 1935; x_wconf 91' lang='lat' dir='ltr'><strong><em>et</em></strong></span> <span class='ocrx_word' id='word_1_45' title='bbox 711 1877 962 1960; x_wconf 73' lang='lat' dir='ltr'><strong><em>informandum</em></strong></span> <span class='ocrx_word' id='word_1_46' title='bbox 985 1885 1153 1946; x_wconf 83' lang='lat' dir='ltr'><strong><em>duximus.</em></strong></span> <span class='ocrx_word' id='word_1_47' title='bbox 1199 1894 1248 1949; x_wconf 86' lang='lat' dir='ltr'><strong><em>Ac</em></strong></span> <span class='ocrx_word' id='word_1_48' title='bbox 1268 1889 1339 1968; x_wconf 90' lang='lat' dir='ltr'><strong><em>pri·</em></strong></span> 
     </span>
    </p>

    <p class='ocr_par' dir='ltr' id='par_1_7' title="bbox 88 1980 1366 2178">
     <span class='ocr_line' id='line_1_10' title="bbox 90 1980 1366 2074; baseline 0.01 -33"><span class='ocrx_word' id='word_1_49' title='bbox 90 2000 185 2055; x_wconf 77' lang='lat' dir='ltr'><strong><em>mum</em></strong></span> <span class='ocrx_word' id='word_1_50' title='bbox 208 1981 359 2062; x_wconf 88' lang='lat' dir='ltr'><strong><em>quidem,</em></strong></span> <span class='ocrx_word' id='word_1_51' title='bbox 391 1980 472 2060; x_wconf 90' lang='lat' dir='ltr'><strong><em>quid</em></strong></span> <span class='ocrx_word' id='word_1_52' title='bbox 499 1980 561 2040; x_wconf 87' lang='lat' dir='ltr'><strong><em>sibi</em></strong></span> <span class='ocrx_word' id='word_1_53' title='bbox 594 1983 696 2043; x_wconf 84' lang='lat' dir='ltr'><strong><em>uelint</em></strong></span> <span class='ocrx_word' id='word_1_54' title='bbox 729 1987 896 2064; x_wconf 73' lang='lat' dir='ltr'><em>alphabeti</em></span> <span class='ocrx_word' id='word_1_55' title='bbox 928 1988 1061 2063; x_wconf 84' lang='lat' dir='ltr'><strong><em>literae,</em></strong></span> <span class='ocrx_word' id='word_1_56' title='bbox 1092 2010 1176 2068; x_wconf 89' lang='lat' dir='ltr'><strong><em>quae</em></strong></span> <span class='ocrx_word' id='word_1_57' title='bbox 1197 1993 1366 2074; x_wconf 73' lang='lat' dir='ltr'><strong><em>singuiis*</em></strong></span> 
     </span>
     <span class='ocr_line' id='line_1_11' title="bbox 88 2084 1341 2178; baseline 0.008 -28"><span class='ocrx_word' id='word_1_58' title='bbox 88 2089 311 2174; x_wconf 79' lang='lat' dir='ltr'><strong><em>paragraphis</em></strong></span> <span class='ocrx_word' id='word_1_59' title='bbox 331 2087 561 2167; x_wconf 77' lang='lat' dir='ltr'><strong><em>quaestionum</em></strong></span> <span class='ocrx_word' id='word_1_60' title='bbox 585 2084 778 2155; x_wconf 82' lang='lat' dir='ltr'><strong><em>Catecbisrni</em></strong></span> <span class='ocrx_word' id='word_1_61' title='bbox 805 2094 992 2172; x_wconf 71' lang='lat' dir='ltr'><strong><em>adscriptae</em></strong></span> <span class='ocrx_word' id='word_1_62' title='bbox 1020 2100 1114 2155; x_wconf 87' lang='lat' dir='ltr'><strong><em>sunt:</em></strong></span> <span class='ocrx_word' id='word_1_63' title='bbox 1147 2101 1235 2171; x_wconf 87' lang='lat' dir='ltr'><strong><em>turn,</em></strong></span> <span class='ocrx_word' id='word_1_64' title='bbox 1259 2101 1341 2178; x_wconf 87' lang='lat' dir='ltr'><strong><em>quid</em></strong></span> 
     </span>
    </p>

    <p class='ocr_par' dir='ltr' id='par_1_8' title="bbox 90 2196 1338 2276">
     <span class='ocr_line' id='line_1_12' title="bbox 90 2196 1338 2276; baseline 0.006 -16"><span class='ocrx_word' id='word_1_65' title='bbox 90 2200 124 2261; x_wconf 92' lang='lat' dir='ltr'><strong><em>in</em></strong></span> <span class='ocrx_word' id='word_1_66' title='bbox 148 2196 359 2259; x_wconf 73' lang='lat' dir='ltr'><strong><em>citationibus</em></strong></span> <span class='ocrx_word' id='word_1_67' title='bbox 383 2196 631 2276; x_wconf 87' lang='lat' dir='ltr'><strong><em>Scripturarurn</em></strong></span> <span class='ocrx_word' id='word_1_68' title='bbox 661 2206 693 2257; x_wconf 91' lang='lat' dir='ltr'><strong><em>et</em></strong></span> <span class='ocrx_word' id='word_1_69' title='bbox 714 2209 906 2262; x_wconf 88' lang='lat' dir='ltr'><strong><em>sanctorum</em></strong></span> <span class='ocrx_word' id='word_1_70' title='bbox 929 2197 1077 2269; x_wconf 59' lang='lat' dir='ltr'><strong><em>Patrum,</em></strong></span> <span class='ocrx_word' id='word_1_71' title='bbox 1095 2203 1338 2268; x_wconf 86' lang='lat' dir='ltr'><strong><em>obseruandum</em></strong></span> 
     </span>
    </p>

    <p class='ocr_par' dir='ltr' id='par_1_9' title="bbox 89 2306 1335 2395">
     <span class='ocr_line' id='line_1_13' title="bbox 89 2306 1335 2395; baseline 0.005 -26"><span class='ocrx_word' id='word_1_72' title='bbox 89 2307 150 2369; x_wconf 86' lang='lat' dir='ltr'><strong><em>sit:</em></strong></span> <span class='ocrx_word' id='word_1_73' title='bbox 166 2308 321 2378; x_wconf 82' lang='lat' dir='ltr'><strong><em>demum,</em></strong></span> <span class='ocrx_word' id='word_1_74' title='bbox 353 2306 441 2364; x_wconf 85' lang='lat' dir='ltr'><strong><em>unde</em></strong></span> <span class='ocrx_word' id='word_1_75' title='bbox 462 2312 597 2382; x_wconf 87' lang='lat' dir='ltr'><strong><em>patrum</em></strong></span> <span class='ocrx_word' id='word_1_76' title='bbox 619 2306 827 2383; x_wconf 85' lang='lat' dir='ltr'><strong><em>testimonia,</em></strong></span> <span class='ocrx_word' id='word_1_77' title='bbox 851 2306 1030 2387; x_wconf 85' lang='lat' dir='ltr'><strong><em>dequibus</em></strong></span> <span class='ocrx_word' id='word_1_78' title='bbox 1052 2312 1176 2395; x_wconf 85' lang='lat' dir='ltr'><strong><em>ambigi</em></strong></span> <span class='ocrx_word' id='word_1_79' title='bbox 1203 2323 1335 2392; x_wconf 88' lang='lat' dir='ltr'><strong><em>posset,</em></strong></span> 
     </span>
    </p>

    <p class='ocr_par' dir='ltr' id='par_1_10' title="bbox 90 2409 1334 2501">
     <span class='ocr_line' id='line_1_14' title="bbox 90 2409 1334 2501; baseline 0.006 -25"><span class='ocrx_word' id='word_1_80' title='bbox 90 2413 254 2491; x_wconf 86' lang='lat' dir='ltr'><strong><em>descripta</em></strong></span> <span class='ocrx_word' id='word_1_81' title='bbox 275 2410 352 2471; x_wconf 84' lang='lat' dir='ltr'><strong><em>sint.</em></strong></span> <span class='ocrx_word' id='word_1_82' title='bbox 406 2409 503 2497; x_wconf 78' lang='lat' dir='ltr'><strong><em>Quod</em></strong></span> <span class='ocrx_word' id='word_1_83' title='bbox 531 2412 633 2494; x_wconf 87' lang='lat' dir='ltr'><strong><em>igitur</em></strong></span> <span class='ocrx_word' id='word_1_84' title='bbox 655 2416 699 2473; x_wconf 90' lang='lat' dir='ltr'><strong><em>ad</em></strong></span> <span class='ocrx_word' id='word_1_85' title='bbox 721 2415 834 2473; x_wconf 77' lang='lat' dir='ltr'><strong><em>literas</em></strong></span> <span class='ocrx_word' id='word_1_86' title='bbox 855 2413 990 2490; x_wconf 85' lang='lat' dir='ltr'><strong><em>attinet,</em></strong></span> <span class='ocrx_word' id='word_1_87' title='bbox 1013 2434 1070 2476; x_wconf 87' lang='lat' dir='ltr'><strong><em>eas</em></strong></span> <span class='ocrx_word' id='word_1_88' title='bbox 1098 2422 1334 2501; x_wconf 87' lang='lat' dir='ltr'><strong><em>apposuimus,</em></strong></span> 
     </span>
    </p>

    <p class='ocr_par' dir='ltr' id='par_1_11' title="bbox 89 2517 1337 2607">
     <span class='ocr_line' id='line_1_15' title="bbox 89 2517 1337 2607; baseline 0.005 -24"><span class='ocrx_word' id='word_1_89' title='bbox 89 2531 127 2585; x_wconf 91' lang='lat' dir='ltr'><strong><em>ut</em></strong></span> <span class='ocrx_word' id='word_1_90' title='bbox 142 2517 280 2604; x_wconf 77' lang='lat' dir='ltr'><strong><em>facilius</em></strong></span> <span class='ocrx_word' id='word_1_91' title='bbox 308 2520 523 2607; x_wconf 85' lang='lat' dir='ltr'><strong><em>auctqritates</em></strong></span> <span class='ocrx_word' id='word_1_92' title='bbox 547 2517 702 2595; x_wconf 82' lang='lat' dir='ltr'><strong><em>Petrum,</em></strong></span> <span class='ocrx_word' id='word_1_93' title='bbox 725 2539 808 2601; x_wconf 82' lang='lat' dir='ltr'><strong><em>quae</em></strong></span> <span class='ocrx_word' id='word_1_94' title='bbox 829 2522 874 2580; x_wconf 94' lang='lat' dir='ltr'><strong><em>ad</em></strong></span> <span class='ocrx_word' id='word_1_95' title='bbox 896 2523 1083 2605; x_wconf 76' lang='lat' dir='ltr'><strong><em>marginem</em></strong></span> <span class='ocrx_word' id='word_1_96' title='bbox 1103 2528 1259 2606; x_wconf 85' lang='lat' dir='ltr'><strong><em>citantur,</em></strong></span> <span class='ocrx_word' id='word_1_97' title='bbox 1283 2528 1337 2589; x_wconf 90' lang='lat' dir='ltr'><strong><em>in-</em></strong></span> 
     </span>
    </p>

    <p class='ocr_par' dir='ltr' id='par_1_12' title="bbox 86 2625 1333 2716">
     <span class='ocr_line' id='line_1_16' title="bbox 86 2625 1333 2716; baseline 0 -24"><span class='ocrx_word' id='word_1_98' title='bbox 86 2629 193 2693; x_wconf 85' lang='lat' dir='ltr'><strong><em>ueniri</em></strong></span> <span class='ocrx_word' id='word_1_99' title='bbox 213 2625 349 2709; x_wconf 84' lang='lat' dir='ltr'><strong><em>possint.</em></strong></span> <span class='ocrx_word' id='word_1_100' title='bbox 393 2625 482 2686; x_wconf 81' lang='lat' dir='ltr'><strong><em>Nom</em></strong></span> <span class='ocrx_word' id='word_1_101' title='bbox 512 2627 657 2705; x_wconf 84' lang='lat' dir='ltr'><strong><em>exempli</em></strong></span> <span class='ocrx_word' id='word_1_102' title='bbox 687 2646 803 2702; x_wconf 90' lang='lat' dir='ltr'><strong><em>causa,</em></strong></span> <span class='ocrx_word' id='word_1_103' title='bbox 826 2647 865 2687; x_wconf 87' lang='lat' dir='ltr'><strong><em>ca</em></strong></span> <span class='ocrx_word' id='word_1_104' title='bbox 888 2628 1087 2709; x_wconf 79' lang='lat' dir='ltr'><strong><em>testimonia,</em></strong></span> <span class='ocrx_word' id='word_1_105' title='bbox 1111 2656 1195 2716; x_wconf 91' lang='lat' dir='ltr'><strong><em>quac</em></strong></span> <span class='ocrx_word' id='word_1_106' title='bbox 1217 2637 1251 2693; x_wconf 90' lang='lat' dir='ltr'><strong><em>in</em></strong></span> <span class='ocrx_word' id='word_1_107' title='bbox 1273 2655 1333 2711; x_wconf 86' lang='lat' dir='ltr'><strong><em>pa-</em></strong></span> 
     </span>
    </p>

    <p class='ocr_par' dir='ltr' id='par_1_13' title="bbox 88 2733 1331 2820">
     <span class='ocr_line' id='line_1_17' title="bbox 88 2733 1331 2820; baseline -0.003 -21"><span class='ocrx_word' id='word_1_108' title='bbox 88 2735 255 2820; x_wconf 80' lang='lat' dir='ltr'><strong><em>ragrapho</em></strong></span> <span class='ocrx_word' id='word_1_109' title='bbox 269 2741 299 2796; x_wconf 85' lang='grc' dir='ltr'><em>Α</em></span> <span class='ocrx_word' id='word_1_110' title='bbox 314 2733 469 2808; x_wconf 89' lang='lat' dir='ltr'><strong><em>citantur,</em></strong></span> <span class='ocrx_word' id='word_1_111' title='bbox 492 2734 605 2793; x_wconf 88' lang='lat' dir='ltr'><strong><em>eodem</em></strong></span> <span class='ocrx_word' id='word_1_112' title='bbox 630 2734 745 2795; x_wconf 90' lang='lat' dir='ltr'><strong><em>ordine</em></strong></span> <span class='ocrx_word' id='word_1_113' title='bbox 763 2743 878 2815; x_wconf 90' lang='lat' dir='ltr'><strong><em>postea</em></strong></span> <span class='ocrx_word' id='word_1_114' title='bbox 900 2739 1087 2818; x_wconf 88' lang='lat' dir='ltr'><strong><em>subscripto</em></strong></span> <span class='ocrx_word' id='word_1_115' title='bbox 1109 2739 1331 2816; x_wconf 90' lang='lat' dir='ltr'><strong><em>reperiuntur,</em></strong></span> 
     </span>
    </p>

    <p class='ocr_par' dir='ltr' id='par_1_14' title="bbox 87 2840 1331 2924">
     <span class='ocr_line' id='line_1_18' title="bbox 87 2840 1331 2924; baseline -0.001 -18"><span class='ocrx_word' id='word_1_116' title='bbox 87 2844 224 2906; x_wconf 86' lang='lat' dir='ltr'><strong><em>adiectis</em></strong></span> <span class='ocrx_word' id='word_1_117' title='bbox 246 2842 414 2916; x_wconf 87' lang='lat' dir='ltr'><strong><em>numeris,</em></strong></span> <span class='ocrx_word' id='word_1_118' title='bbox 445 2841 500 2920; x_wconf 92' lang='lat' dir='ltr'><strong><em>qui</em></strong></span> <span class='ocrx_word' id='word_1_119' title='bbox 529 2840 660 2921; x_wconf 87' lang='lat' dir='ltr'><strong><em>quidem</em></strong></span> <span class='ocrx_word' id='word_1_120' title='bbox 684 2842 815 2904; x_wconf 88' lang='lat' dir='ltr'><strong><em>numeri</em></strong></span> <span class='ocrx_word' id='word_1_121' title='bbox 835 2844 897 2906; x_wconf 77' lang='lat' dir='ltr'><strong><em>hoc</em></strong></span> <span class='ocrx_word' id='word_1_122' title='bbox 923 2850 1114 2924; x_wconf 88' lang='lat' dir='ltr'><strong><em>praestant,</em></strong></span> <span class='ocrx_word' id='word_1_123' title='bbox 1146 2853 1192 2919; x_wconf 87' lang='lat' dir='ltr'><strong><em>ut,</em></strong></span> <span class='ocrx_word' id='word_1_124' title='bbox 1215 2843 1244 2903; x_wconf 91' lang='lat' dir='ltr'><strong><em>si</em></strong></span> <span class='ocrx_word' id='word_1_125' title='bbox 1264 2845 1331 2906; x_wconf 90' lang='lat' dir='ltr'><strong><em>aiio</em></strong></span> 
     </span>
    </p>

    <p class='ocr_par' dir='ltr' id='par_1_15' title="bbox 87 2943 1331 3036">
     <span class='ocr_line' id='line_1_19' title="bbox 87 2943 1331 3036; baseline -0.001 -21"><span class='ocrx_word' id='word_1_126' title='bbox 87 2954 122 3015; x_wconf 89' lang='lat' dir='ltr'><strong><em>in</em></strong></span> <span class='ocrx_word' id='word_1_127' title='bbox 146 2953 214 3013; x_wconf 86' lang='lat' dir='ltr'><strong><em>loco</em></strong></span> <span class='ocrx_word' id='word_1_128' title='bbox 237 2953 351 3010; x_wconf 85' lang='lat' dir='ltr'><strong><em>eadem</em></strong></span> <span class='ocrx_word' id='word_1_129' title='bbox 375 2948 563 3008; x_wconf 87' lang='lat' dir='ltr'><strong><em>testimonia</em></strong></span> <span class='ocrx_word' id='word_1_130' title='bbox 575 2952 819 3028; x_wconf 88' lang='lat' dir='ltr'><strong><em>producantur,</em></strong></span> <span class='ocrx_word' id='word_1_131' title='bbox 845 2950 972 3027; x_wconf 86' lang='lat' dir='ltr'><strong><em>possint</em></strong></span> <span class='ocrx_word' id='word_1_132' title='bbox 993 2948 1076 3008; x_wconf 90' lang='lat' dir='ltr'><strong><em>citro</em></strong></span> <span class='ocrx_word' id='word_1_133' title='bbox 1098 2943 1331 3036; x_wconf 73' lang='lat' dir='ltr'><strong><em>difficultatem</em></strong></span> 
     </span>
    </p>

    <p class='ocr_par' dir='ltr' id='par_1_16' title="bbox 87 3053 1329 3140">
     <span class='ocr_line' id='line_1_20' title="bbox 87 3053 1329 3140; baseline -0.001 -18"><span class='ocrx_word' id='word_1_134' title='bbox 87 3060 243 3140; x_wconf 87' lang='lat' dir='ltr'><strong><em>reperiri:</em></strong></span> <span class='ocrx_word' id='word_1_135' title='bbox 275 3056 444 3117; x_wconf 72' lang='lat' dir='ltr'><strong><em>Nimirum</em></strong></span> <span class='ocrx_word' id='word_1_136' title='bbox 467 3057 560 3135; x_wconf 87' lang='lat' dir='ltr'><strong><em>siquo</em></strong></span> <span class='ocrx_word' id='word_1_137' title='bbox 598 3056 641 3115; x_wconf 93' lang='lat' dir='ltr'><strong><em>D.</em></strong></span> <span class='ocrx_word' id='word_1_138' title='bbox 664 3059 843 3138; x_wconf 79' lang='lat' dir='ltr'><strong><em>Augustini</em></strong></span> <span class='ocrx_word' id='word_1_139' title='bbox 866 3053 1065 3130; x_wconf 86' lang='lat' dir='ltr'><strong><em>auctoritas,</em></strong></span> <span class='ocrx_word' id='word_1_140' title='bbox 1100 3076 1183 3138; x_wconf 90' lang='lat' dir='ltr'><strong><em>quae</em></strong></span> <span class='ocrx_word' id='word_1_141' title='bbox 1206 3080 1271 3121; x_wconf 91' lang='lat' dir='ltr'><strong><em>uno</em></strong></span> <span class='ocrx_word' id='word_1_142' title='bbox 1294 3062 1329 3121; x_wconf 85' lang='lat' dir='ltr'><strong><em>in</em></strong></span> 
     </span>
    </p>

    <p class='ocr_par' dir='ltr' id='par_1_17' title="bbox 86 3160 1329 3247">
     <span class='ocr_line' id='line_1_21' title="bbox 86 3160 1329 3247; baseline -0.002 -18"><span class='ocrx_word' id='word_1_143' title='bbox 86 3174 156 3235; x_wconf 87' lang='lat' dir='ltr'><strong><em>toco</em></strong></span> <span class='ocrx_word' id='word_1_144' title='bbox 178 3169 279 3229; x_wconf 88' lang='lat' dir='ltr'><strong><em>citata</em></strong></span> <span class='ocrx_word' id='word_1_145' title='bbox 301 3175 370 3238; x_wconf 87' lang='lat' dir='ltr'><strong><em>est,</em></strong></span> <span class='ocrx_word' id='word_1_146' title='bbox 393 3171 565 3243; x_wconf 88' lang='lat' dir='ltr'><strong><em>repetatur</em></strong></span> <span class='ocrx_word' id='word_1_147' title='bbox 585 3171 617 3222; x_wconf 89' lang='lat' dir='ltr'><strong><em>et</em></strong></span> <span class='ocrx_word' id='word_1_148' title='bbox 638 3162 731 3236; x_wconf 87' lang='lat' dir='ltr'><strong><em>aiibi,</em></strong></span> <span class='ocrx_word' id='word_1_149' title='bbox 755 3161 816 3222; x_wconf 84' lang='lat' dir='ltr'><strong><em>hoc</em></strong></span> <span class='ocrx_word' id='word_1_150' title='bbox 837 3160 1029 3239; x_wconf 87' lang='lat' dir='ltr'><strong><em>compendio</em></strong></span> <span class='ocrx_word' id='word_1_151' title='bbox 1051 3162 1194 3225; x_wconf 87' lang='lat' dir='ltr'><strong><em>inueniri</em></strong></span> <span class='ocrx_word' id='word_1_152' title='bbox 1213 3168 1329 3247; x_wconf 88' lang='lat' dir='ltr'><strong><em>possit,</em></strong></span> 
     </span>
    </p>

    <p class='ocr_par' dir='ltr' id='par_1_18' title="bbox 52 3254 1330 3358">
     <span class='ocr_line' id='line_1_22' title="bbox 52 3254 1330 3358; baseline -0.002 -20"><span class='ocrx_word' id='word_1_153' title='bbox 52 3254 55 3263; x_wconf 37' lang='grc' dir='ltr'>Ι</span> <span class='ocrx_word' id='word_1_154' title='bbox 86 3297 161 3339; x_wconf 84' lang='lat' dir='ltr'><strong><em>curn</em></strong></span> <span class='ocrx_word' id='word_1_155' title='bbox 184 3275 320 3335; x_wconf 88' lang='lat' dir='ltr'><strong><em>dicitur:</em></strong></span> <span class='ocrx_word' id='word_1_156' title='bbox 355 3270 433 3331; x_wconf 86' lang='lat' dir='ltr'><strong><em>Vide</em></strong></span> <span class='ocrx_word' id='word_1_157' title='bbox 454 3289 558 3349; x_wconf 88' lang='lat' dir='ltr'><strong><em>supra</em></strong></span> <span class='ocrx_word' id='word_1_158' title='bbox 581 3266 767 3349; x_wconf 87' lang='lat' dir='ltr'><strong><em>quaestione</em></strong></span> <span class='ocrx_word' id='word_1_159' title='bbox 791 3285 823 3350; x_wconf 87' lang='lat'><strong><em>9.</em></strong></span> <span class='ocrx_word' id='word_1_160' title='bbox 845 3267 884 3330; x_wconf 88' lang='lat' dir='ltr'><strong><em>B.</em></strong></span> <span class='ocrx_word' id='word_1_161' title='bbox 903 3286 934 3332; x_wconf 78' lang='lat'><strong><em>2.</em></strong></span> <span class='ocrx_word' id='word_1_162' title='bbox 957 3271 1046 3352; x_wconf 91' lang='lat' dir='ltr'><strong><em>quod</em></strong></span> <span class='ocrx_word' id='word_1_163' title='bbox 1065 3270 1232 3358; x_wconf 82' lang='lat' dir='ltr'><strong><em>significat</em></strong></span> <span class='ocrx_word' id='word_1_164' title='bbox 1250 3293 1330 3336; x_wconf 87' lang='lat' dir='ltr'><strong><em>auc·</em></strong></span> 
     </span>
    </p>

    <p class='ocr_par' dir='ltr' id='par_1_19' title="bbox 82 3373 746 3459">
     <span class='ocr_line' id='line_1_23' title="bbox 82 3373 746 3459; baseline -0.011 -11"><span class='ocrx_word' id='word_1_165' title='bbox 82 3385 247 3448; x_wconf 85' lang='lat' dir='ltr'><strong><em>toritatem</em></strong></span> <span class='ocrx_word' id='word_1_166' title='bbox 281 3379 461 3441; x_wconf 85' lang='lat' dir='ltr'><strong><em>secundam</em></strong></span> <span class='ocrx_word' id='word_1_167' title='bbox 482 3373 686 3459; x_wconf 80' lang='lat' dir='ltr'><strong><em>paragraphi</em></strong></span> <span class='ocrx_word' id='word_1_168' title='bbox 707 3373 746 3442; x_wconf 86' lang='grc' dir='ltr'><strong><em>Β.</em></strong></span> 
     </span>
    </p>
   </div>
   <div class='ocr_carea' id='block_1_7' title="bbox 76 3581 1328 4314">
    <p class='ocr_par' dir='ltr' id='par_1_20' title="bbox 76 3581 1328 4314">
     <span class='ocr_line' id='line_1_24' title="bbox 168 3581 1327 3666; baseline -0.004 -15"><span class='ocrx_word' id='word_1_169' title='bbox 168 3589 266 3652; x_wconf 88' lang='lat' dir='ltr'><strong><em>Circa</em></strong></span> <span class='ocrx_word' id='word_1_170' title='bbox 296 3583 562 3649; x_wconf 83' lang='lat' dir='ltr'><strong><em>testimoniorum</em></strong></span> <span class='ocrx_word' id='word_1_171' title='bbox 597 3588 629 3643; x_wconf 88' lang='lat' dir='ltr'><strong><em>et</em></strong></span> <span class='ocrx_word' id='word_1_172' title='bbox 658 3581 900 3645; x_wconf 84' lang='lat' dir='ltr'><strong><em>auctoritatum</em></strong></span> <span class='ocrx_word' id='word_1_173' title='bbox 949 3582 1203 3666; x_wconf 83' lang='lat' dir='ltr'><strong><em>descriptionem</em></strong></span> <span class='ocrx_word' id='word_1_174' title='bbox 1243 3581 1327 3646; x_wconf 79' lang='lat' dir='ltr'><strong><em>hoec</em></strong></span> 
     </span>
     <span class='ocr_line' id='line_1_25' title="bbox 76 3688 1326 3782; baseline -0.004 -24"><span class='ocrx_word' id='word_1_175' title='bbox 76 3693 151 3782; x_wconf 75' lang='lat' dir='ltr'><strong><em>fere</em></strong></span> <span class='ocrx_word' id='word_1_176' title='bbox 174 3697 352 3758; x_wconf 88' lang='lat' dir='ltr'><strong><em>indicanda</em></strong></span> <span class='ocrx_word' id='word_1_177' title='bbox 383 3691 593 3754; x_wconf 87' lang='lat' dir='ltr'><strong><em>videbantur.</em></strong></span> <span class='ocrx_word' id='word_1_178' title='bbox 652 3689 806 3750; x_wconf 88' lang='lat' dir='ltr'><strong><em>Primum</em></strong></span> <span class='ocrx_word' id='word_1_179' title='bbox 837 3688 956 3750; x_wconf 86' lang='lat' dir='ltr'><strong><em>mirari</em></strong></span> <span class='ocrx_word' id='word_1_180' title='bbox 990 3692 1156 3753; x_wconf 84' lang='lat' dir='ltr'><strong><em>neminem</em></strong></span> <span class='ocrx_word' id='word_1_181' title='bbox 1189 3692 1326 3768; x_wconf 87' lang='lat' dir='ltr'><strong><em>debere,</em></strong></span> 
     </span>
     <span class='ocr_line' id='line_1_26' title="bbox 82 3797 1328 3886; baseline -0.005 -22"><span class='ocrx_word' id='word_1_182' title='bbox 82 3805 167 3886; x_wconf 90' lang='lat' dir='ltr'><strong><em>quod</em></strong></span> <span class='ocrx_word' id='word_1_183' title='bbox 195 3819 352 3864; x_wconf 87' lang='lat' dir='ltr'><strong><em>numeros</em></strong></span> <span class='ocrx_word' id='word_1_184' title='bbox 381 3799 543 3860; x_wconf 83' lang='lat' dir='ltr'><strong><em>librorum</em></strong></span> <span class='ocrx_word' id='word_1_185' title='bbox 571 3805 602 3857; x_wconf 91' lang='lat' dir='ltr'><strong><em>et</em></strong></span> <span class='ocrx_word' id='word_1_186' title='bbox 634 3797 780 3875; x_wconf 88' lang='lat' dir='ltr'><strong><em>capitum</em></strong></span> <span class='ocrx_word' id='word_1_187' title='bbox 809 3816 875 3858; x_wconf 91' lang='lat' dir='ltr'><strong><em>non</em></strong></span> <span class='ocrx_word' id='word_1_188' title='bbox 903 3797 1133 3861; x_wconf 82' lang='lat' dir='ltr'><strong><em>Aritbmeticis</em></strong></span> <span class='ocrx_word' id='word_1_189' title='bbox 1155 3797 1265 3869; x_wconf 91' lang='lat' dir='ltr'><strong><em>notis,</em></strong></span> <span class='ocrx_word' id='word_1_190' title='bbox 1288 3805 1328 3858; x_wconf 88' lang='lat' dir='ltr'><strong><em>ut</em></strong></span> 
     </span>
     <span class='ocr_line' id='line_1_27' title="bbox 76 3901 1327 3994; baseline -0.003 -24"><span class='ocrx_word' id='word_1_191' title='bbox 76 3908 156 3994; x_wconf 81' lang='lat' dir='ltr'><strong><em>fieri</em></strong></span> <span class='ocrx_word' id='word_1_192' title='bbox 178 3910 281 3983; x_wconf 84' lang='lat' dir='ltr'><strong><em>solet,</em></strong></span> <span class='ocrx_word' id='word_1_193' title='bbox 309 3908 367 3968; x_wconf 89' lang='lat' dir='ltr'><strong><em>scd</em></strong></span> <span class='ocrx_word' id='word_1_194' title='bbox 388 3905 527 3989; x_wconf 81' lang='lat' dir='ltr'><strong><em>integris</em></strong></span> <span class='ocrx_word' id='word_1_195' title='bbox 549 3904 746 3965; x_wconf 87' lang='lat' dir='ltr'><strong><em>dictionibus</em></strong></span> <span class='ocrx_word' id='word_1_196' title='bbox 768 3906 1039 3983; x_wconf 86' lang='lat' dir='ltr'><strong><em>expresserimus.</em></strong></span> <span class='ocrx_word' id='word_1_197' title='bbox 1084 3907 1139 3969; x_wconf 86' lang='lat' dir='ltr'><strong><em>Ad</em></strong></span> <span class='ocrx_word' id='word_1_198' title='bbox 1160 3908 1248 3988; x_wconf 90' lang='lat' dir='ltr'><strong><em>quod</em></strong></span> <span class='ocrx_word' id='word_1_199' title='bbox 1260 3901 1327 3988; x_wconf 86' lang='lat' dir='ltr'><strong><em>fo·</em></strong></span> 
     </span>
     <span class='ocr_line' id='line_1_28' title="bbox 83 4010 1327 4098; baseline -0.004 -20"><span class='ocrx_word' id='word_1_200' title='bbox 83 4016 237 4091; x_wconf 85' lang='lat' dir='ltr'><strong><em>ciendum</em></strong></span> <span class='ocrx_word' id='word_1_201' title='bbox 259 4015 340 4077; x_wconf 79' lang='lat' dir='ltr'><strong><em>hoec</em></strong></span> <span class='ocrx_word' id='word_1_202' title='bbox 368 4033 429 4075; x_wconf 89' lang='lat' dir='ltr'><strong><em>nos</em></strong></span> <span class='ocrx_word' id='word_1_203' title='bbox 457 4033 559 4074; x_wconf 86' lang='lat' dir='ltr'><strong><em>causa</em></strong></span> <span class='ocrx_word' id='word_1_204' title='bbox 588 4010 784 4098; x_wconf 75' lang='lat' dir='ltr'><strong><em>coarmavit,</em></strong></span> <span class='ocrx_word' id='word_1_205' title='bbox 807 4021 843 4073; x_wconf 90' lang='lat' dir='ltr'><strong><em>ut</em></strong></span> <span class='ocrx_word' id='word_1_206' title='bbox 865 4013 986 4074; x_wconf 80' lang='lat' dir='ltr'><strong><em>scilicet</em></strong></span> <span class='ocrx_word' id='word_1_207' title='bbox 1009 4014 1174 4089; x_wconf 83' lang='lat' dir='ltr'><strong><em>tectorem,</em></strong></span> <span class='ocrx_word' id='word_1_208' title='bbox 1196 4013 1253 4094; x_wconf 92' lang='lat' dir='ltr'><strong><em>qui</em></strong></span> <span class='ocrx_word' id='word_1_209' title='bbox 1274 4012 1327 4073; x_wconf 84' lang='lat' dir='ltr'><strong><em>bis</em></strong></span> 
     </span>
     <span class='ocr_line' id='line_1_29' title="bbox 82 4117 1325 4201; baseline -0.005 -16"><span class='ocrx_word' id='word_1_210' title='bbox 82 4121 336 4186; x_wconf 87' lang='lat' dir='ltr'><strong><em>auctoritatibus</em></strong></span> <span class='ocrx_word' id='word_1_211' title='bbox 366 4128 400 4182; x_wconf 90' lang='lat' dir='ltr'><strong><em>et</em></strong></span> <span class='ocrx_word' id='word_1_212' title='bbox 427 4119 599 4181; x_wconf 82' lang='lat' dir='ltr'><strong><em>sententiis</em></strong></span> <span class='ocrx_word' id='word_1_213' title='bbox 631 4128 761 4194; x_wconf 86' lang='lat' dir='ltr'><strong><em>utetur,</em></strong></span> <span class='ocrx_word' id='word_1_214' title='bbox 796 4117 904 4201; x_wconf 87' lang='lat' dir='ltr'><strong><em>magis</em></strong></span> <span class='ocrx_word' id='word_1_215' title='bbox 939 4138 1094 4181; x_wconf 85' lang='lat' dir='ltr'><strong><em>securum</em></strong></span> <span class='ocrx_word' id='word_1_216' title='bbox 1128 4120 1325 4194; x_wconf 86' lang='lat' dir='ltr'><strong><em>reddamus.</em></strong></span> 
     </span>
     <span class='ocr_line' id='line_1_30' title="bbox 86 4223 1327 4314; baseline -0.005 -18"><span class='ocrx_word' id='word_1_217' title='bbox 86 4232 201 4314; x_wconf 81' lang='lat' dir='ltr'><strong><em>Neque</em></strong></span> <span class='ocrx_word' id='word_1_218' title='bbox 222 4227 312 4295; x_wconf 82' lang='lat' dir='ltr'><strong><em>enirn</em></strong></span> <span class='ocrx_word' id='word_1_219' title='bbox 343 4247 423 4294; x_wconf 89' lang='lat' dir='ltr'><strong><em>raro</em></strong></span> <span class='ocrx_word' id='word_1_220' title='bbox 450 4226 587 4307; x_wconf 86' lang='lat' dir='ltr'><strong><em>accidit,</em></strong></span> <span class='ocrx_word' id='word_1_221' title='bbox 620 4234 651 4291; x_wconf 90' lang='lat' dir='ltr'><strong><em>et</em></strong></span> <span class='ocrx_word' id='word_1_222' title='bbox 674 4223 819 4305; x_wconf 84' lang='lat' dir='ltr'><strong><em>nosipsi</em></strong></span> <span class='ocrx_word' id='word_1_223' title='bbox 846 4244 914 4288; x_wconf 92' lang='lat' dir='ltr'><strong><em>non</em></strong></span> <span class='ocrx_word' id='word_1_224' title='bbox 935 4228 1037 4290; x_wconf 82' lang='lat' dir='ltr'><strong><em>semet</em></strong></span> <span class='ocrx_word' id='word_1_225' title='bbox 1059 4225 1327 4307; x_wconf 80' lang='lat' dir='ltr'><strong><em>observavimus,</em></strong></span> 
     </span>
    </p>
   </div>
   <div class='ocr_carea' id='block_1_8' title="bbox 0 0 1388 4762">
    <p class='ocr_par' dir='ltr' id='par_1_21' title="bbox 0 0 1388 4762">
     <span class='ocr_line' id='line_1_31' title="bbox 0 0 1388 4762; baseline 0 2"><span class='ocrx_word' id='word_1_226' title='bbox 0 0 1388 4762; x_wconf 95' lang='lat' dir='ltr'><strong><em> </em></strong></span> 
     </span>
    </p>
   </div>
  </div>
 </body>
</html>
