2768 4762
424 372 758 440 SYMBOLO.
1081 380 1131 447 11

59 563 210 655 possibile
230 573 277 645 est
295 561 466 649 primarum
483 561 737 649 propositionum
760 560 919 646 inquirere
939 558 1134 621 demonstra·

61 655 175 715 tionem
197 650 297 711 Immo
319 660 507 728 necessust,
529 658 575 725 ut,
600 668 698 730 quum
711 646 871 708 admiseris
889 662 993 708 earum
1009 645 1133 719 artium,

62 756 140 883 quae
156 746 241 797 certa
250 734 373 795 'ratione
388 734 548 809 nituntur,
561 733 719 815 principia
732 745 768 793 ut
781 734 930 808 contessa,
952 750 1009 789 nee
1020 729 1135 811 proin-

83 842 100 883 e
120 820 218 881 ullam
236 818 427 900 requirentia
441 816 709 881 demonstrativam
721 816 949 899 probationem,
965 814 998 874 id
1011 815 1135 873 demum

60 907 217 988 inspicias,
244 901 403 985 quiequid
434 922 480 977 ex¹
498 903 743 987 praesuppositis
777 900 888 962 ordine
919 900 1133 982 consequitur.

59 989 168 1053 Nihilo
197 989 296 1049 secius
333 998 365 1047 et
396 985 571 1072 theologiae
599 988 779 1061 mysterium
807 988 941 1069 requirit
971 1002 1132 1057 assensum,
1144 992 1245 1044 sempr„
1272 1000 1309 1030 ⁸·-

61 1074 150 1134 nulla
186 1074 312 1155 praevia
350 1073 551 1153 inquisitione
577 1073 732 1132 nitentem.
777 1071 855 1131 Sane
880 1073 923 1131 uit
945 1053 1284 1156 lP⁰³¹⁰¹¹¹⁸²llfsi⁰iia

61 1158 198 1219 Credere
216 1159 296 1217 enim
316 1168 454 1239 oportet,
479 1160 550 1239 quia
566 1156 651 1215 Deus
674 1169 729 1231 est,
751 1177 815 1215 non
833 1158 905 1215 item
925 1157 1135 1237 quaestionem

61 1263 193 1320 vocare,
215 1254 268 1302 aut
292 1244 517 1301 controversim
541 1260 701 1323 opponere
721 1238 815 1299 illud:
849 1239 937 1315 Quid
962 1250 1009 1298 est
1029 1236 1134 1295 Deusl

62 1326 171 1408 Atque
195 1325 274 1387 adeo
285 1328 318 1385 in
333 1327 518 1401 universum,
540 1324 617 1385 fides
630 1346 656 1385 sr
673 1322 844 1384 substantia
862 1343 967 1383 earum
983 1333 1037 1395 est,
1057 1320 1202 1401 quaem·
1215 1330 1249 1366 ¹¹·
1263 1328 1283 1358 ¹·

61 1422 246 1495 sperantur,
269 1430 385 1485 rerum,
407 1420 437 1468 et
464 1430 582 1483 eorum,
610 1429 688 1488 quae
709 1428 773 1466 non
797 1408 954 1482 ridentur,
976 1423 1139 1487 argumen-

61 1506 145 1555 tumr
182 1516 220 1554 ne
244 1493 320 1575 mihi
345 1505 381 1553 tu
401 1496 508 1553 anxius
536 1491 703 1553 contendas
725 1491 831 1550 ridere
854 1492 935 1571 jam,
968 1510 1045 1568 quae
1068 1486 1139 1546 lon-

62 1582 153 1663 giore
171 1579 310 1659 seposita
328 1587 400 1635 sunt
419 1574 595 1651 interuallo,
616 1595 676 1634 neu
697 1596 776 1655 quae
793 1595 899 1656 speras
915 1586 945 1634 te
965 1571 1043 1633 olim
1062 1591 1142 1630 eon-

61 1676 265 1737 sccuturum,
297 1662 328 1719 in
355 1657 529 1741 ambiguam
554 1680 677 1725 revoces
704 1658 868 1717 dubiamve
891 1669 1030 1741 partem,
1053 1653 1141 1739 quod

65 1744 107 1805 ud
132 1766 169 1803 ea
185 1740 326 1801 noiidum
346 1744 489 1825 potueris
513 1756 596 1805 certa
616 1744 744 1805 notione
768 1745 954 1827 pertingere.

79 1896 90 1947 p
155 1861 184 1913 2.
228 1846 337 1907 IDEM
360 1850 391 1908 in
415 1848 526 1909 illorul.
550 1849 623 1931 lieg.
646 1848 772 1907 LXXX.
797 1872 822 1908 c.
848 1863 918 1918 n:
949 1847 1036 1925 Quid
1062 1866 1140 1930 pro-

64 1933 173 2015 prium
194 1931 288 1991 fidei?
308 1932 481 1993 Certissima
500 1935 598 1997 animi·
612 1932 744 2014 expletio
765 1934 804 1993 de
825 1934 1004 1994 divinorum
1023 1931 1139 1993 verbo-

61 2036 133 2077 rum
147 2017 284 2090 veritate,
297 2037 376 2096 quae
391 2016 487 2093 nulla,
504 2038 636 2098 nequeo
654 2020 787 2077 naturali
794 2022 978 2079 'necessitate
1009 2017 1136 2077 inducta

63 2101 203 2174 ratione,
238 2120 338 2181 neque
362 2100 402 2162 ad
428 2122 517 2161 serae
547 2104 669 2184 pietatis
692 2102 918 2163 simulationem
941 2103 1136 2164 conformata

64 2183 131 2243 ullo
145 2182 241 2243 modo
259 2186 357 2266 possit
371 2184 562 2247 labefactari.
586 2186 672 2263 Quid
691 2190 855 2269 proprium
872 2185 994 2249 fidelis?
1015 2199 1137 2247 utrum

65 2267 220 2347 ejusmodi
248 2281 331 2329 certa
359 2272 451 2329 animi
482 2270 655 2354 expletione
687 2292 789 2331 veram
822 2294 885 2332 esse
925 2273 1050 2333 illorum
1075 2272 1137 2329 vim

64 2350 189 2427 eredat,
223 2372 301 2433 quae
330 2354 413 2415 dieta
440 2368 514 2417 suut
549 2357 584 2417 in
613 2356 787 2437 scriptura,
823 2357 965 2440 nihilque
1002 2358 1135 2437 rejiciat,

65 2447 120 2497 aut
141 2456 258 2495 norum
280 2450 414 2497 statuere
441 2440 561 2500 audeat.

151 2554 182 2611 s.
227 2543 468 2605 caecemus
498 2546 541 2606 iu.
565 2544 648 2605 nom.
671 2559 721 2613 rs.
751 2547 783 2604 tn
805 2547 936 2629 evang:
970 2527 1299 2633 seteiiuumffssxsutr

65 2624 159 2687 nobis
172 2639 227 2703 est,
250 2628 339 2708 quod
362 2629 464 2689 divina
486 2633 638 2711 operatio,
661 2633 687 2689 si
707 2632 828 2689 ratione
851 2627 1135 2712 comprehenditur,
1149 2630 1300 2717 ξξξὲξῗὲἑζζ

66 2731 130 2771 non
151 2723 197 2771 est
218 2711 417 2771 admirabilis.
461 2714 523 2773 Nec
545 2712 620 2775 sides
641 2714 735 2774 hahet
756 2718 915 2791 meritum,
938 2714 988 2772 cui
1008 2712 1194 2771 humanans

67 2797 149 2856 ratio
183 2796 313 2878 praebet
344 2799 591 2879 experimentum.
647 2800 688 2858 Et
717 2799 904 2880 quibusdam
939 2797 1139 2877 interpositis,

67 2880 146 2939 Cum
167 2878 285 2941 Paulus
307 2880 479 2964 Apostolus
500 2883 596 2943 dieat:
617 2882 673 2945 Est
695 2898 793 2943 autem
820 2882 896 2943 tides
918 2881 1139 2964 sperandarum

68 2962 242 3025 substantia
261 2987 384 3042 rerum,
419 2980 631 3050 argumentum
653 2988 716 3027 non
737 2973 971 3050 apparentium:
994 2966 1139 3047 profecto

68 3046 185 3131 liquet,
208 3053 280 3131 quia
299 3048 374 3109 lides
396 3050 520 3110 illarum
541 3074 645 3111 rernm
666 3067 877 3137 argumentum
900 3066 961 3128 est,
984 3071 1061 3132 quae
1084 3070 1141 3131 ap-

65 3148 178 3215 parere
204 3152 268 3194 non
303 3128 444 3217 possunt.
470 3134 577 3213 'Q'uae
609 3140 719 3196 etenim
748 3138 916 3219 apparent,
951 3136 1014 3217 jam
1047 3125 1313 3193 lidem³⁰⁸”·¹⁰·'⁹·

66 3236 134 3277 uon
162 3217 294 3299 hahent,
330 3220 385 3279 sed
418 3222 613 3303 agnitionem.
656 3222 739 3281 Dum
764 3224 845 3305 ‚ergo
882 3221 960 3282 vidit
994 3218 1139 3293 Thomas,

67 3301 145 3361 dum
190 3302 318 3385 alparit,
341 3325 397 3363 eur
418 3309 445 3363 ei
468 3306 597 3365 dieitur:
632 3306 713 3380 Quia
737 3306 839 3367 vidisti
864 3328 929 3381 me,
960 3300 1140 3363 credidisti?

66 3382 132 3445 Sed
154 3324 240 3447 aliud
261 3388 356 3464 vidit,
380 3388 465 3449 aliud
487 3390 630 3451 credidit.
674 3390 845 3451 Amortali
876 3393 992 3473 quippe
1006 3387 1140 3447 homine

66 3469 214 3531 divinitus
234 3472 331 3532 videri
346 3494 409 3535 non
432 3477 547 3557 potuit.
591 3474 754 3535 Hominem
777 3496 850 3560 ergo
875 3474 963 3551 vidit,
986 3485 1017 3533 et
1039 3472 1141 3533 Deum
1177 3518 1180 3523 .

69 3553 305 3617 consessus'est.
410 3570 424 3577 ·’
514 3566 521 3579 ·
1112 3582 1115 3587 ·
1151 3598 1287 3639 mmm„

151 3652 183 3709 4.
228 3641 554 3703 OERYSOSTOMUS
567 3643 653 3707 hom.
670 3658 698 3713 4.
723 3647 753 3703 in
773 3647 799 3704 Ι.
815 3645 906 3705 .Cor.:
929 3638 1314 3721 Quae‘huma-flteimoni-

68 3740 138 3786 uam
162 3724 313 3786 excedunt
334 3729 502 3803 rationem,
527 3726 589 3789 side
616 3730 763 3790 duntaxat
783 3729 932 3811 indigent.
1018 3708 1031 3726 ⁰
1150 3704 1271 3791 :aelidi

154 3820 183 3878 1.
225 3809 265 3869 D.
301 3810 510 3872 EUSEBlUS.
533 3812 627 3874 Emis.
663 3814 747 3874 hom.
777 3828 805 3881 2.
829 3812 868 3873 de
891 3810 1014 3888 Symb.:
1048 3808 1141 3871 Fides

68 3890 228 3979 religiopis
254 3894 441 3972 catholicae,
463 3896 567 3959 lumen
590 3911 636 3959 est
653 3901 788 3971 animae,
810 3899 924 3961 ostium
947 3898 1045 3973 ritae,
1059 3896 1153 3979 'fun··¹
1258 3910 1261 3917 '

67 3976 244 4040 dementum
264 3979 371 4040 salutis
391 3993 542 4045 aeternae.
586 3984 776 4067 Quicunque
795 3983 854 4045 hac
870 3980 1037 4059 derelicta,
1058 3978 1143 4041 vetut

65 4060 233 4145 pessimum
253 4062 363 4126 ducem
379 4066 546 4149 proprium
565 4070 710 4150 sequitur
730 4066 939 4144 intellectum,
961 4068 1142 4149 quicunqne

64 4166 125 4229 per.
145 4150 317 4233 sapientiae
337 4171 412 4211 suae
435 4172 574 4229 sensum,
590 4153 646 4217 ,iad
671 4156 891 4229 mysteriorum
912 4151 1089 4213 caslutium
1109 4130 1287 4241 sefl,'';¹}},⁸,'‚.⁸⁰

63 4242 155 4315 putat
172 4254 266 4319 posse
285 4236 447 4321 pervenire
467 4249 635 4299 secretum:
658 4240 703 4299 sic
724 4238 815 4317 iacit,
838 4234 1000 4321 quomodo
1021 4235 1048 4295 si
1070 4230 1144 4293 abs-

1151 2872 1207 2912 Han.
1220 2885 1250 2920 ιι,
1267 2885 1286 2913 r.
