2768 4762
242 392 322 458 1111
370 432 373 439 ι
553 387 602 453 a„
623 391 792 465 Laeronrn
813 389 1003 454 Patararro.

242 595 318 652 tam
357 574 541 678 quandam
575 577 796 650 eruditionis
829 577 1047 675 imaginem,
1082 540 1124 650 rit
1160 578 1222 652 isti
1245 605 1317 652 no·

127 734 130 741 ·
243 720 414 790 ratores,
448 702 516 777 sed
548 702 749 790 sinceram,
771 702 935 803 ,solidam
960 721 1072 800 atque
1101 708 1314 802 expressam
1348 747 1362 777 ι

179 904 183 913 ι
244 827 451 900 doctrinam
461 820 481 919 ,³
509 825 789 923 divinarumque
811 826 1020 916 literarum,
1057 816 1222 923 quae'ab
1251 854 1313 900 eo·

245 951 329 1024 dem
357 949 701 1050 spiritu'prosectae
728 966 834 1033 sunt,
861 967 999 1022 rectam
1032 950 1316 1048 intelligentiam

243 1092 468 1148 consecutos
487 1099 592 1153 esse,
620 1097 840 1171 semperque
859 1075 1023 1145 tenuisse
1037 1046 1142 1146 =⁶sed
1160 1075 1218 1147 vel
1237 1100 1316 1146 ma·

241 1199 338 1271 rime
364 1174 414 1271 ob
440 1223 520 1269 eam
545 1197 655 1275 etiam
680 1221 838 1281 causam,
866 1197 967 1294 quod
990 1223 1035 1270 ex
1060 1221 1188 1271 eorum
1206 1223 1316 1297 prae-

242 1322 353 1396 elaris
386 1347 430 1395 ae
455 1318 527 1393 lide
551 1321 674 1419 dignis
700 1293 925 1394 testimoniis
951 1296 1150 1419 perspicue
1174 1322 1313 1394 intelli-

242 1435 409 1545 gamus,
432 1471 613 1543 quaenam
656 1446 821 1543 ipsorum
858 1445 1089 1544 temporibus
1129 1446 1317 1519 sententia

241 1588 279 1643 et
304 1571 474 1644 doctrina
504 1568 617 1641 fuerit
640 1570 833 1642 Ecclesiae
860 1570 1097 1658 Catholicae,
1124 1595 1219 1666 quae
1248 1596 1315 1643 eo·

64 1693 363 1767 a.rta.s‚aslumna
390 1712 446 1767 est
472 1711 510 1766 et
534 1691 799 1765 firmamentum
822 1694 999 1766 veritatis.
1066 1693 1176 1793 Quod
1203 1718 1316 1790 quam
1347 1736 1359 1771 ι

238 1818 363 1913 magni
397 1816 609 1885 faciendum
636 1816 704 1902 sit,
744 1815 1038 1899 adversariorum
1071 1806 1233 1889 studium
1258 1835 1315 1890 at-

240 1964 313 2037 que
349 1938 554 2008 institutum
580 1934 681 2005 haud
713 1934 872 2006 obscure
909 1937 1084 2008 declarat.
1140 1942 1316 2036 Quoties-

241 2087 388 2158 cunque
416 2061 513 2131 enim
548 2085 651 2132 suam
684 2057 892 2135 doctrinam
919 2061 1065 2130 Petrum
1092 2063 1316 2135 auctoritate

240 2185 409 2259 stabilire
437 2183 509 2255 sibi
541 2207 655 2284 posse
677 2166 871 2270 videntur,
913 2182 953 2254 id
980 2184 1127 2280 quidem
1153 2202 1191 2256 et
1214 2211 1314 2256 sum·

239 2334 299 2380 ma
333 2302 541 2393 voluntate,
583 2323 620 2376 et
660 2304 821 2376 libenter
864 2306 1104 2405 studioseque
1147 2305 1312 2382 iaciunt:

240 2432 308 2505 sed
334 2459 407 2530 qua
433 2428 525 2510 lide,
561 2455 637 2502 non
664 2429 835 2524 ignorant
861 2431 1017 2502 eruditi:
1046 2457 1089 2502 ae
1114 2450 1202 2506 tunc
1230 2433 1311 2530 qui·

240 2556 325 2629 dem
351 2576 387 2628 et
413 2556 530 2629 sancti
558 2572 595 2627 et
621 2554 723 2625 docti
750 2553 951 2638 habentur,
978 2581 1048 2627 nee
1075 2557 1155 2661 sine
1180 2558 1314 2656 plausu

238 2680 452 2777 laetitiaque
488 2705 616 2752 eorum
651 2677 780 2749 laudes
813 2674 1069 2755 celebrantur:
1105 2681 1170 2751 ubi
1197 2706 1310 2771 vero,

238 2822 280 2876 ut
304 2802 364 2887 lit,
403 2803 449 2873 ab
487 2802 578 2900 ipsis
616 2801 856 2885 dissentiunt,
893 2803 1016 2875 statim
1043 2803 1310 2899 exploduntur,

239 2946 277 3000 et
303 2929 339 2998 in
359 2951 550 2997 numerum
566 2925 766 3011 hominum,
794 2925 859 3021 qui
885 2951 1008 2997 errare
1033 2945 1202 3023 possunt,
1227 2928 1313 3025 reji-

238 3052 397 3125 ciuntur.
447 3048 609 3123 Proinde
641 3076 757 3122 novus
792 3051 853 3123 hic
889 3049 996 3121 labor
1022 3075 1106 3121 eum
1134 3049 1180 3120 ad
1214 3050 1309 3140 alia,

236 3193 314 3248 tum
352 3173 400 3246 ad
432 3171 709 3247 convincendos
745 3191 783 3246 et
806 3173 1084 3269 redarguendos
1112 3175 1220 3245 etiam
1245 3200 1309 3248 eoa

183 3324 186 3329 ’
222 3290 313 3371 'non
349 3318 481 3398 parum
519 3297 712 3382 conseret,
748 3273 813 3398 qli
849 3299 886 3371 in
916 3299 1013 3372 hune
1041 3300 1312 3372 Cateeliismum

238 3422 423 3504 seribere,
451 3445 494 3492 ae
520 3420 621 3492 virus
651 3423 863 3494 acerbitatis
888 3449 975 3495 suae
1004 3448 1187 3507 evomere,
1215 3448 1312 3492 eum·

92 3588 120 3618 .·
238 3570 311 3644 que
343 3543 524 3644 petulanti
560 3543 686 3641 lingua
723 3563 759 3617 et
794 3546 925 3617 insano
961 3545 1084 3616 studio
1109 3570 1185 3615 non
1212 3545 1312 3615 desi-

236 3687 329 3739 nunt
354 3668 551 3741 insectari:
582 3672 662 3741 Nec
688 3694 777 3741 eane
801 3670 942 3741 mirum.
994 3668 1091 3740 Male
1108 3668 1221 3741 habet
1242 3668 1361 3740 ho·'=

236 3807 323 3864 ates.
351 3793 567 3889 conjuratos
583 3769 785 3868 Ecclesiae
822 3794 894 3864 hoc
928 3792 1185 3889 qualecunque
1225 3792 1311 3864 doo-

235 3915 353 3986 trinae
381 3915 594 3991 Catholicae
618 3917 898 4016 compendiumt
926 3916 1001 3988 illis
1028 3933 1085 3988 est
1109 3914 1222 3988 veluti
1249 3941 1311 3987 su·

236 4036 303 4109 des
330 4038 367 4109 in
395 4038 514 4111 oeulis
550 4040 590 4111 id
617 4066 741 4118 omne,
778 4041 918 4137 inquo
945 4039 1311 4114 sentiuut‘adrete-

233 4159 286 4232 ria
330 4147 524 4259 religionis
573 4162 890 4238 confirmationem
937 4182 975 4238 et
1024 4162 1311 4236 illustrationem

232 4307 367 4384 magua
400 4286 523 4362 inesse
556 4305 752 4365 momenta.
837 4289 935 4363 Hine
974 4288 1063 4363 illae
1096 4286 1306 4418 laerpmae‚
