2768 4762
18 4194 22 4199 ·
97 4171 242 4215 ἀιοιοιιι.

267 378 349 456 ³04
588 370 657 436 na
689 371 954 440 caruere
980 368 1047 440 ur

355 570 386 628 o.
428 556 538 621 IDEM
571 556 668 622 Serui.
689 570 742 630 91.
775 555 816 623 de
848 562 963 623 invent.
981 577 1073 645 eorp.
1095 556 1144 622 Sa·
1165 560 1295 623 Gerras.
1315 573 1349 624 et

9 635 15 717 ’,
94 629 416 737 εζῗξξξξξῖῬῑοωα
436 643 616 706 celebritati
640 658 781 722 vestrae,
804 647 860 728 qui
877 645 998 723 solent,
1019 645 1167 707 invident.
1209 645 1253 707 Et
1269 649 1348 729 qnia

95 731 251 821 '22251222
274 729 484 792 celebritatem
502 739 633 791 vestram
649 728 761 791 inridit
780 731 887 791 animis
913 729 997 790 ferre
1015 749 1079 791 non
1102 742 1246 812 possunt,
1270 753 1350 792 cau·

93 794 140 870 lm
153 830 336 875 missu-sam
358 810 546 874 celebritatis
564 811 677 889 odire,
697 825 792 896 atque
807 816 839 874 in
857 822 978 876 tantuin
1008 815 1156 875 amentiae
1174 813 1346 897 prodeunt,

93 885 141 921 ‘'¹“
273 911 310 960 ut
331 908 444 981 negent
470 909 641 973 martyrum
666 900 795 975 merita,
832 917 966 980 quorum
988 918 1086 982 opera
1104 900 1194 960 etiam
1207 898 1348 962 ¹daemo-

197 1016 199 1020 ·
271 1003 326 1044 nes
359 979 557 1044 confitentur.
599 981 675 1043 ,sed
700 980 763 1043 boe
796 1002 860 1043 non
890 984 1009 1043 mirum.
1066 982 1226 1064 Siquidem
1260 997 1347 1045 tanta

102 1108 106 1117 ·
271 1081 317 1128 est
343 1065 577 1127 incredulorum
610 1064 760 1150 perfidia,
796 1080 830 1127 ut
850 1066 1048 1129 tolerabilior
1078 1068 1119 1127 sit
1136 1066 1254 1128 diaboli
1277 1069 1348 1154 ple-

95 1149 212 1231 ΒΜ
226 1157 403 1235 ”mumque
432 1150 598 1212 eonfessio.
648 1151 780 1212 Dicebat
801 1154 882 1212 euim
903 1152 1067 1214 diabolus:
1100 1151 1199 1211 JESU
1218 1150 1266 1212 fili
1286 1155 1344 1212 Dei

268 1238 350 1312 vivi,
373 1234 451 1316 quid
470 1237 579 1296 venisti
596 1249 666 1296 aute
694 1249 814 1318 tempus
833 1250 982 1319 torquere
1000 1234 1079 1297 uoei
1122 1237 1249 1297 Etcum
1269 1235 1346 1299 baec

269 1320 415 1382 audirent
441 1318 567 1397 iudaei,
607 1321 667 1403 ipsi
698 1332 799 1381 tamen
820 1320 880 1382 Dei
910 1319 1010 1383 filium
1040 1319 1241 1405 denegabant„
1306 1322 1346 1382 Et

268 1424 353 1465 nunc
372 1402 500 1465 audietis
516 1404 678 1464 clamantes
696 1404 858 1466 daemones
884 1419 914 1467 et
941 1403 1122 1467 confitentes
1143 1405 1344 1482 martyribus,

270 1488 359 1572 quod
383 1509 500 1572 poenas
530 1488 612 1548 serre
628 1509 693 1548 non
710 1502 850 1572 possint,
872 1503 903 1551 et
924 1491 1078 1551 dieentese
1102 1489 1187 1566 Quid
1209 1492 1344 1565 venistis,

269 1587 308 1634 ut
333 1585 404 1633 ante
434 1585 555 1656 tempus
587 1594 645 1637 nos
668 1586 729 1633 tam
754 1577 889 1659 graviter
920 1573 1114 1656 torqueatis?
1156 1573 1199 1633 Et
1220 1576 1344 1634 Arriani

270 1657 399 1718 dieuute
450 1656 522 1718 Non
564 1670 637 1718 sunt
672 1659 722 1719 isti
759 1671 929 1736 martyres,
981 1679 1036 1719 nee
1083 1669 1235 1740 torquere
1274 1658 1343 1718 dia-

269 1741 380 1803 bolum
422 1753 569 1825 possunt,
623 1762 680 1803 nee
718 1742 851 1825 aliquem
889 1742 1042 1803 liberare:
1084 1763 1156 1825 epm
1190 1754 1342 1819 tormenta

270 1825 454 1905 daemonum
470 1828 609 1911 ipsorum
628 1847 705 1887 voce
756 1828 924 1888 rebantur:
946 1841 977 1889 et
994 1824 1145 1887 beneficia
1161 1839 1344 1903 martyrum,

270 1909 414 1971 remediis
428 1930 592 1973 caecorum
609 1923 639 1970 et
654 1849 868 1972 absoldtorum
886 1911 1009 1973 indiciis
1033 1910 1238 1972 declarentur.
1283 1911 1346 1972 Ne·

109 2002 260 2046 emamu·
277 2007 350 2079 qaut
374 2015 497 2057 caecum
516 1995 734 2071 illuminatum,
756 1997 810 2056 sed
835 1995 887 2056 ille
917 2016 981 2057 non
1002 2008 1102 2078 negat,
1134 2016 1166 2055 se
1191 2007 1349 2056 sanatum.

96 2060 219 2141 illlle‘i.
230 2065 265 2141 ⁶1⁰1]
277 2080 410 2157 Clamat,
434 2081 516 2163 quia,
531 2093 569 2142 ut
589 2075 720 2163 contigit
731 2076 890 2155 ¹fimbriam
912 2079 951 2140 dc
968 2094 1050 2140 reste
1077 2093 1254 2154 martyrum,
1279 2100 1367 2162 qua.

97 2157 251 2288 ‘'flazffi·
276 2185 379 2225 sacrae
414 2166 564 2249 reliquiae
595 2175 782 2241 vestiuntur,
814 2164 970 2226 redditum
1002 2163 1062 2224 sibi
1088 2164 1183 2225 lumen
1208 2162 1260 2224 sit.
1303 2162 1350 2225 Et

97 2251 185 2351 21:222
196 2261 266 2339 ‘effi
276 2249 371 2346 paulo
387 2263 476 2332 poet:
491 2249 571 2348 ⁴Sed
587 2269 723 2347 quaero,
758 2248 835 2348 quid
854 2271 917 2310 non
937 2248 1082 2323 credant,
1099 2260 1203 2308 utrum
1224 2267 1243 2306 a
1263 2267 1347 2308 mars

97 2354 245 2389 atonoaen-
276 2333 399 2408 tyrabus
416 2348 537 2416 possint
556 2332 653 2414 aliqui
673 2335 807 2393 visitari:
833 2333 895 2395 boc
920 2347 966 2394 est
987 2332 1163 2393 CHRISTO
1187 2351 1249 2390 non
1273 2352 1341 2391 cit*

95 2398 357 2494 ffidmdere.
402 2419 472 2500 Ipse
496 2418 576 2478 euim
603 2418 693 2478 dixit:
717 2418 951 2501 Etmajornbis
971 2416 1097 2478 facietis.
1140 2416 1190 2475 Au
1216 2413 1253 2475 ab
1277 2415 1341 2474 istis

274 2501 480 2580 martyribus,
521 2523 657 2585 quorum
689 2505 798 2563 merite
829 2502 1028 2584 jamdudum
1056 2504 1177 2585 vigent,
1212 2518 1346 2581 corpora

178 2638 181 2642 .
275 2587 394 2646 dudum
410 2600 533 2670 reperta
552 2584 646 2647 sunt?
689 2587 815 2662 Quaero
836 2587 909 2663 bie,
936 2599 1041 2647 utrum
1063 2586 1162 2660 mibi,
1199 2605 1237 2644 au
1260 2604 1347 2643 sanc-

96 2666 264 2756 fflffl,„2¹·
278 2674 316 2732 tis
326 2671 512 2747 martyribus
525 2670 701 2730 invideant?
719 2671 750 2730 Si
764 2672 848 2747 mihi,
866 2670 1016 2753 numquid
1025 2692 1098 2731 ame
1112 2669 1235 2750 aliquae
1248 2680 1346 2727 virtu·

97 2765 185 2824 aaran,¹
200 2777 266 2825 qaam
277 2754 431 2817 tesfiuut?
453 2756 603 2836 numquid
615 2776 682 2814 meo
705 2775 810 2837 opere,
829 2777 896 2816 meo
908 2755 1054 2816 nomine?
1084 2755 1149 2814 Cur
1163 2755 1261 2836 igitur
1272 2749 1345 2810 mibi

97 2814 434 2923 abddiiilua‘n'tinrident,
450 2840 536 2921 quod
562 2861 660 2898 meum
684 2859 747 2899 non
769 2839 834 2899 est?
849 2840 881 2898 Si
904 2838 1102 2916 martyribus,
1125 2841 1236 2918 (restat
1257 2838 1345 2901 enim.

98 2913 211 2957 ''mm‘'
275 2940 321 3002 ut,
352 2932 378 2985 si
401 2923 476 2983 mibi
504 2944 568 2983 non
603 2924 760 2998 invident,
788 2924 977 2998 martyribus
1005 2923 1143 2983 inridere
1167 2919 1345 2997 videantur)

275 3010 442 3070 ostendunt
465 3007 591 3067 alterius
611 3006 684 3067 fidei
709 3006 802 3067 fuisse
820 3020 991 3085 martyres,
1033 3029 1103 3068 uam
1128 3006 1187 3089 ipsi
1206 3004 1347 3069 eredunt.

272 3097 381 3177 Neque
410 3094 489 3151 enim
516 3092 606 3152 aliter
633 3112 738 3151 eorum
769 3091 918 3174 operibus
946 3031 1135 3166 inviderent,
1162 3090 1221 3149 nisi
1257 3085 1348 3147 fidem

272 3180 303 3237 in
333 3177 381 3237 bis
399 3178 492 3237 luisse
515 3197 603 3251 earn,
637 3196 728 3257 quam
750 3179 799 3236 isti
821 3199 884 3236 non
905 3175 1041 3255 habent,
1063 3174 1251 3257 judicarent„
1295 3172 1348 3232 Fi·

273 3263 341 3322 dem
371 3260 454 3322 illam
478 3262 635 3341 Majoruin
665 3260 834 3321 traditione
858 3260 1030 3338 firmatam,
1071 3279 1162 3342 quam
1185 3256 1348 3317 daemones

272 3349 330 3430 ipsi
354 3367 465 3429 negare
490 3366 552 3405 uon
575 3357 726 3427 possunt,
749 3346 803 3405 sed
824 3346 947 3405 Arriani
964 3356 1084 3428 negant.
1135 3341 1206 3402 Non
1225 3343 1291 3402 acci
1318 3341 1347 3398 io

272 3430 391 3490 diaboli
415 3431 643 3504 testimonium,
677 3428 730 3488 aed
763 3432 995 3492 consessionem.
1048 3429 1165 3488 Inritus
1189 3425 1268 3486 dixit
1306 3427 1350 3483 ia·

271 3513 383 3590 bolus,
412 3526 443 3573 et
461 3526 579 3573 exactus
597 3526 628 3572 et
651 3525 763 3574 tortus.
808 3515 902 3589 Quod
923 3515 1062 3595 nequitia
1081 3512 1267 3595 supprimit,
1302 3528 1350 3567 ex·

157 3610 163 3616 '
272 3612 401 3679 torquet
432 3592 555 3677 injuria.
608 3597 698 3657 Cedit
726 3597 870 3659 diabolus
899 3597 1024 3682 plagis,
1049 3608 1080 3657 et
1108 3594 1211 3656 adhue
1240 3591 1353 3653 cedere

272 3685 413 3743 nesciunt
429 3680 563 3741 Arriani.
607 3681 760 3741 Dicebant
780 3681 875 3742 hodie
892 3694 922 3741 et
936 3684 1101 3765 superiore
1123 3679 1173 3739 die
1191 3676 1241 3737 tel
1258 3689 1353 3737 noete

274 3765 458 3827 daemones:
491 3765 627 3841 Scimus,
660 3768 731 3847 quin
757 3779 906 3842 martyres
944 3769 1025 3827 estis.
1081 3764 1123 3824 Et
1155 3760 1283 3823 Arriani
1305 3760 1353 3820 di·

275 3862 373 3910 eunt:
409 3848 585 3927 Nescimus,
628 3850 772 3910 nolumus
798 3851 992 3933 intelligere,
1034 3848 1180 3910 uolumus
1213 3844 1354 3905 eredere.

274 3933 395 3994 Dicunt
422 3933 583 3995 daemones
614 3933 824 4010 martyribus:
859 3933 993 3995 Venistis
1013 3934 1144 4017 perdere
1166 3917 1247 3992 nesi
1293 3927 1356 3989 Ar·

98 4020 192 4067 ⁸³¹¹st
205 4019 357 4078 lie··riani
377 4016 502 4077 dieunt:
525 4017 594 4078 Nou
615 4031 688 4077 sunt
710 4019 892 4079 daemonum
909 4040 981 4079 vera
1001 4029 1178 4092 tormenta,
1219 4012 1276 4075 sed
1297 4010 1357 4074 fie-

95 4074 308 4163 il'iolissiff'ta
345 4112 376 4162 et
407 4103 578 4183 composita
606 4101 753 4164 ludibria,
816 4099 930 4162 Audiri
961 4102 1055 4163 multa
1084 4102 1241 4182 componi.
1288 4099 1359 4158 Hoc

238 4206 368 4290 ,nemo
415 4204 553 4266 unquam
596 4184 711 4271 fingere
757 4189 881 4273 potuit,
932 4201 970 4250 ut
1009 4187 1187 4249 daemonem
1217 4203 1250 4246 se
1294 4201 1360 4244 esse

278 4269 445 4333 simularet.
