2768 4762
418 410 810 480 oucauooo.
900 358 905 365 ’
1068 410 1147 488 soa
1230 464 1236 477 ,

74 626 142 671 uon
168 598 314 690 angelos,
334 620 399 664 non
419 598 637 687 archangelos,
659 620 723 662 non
745 595 935 687 Cherubim,
967 616 1033 660 non
1054 594 1193 699 serap:
1209 595 1306 659 *dia-l

76 690 185 779 pham,
216 699 248 750 et
268 706 358 749 omne
378 706 490 748 nomeu
502 730 513 764 ,
546 685 633 769 quod
656 687 851 763 nominatur,
885 695 917 746 et
936 682 1146 768 inpraesenti
1184 683 1191 699 ⁸

77 773 201 839 secedo
227 783 259 834 et
277 772 310 832 in
333 771 465 845 futuro,
497 770 629 832 colimus
649 783 681 832 et
701 770 884 832 adoramus.-
913 789 952 829 ne
981 768 1148 830 serviamus

77 871 238 922 creaturae
258 857 383 940 potius,
406 876 498 938 quam
516 856 672 932 creatori,
694 856 748 937 qui
768 865 815 914 est
834 853 1016 916 benedictus
1039 855 1072 913 iu
1090 872 1149 912 su·

76 943 157 1007 cula.
198 940 396 1002 Honoramus
414 952 515 1001 autem
530 939 676 1022 reliquias
690 952 877 1018 martyrum,
898 950 937 1000 ut
955 958 1036 1014 eum,
1057 921 1330 1020 cujusffi'ssffi

77 1040 164 1101 suut,
182 1036 349 1103 martyres,
379 1024 550 1086 adoremus.
599 1025 796 1086 Honoramus
828 1043 951 1100 servos,
983 1033 1021 1083 ut
1042 1021 1197 1083 bonor«¹⁸⁸
1214 1019 1328 1065 ''affl“

76 1130 239 1176 serrorum
268 1108 423 1170 redundet
456 1109 495 1170 ad
516 1110 703 1185 Dominum,
760 1109 793 1168 ui
817 1113 878 1168 att:
899 1110 1024 1189 quivos
1050 1088 1326 1167 susci-idianis

76 1198 146 1283 pit,
166 1217 215 1257 me
237 1197 375 1278 suscipit.
418 1195 503 1277 Ergo
525 1193 611 1254 Petri
633 1207 663 1255 et
679 1130 769 1256 Pauli
789 1192 962 1252 immundae
987 1202 1060 1252 suut
1074 1189 1149 1250 reli-
1248 1247 1261 1289 d

78 1280 196 1364 quiae?
215 1296 289 1363 ergo
311 1279 411 1356 Moysi
427 1277 649 1362 corpusculum
672 1275 863 1337 immundum
885 1278 955 1352 erit,
977 1273 1065 1356 quod
1077 1277 1150 1356 jur·
1159 1255 1327 1345 {2³:212ss

78 1378 112 1428 ta
133 1364 308 1426 hebraicam
332 1364 491 1423 veritatem
518 1361 558 1421 ab
580 1364 649 1444 ipso
670 1362 825 1444 sepultum
846 1372 892 1421 est
913 1358 1070 1420 Domiuol
1107 1358 1151 1419 Et
1160 1360 1257 1441 ml*
1276 1355 1328 1449 ⁰¹22·

84 1453 332 1532 quotiescunque
367 1444 592 1530 Apostolorum
615 1456 646 1505 et
673 1444 921 1529 Prophetarum¹
947 1457 979 1505 et
1014 1444 1150 1504 omnium
1161 1451 1298 1541 guiga,

80 1547 251 1609 martyrum
270 1530 413 1591 basilicas
432 1530 643 1614 ingredimur,
671 1533 762 1590 toties
784 1528 944 1591 idolorum
966 1526 1080 1610 templa
1100 1548 1153 1586 ue·
1183 1509 1212 1538 ‘⁸
1262 1519 1269 1541 ’
1299 1517 1307 1537 ’

82 1617 249 1677 neramurl
289 1616 470 1696 accensique
502 1626 573 1674 ante
604 1612 736 1674 tumulos
770 1635 878 1675 eorum
898 1615 996 1690 cerei,
1018 1610 1156 1672 idolola-

84 1703 163 1760 triae
196 1702 324 1782 insignia
354 1700 443 1760 suut?
484 1698 560 1759 Plus
583 1697 707 1779 aliquid
736 1699 856 1770 dicam,
891 1698 979 1780 quod
1002 1695 1156 1777 redundet

86 1786 118 1842 in
142 1785 277 1843 auctoris
300 1796 416 1868 caput,
437 1796 468 1844 et
489 1787 630 1844 insanum
653 1781 813 1842 cerebrum
835 1781 883 1843 rel
906 1793 992 1843 sanet
1012 1779 1157 1862 aliquan·

88 1867 150 1943 do,
172 1866 219 1926 vel
239 1866 354 1945 deleat,
372 1874 415 1929 'ne
436 1871 529 1929 tantis
551 1867 718 1951 sacrilegiis
740 1867 926 1950 simplicium
940 1868 1058 1926 animae
1079 1863 1156 1925 sub·

86 1963 253 2011 vertantur.
308 1952 394 2036 Ergo
422 1965 452 2012 et
485 1953 611 2013 Domini
645 1972 760 2032 corpus
783 1952 816 2010 iu
838 1949 985 2035 sepulcro
1006 1952 1153 2034 positum,
1164 1928 1247 1971 ¹¹⁸⁴

84 2035 272 2095 immundum
293 2034 371 2095 suit:
393 2047 424 2097 et
437 2035 556 2120 angeli,
578 2036 633 2116 qui
654 2034 793 2095 candidis
814 2032 1154 2103 vestibusutebautur,
1221 2033 1226 2041 '

83 2131 210 2180 mortuo
241 2117 382 2198 cadaveri
417 2133 510 2203 atque
534 2119 660 2202 polluto
691 2119 884 2203 praebebant
916 2119 1080 2194 excubias,
1121 2128 1160 2178 ut

83 2216 157 2288 post
177 2202 272 2265 multa
297 2203 418 2264 saecula
440 2205 668 2269 Dormituutrus
690 2216 872 2281 somniaret,
910 2205 1003 2265 immo
1034 2215 1160 2269 eructa-

85 2300 135 2347 ret
156 2288 425 2346 immundissimam
449 2287 624 2370 crapulam,
659 2300 690 2348 et
711 2309 782 2347 curn
803 2288 926 2349 Juliauo
948 2299 1167 2371 persecutore,
1195 2346 1199 2351 .

87 2373 274 2429 Sanctorum
303 2369 445 2429 basilicas
467 2383 521 2430 aut
548 2372 737 2445 destrueret,
767 2373 872 2431 autin
893 2372 1007 2454 templa
1030 2393 1162 2433 conver*-

88 2452 193 2513 tcretl
236 2452 269 2510 Si
295 2472 357 2510 nou
380 2464 453 2511 sunt
473 2453 674 2511 honorandae
695 2454 845 2534 reliquiae
865 2468 1053 2532 martyrum,
1076 2455 1285 2537 quo-¹³¹¹¹·¹¹⁵·
1300 2457 1333 2501 ὕ·

88 2535 185 2597 modo
209 2534 353 2619 legimus:
374 2533 516 2595 Pretiosa
538 2537 569 2593 iu
591 2549 760 2617 conspectu
782 2538 907 2597 Domini
930 2546 1013 2599 mors
1034 2551 1159 2608 sancto·

90 2641 160 2682 rum
179 2619 269 2701 ejus?
310 2619 344 2679 Si
366 2638 434 2679 ossa
454 2623 649 2678 mortuorum
670 2618 818 2701 polluunt
833 2623 1055 2704 contingentes,
1076 2643 1158 2704 quo-

55 2710 58 2715 ’
90 2705 185 2766 modo
207 2703 345 2764 Elissam
368 2714 511 2764 mortuus
534 2714 691 2764 mortuum
712 2705 885 2780 suscitavit,
907 2717 938 2765 et
959 2705 1046 2766 dedit
1063 2705 1250 2767 vinnons·
1263 2710 1334 2751 iasar.

43 2809 46 2813 ’
90 2810 225 2871 corpus,
249 2787 335 2870 quod
356 2789 443 2870 juxta
464 2787 665 2872 Vigilantiam
686 2786 808 2868 jacebat
830 2789 1042 2850 immundum?
1070 2784 1155 2873 E'rgo

90 2872 784 2954 omniacastralsraeliticiexercitusctpopull
797 2872 870 2933 DEI
890 2873 976 2934 fuere
994 2874 1157 2952 immunda,
1167 2869 1240 2964 {22ss
1245 2877 1322 2965 ἓξὲξ

91 2960 163 3041 quia
173 2956 288 3039 Joseph
312 2968 342 3016 et
352 2956 604 3018 Patriarcbarum
615 2978 751 3040 corpora
763 2958 931 3040 portabant
941 2958 1158 3036 insolitudioe,
1273 2945 1280 2966 ’
1359 2960 1364 2977 “

91 3056 122 3102 et
145 3041 183 3103 ad
208 3053 348 3102 sanctam
380 3024 493 3103 fluam
515 3041 689 3103 immundos
711 3044 827 3102 cineres
848 3042 1067 3125 pertuleruntl
1107 3044 1160 3103 Jo-

91 3126 169 3209 aeph
201 3146 347 3208 quoque,
383 3128 435 3208 qui
471 3128 502 3187 in
536 3140 615 3210 typo
641 3129 806 3210 praecessit
834 3128 962 3215 Domini
993 3128 1160 3188 salvatoris

92 3212 213 3287 nostri,
248 3210 413 3270 sceleratus
436 3211 512 3273 fuit:
548 3213 603 3293 qui
626 3223 710 3271 tanta
739 3210 906 3271 ambitione
926 3212 1025 3274 Jacob
1047 3214 1079 3272 iu
1098 3211 1161 3272 lle-

91 3293 174 3356 brou
208 3315 276 3355 ossa
308 3298 461 3378 portarit,
495 3308 530 3355 ut
559 3296 749 3355 immundum
783 3308 903 3379 patrem
935 3318 992 3357 avo
1023 3302 1161 3356 stativo

93 3382 226 3442 sociaret
246 3379 427 3457 immundis,
448 3392 479 3440 et
500 3392 656 3440 mortuum
677 3382 808 3440 mortuis
826 3382 997 3466 copularet.
1041 3380 1164 3462 Oprae·

81 3464 255 3531 ¹cidendam
288 3461 424 3545 linguam
457 3482 475 3525 a
504 3463 652 3537 medicis,
692 3465 783 3525 immo
816 3467 956 3526 insanum
991 3465 1162 3526 curandum

92 3561 206 3632 caput,
238 3559 288 3624 ut,
311 3548 365 3630 qui
388 3548 475 3632 loqui
496 3551 609 3623 nescit,
637 3548 735 3608 discat
756 3549 923 3631 aliquando
948 3551 1086 3610 reticere.
1129 3551 1160 3611 l·
1256 3588 1257 3592 =

93 3646 195 3697 terum
217 3631 334 3697 dicam:
357 3632 443 3718 Ergo
465 3645 634 3709 martyrum
657 3633 829 3693 immundae
849 3647 922 3695 sunt
942 3633 1110 3717 reliquiae?
1130 3646 1222 3695 stass
1236 3656 1265 3700 a.
1282 3657 1304 3697 s·

93 3717 173 3800 quid
235 3719 291 3775 assi
314 3728 385 3776 suut
405 3716 571 3801 Apostoli,
607 3730 644 3778 ut
665 3718 855 3778 immundum
877 3716 1025 3801 Stephani
1045 3739 1160 3802 corpus

91 3813 177 3862 tanta
201 3738 317 3860 thuoris
342 3800 510 3863 ambitione
530 3802 771 3885 praecederent,
801 3815 837 3864 ut
857 3804 994 3864 facerent
1012 3803 1040 3862 ei
1054 3802 1161 3887 plano-

93 3896 161 3948 tum
206 3905 370 3971 magnum,
421 3899 458 3947 ut
501 3907 609 3948 eorum
638 3886 740 3969 luctus
772 3888 804 3947 in
839 3900 980 3948 nostrum
1014 3888 1161 3973 gaudium

93 3970 289 4033 uerteretur?
761 4046 767 4056 q

180 4067 210 4124 ὅ.
253 4052 525 4117 HIERONYMUS
557 4057 589 4116 in
610 4075 676 4137 cap.
698 4069 751 4124 65.
788 4054 890 4120 Esaia
921 4053 1008 4117 Nihil
1030 4056 1092 4116 fuis
1112 4075 1161 4116 sa-

98 4136 234 4223 crilegii,
268 4139 356 4219 quod
379 4138 474 4199 Israel
507 4139 645 4223 populus
666 4141 943 4224 praetermitteret,
974 4160 1038 4202 nou
1059 4137 1161 4201 solum

96 4222 130 4283 iu
152 4222 254 4286 bortis
271 4223 449 4301 immolans,
470 4235 503 4284 et
523 4246 617 4308 super
637 4223 746 4284 lateras
763 4221 856 4285 thura
878 4223 1085 4286 succeudeusa
1106 4222 1162 4284 sed

94 4306 205 4371 tadeus
234 4327 361 4393 quoque
391 4308 440 4370 rel
472 4304 614 4373 habitans
646 4310 678 4370 iu
698 4307 872 4396 sepulcris,
901 4320 933 4372 et
962 4309 995 4371 iu
1023 4306 1163 4370 delubris

1248 1918 1307 1973 ets

1171 3111 1256 3155 mass.
1262 3115 1294 3155 las
1303 3113 1337 3153 2⁸·
