2768 4762
439 379 774 461 SYMROLu
1071 384 1146 471 rw

76 581 150 664 quia
166 596 224 666 ego
249 573 412 639 Dominus.
454 575 497 637 Et
516 573 704 660 prophetavi
727 577 808 638 sicut
838 592 1039 671 praeceperat
1060 579 1145 643 milri.
1218 590 1232 608 ⁸

75 690 190 750 Factus
210 695 264 745 est
297 694 401 745 autern
430 685 551 746 sonitus
576 681 789 767 prophetante
811 704 878 759 me,
914 698 946 747 et
969 707 1040 748 eece
1063 709 1149 750 com·

75 797 188 856 motioe
213 805 244 854 et
263 803 458 853 accesserunt
479 812 547 853 ossa
567 790 607 853 ad
629 812 709 870 osse,
733 791 981 875 unumquodque
993 793 1033 855 ad
1052 796 1147 877 juno·

75 914 175 963 turam
185 920 280 960 suam.
317 899 359 959 Et
368 882 443 976 ridi,
460 912 493 960 et
504 920 574 961 eece
583 920 678 982 super
687 919 722 961 ea
733 899 830 991 nervi,
843 911 986 962 etoarues
999 902 1146 964 ascende-

74 1020 165 1068 runt:
195 1018 225 1066 et
238 1018 357 1066 extenta
371 1008 454 1067 estin
466 1008 503 1066 iis
512 1010 591 1068 cutis
601 1005 745 1091 desuper,
771 1018 802 1065 et
814 1009 958 1089 spiritum
969 1028 1033 1069 non
1046 1006 1144 1071 habe-

72 1115 158 1177 bant.
174 1114 218 1175 Et
225 1113 303 1174 dixit
312 1113 350 1174 ad
363 1134 410 1171 me
423 1138 429 1171 :
443 1109 620 1176 vaticinare
626 1113 666 1175 ad
677 1115 831 1197 spiritum,
843 1117 1011 1175 vaticinare
1024 1096 1069 1175 fili
1082 1114 1144 1179 ho-

68 1203 202 1291 miuiset
213 1220 295 1280 dices
305 1219 343 1280 ad
350 1222 512 1302 spiritum:
525 1221 606 1282 llaec
614 1219 849 1281 dicitDominus
856 1219 956 1280 Deus:
970 1219 1142 1302 liquatuor

70 1331 171 1390 ventis
191 1316 261 1388 seni
288 1328 437 1410 spiritus,
460 1338 492 1386 et
523 1327 645 1388 insuffla
660 1347 759 1408 super
789 1326 969 1386 interfectos
993 1328 1092 1404 istos,
1112 1321 1144 1388 'ot

70 1437 267 1500 reviviscant.
320 1432 363 1492 Et
393 1431 582 1516 prophetavi
600 1435 683 1493 sicut
703 1445 906 1515 praeceperat
934 1430 1024 1490 milri:
1046 1443 1077 1493 et
1094 1434 1142 1495 iu·

69 1563 194 1626 gressus
220 1551 267 1602 est
299 1539 332 1598 in
361 1559 397 1600 ea
421 1540 568 1624 spiritus:
596 1538 810 1622 steteruntque
834 1559 930 1623 super
955 1536 1049 1621 pedes
1069 1558 1144 1601 suos

68 1649 221 1709 exercitus
240 1645 365 1736 grandis
384 1647 474 1707 nimis
492 1644 582 1706 valde
607 1657 667 1707 eto.
695 1712 701 1718 ,

159 1787 187 1843 1.
209 1752 295 1836 Cor.
316 1772 403 1835 XV.:
438 1773 554 1837 Omnes
587 1773 716 1857 quidem
749 1794 965 1858 resurgemus,
999 1770 1141 1836 sednon

70 1901 188 1963 omues¹
205 1864 445 1945 immutabimur.
499 1884 537 1944 Iu
563 1894 744 1957 momento,
766 1884 797 1942 in
818 1883 884 1944 ictu
902 1881 1005 1959 oculi,
1026 1884 1058 1942 in
1079 1870 1141 1942 n'o·

64 1992 185 2050 sissimo
206 1988 282 2051 tuba
309 1966 415 2068 (saltet
433 1990 514 2049 enim
546 1988 632 2069 tuba)
658 2002 690 2051 et
709 1991 827 2051 mortui
852 2001 1015 2072 resurgent
1030 1990 1138 2049 incor-

63 2096 169 2178 rupti,
191 2107 222 2156 et
235 2116 293 2158 nos
311 2094 562 2158 immutabimur:
584 2096 723 2187 Oportet
743 2099 823 2158 enim
847 2095 1055 2181 corruptibile
1072 2086 1151 2157 lioc'

62 2202 190 2264 induere
221 2204 490 2291 incorruptionem
513 2215 546 2266 et
576 2204 709 2267 mortale
742 2203 805 2266 lsoe
836 2205 967 2267 iuduere
1004 2207 1133 2265 immor-

58 2309 217 2372 talitatem.
643 2314 649 2327 '

145 2439 171 2497 1.
192 2436 248 2498 Th
260 2457 332 2498 ess.
351 2438 426 2499 nt:
446 2440 519 2522 lpse
537 2439 692 2500 Dominus
713 2441 745 2499 in
765 2404 855 2521 jussu
877 2445 959 2502 etin
983 2463 1060 2504 voce
1079 2463 1131 2503 ar-

60 2542 205 2627 changeli
221 2545 267 2602 'et
297 2544 329 2602 in
366 2541 444 2604 tuba
471 2543 531 2602 Dei
558 2541 724 2604 descendet
748 2544 786 2604 de
807 2544 910 2604 caelo:
953 2559 984 2607 et
1003 2551 1130 2622 mortui,
1195 2583 1197 2585 >

59 2652 167 2733 quiin
188 2647 315 2710 Christo
339 2660 428 2727 sunt,
462 2660 625 2734 resurgent
643 2651 754 2732 primi:
773 2650 895 2710 Deinde
913 2672 989 2727 nos,
1012 2655 1066 2734 qui
1085 2655 1133 2713 vi-

56 2759 177 2834 simus,
212 2757 267 2838 qui
293 2755 523 2837 relinquimur,
554 2738 647 2816 simul
676 2757 832 2840 rapiemur
853 2756 1002 2818 cumillis
1023 2760 1056 2817 in
1074 2778 1135 2817 nu-

56 2861 152 2923 bibus
182 2861 306 2924 obviem
336 2860 463 2924 Christo
494 2865 527 2926 iu
547 2870 635 2943 aera,
670 2865 766 2926 etsie
789 2886 909 2948 semper
931 2884 1000 2925 cum
1021 2863 1133 2926 Domi·

52 2990 98 3031 no
122 2972 244 3031 erimus.

118 3077 158 3145 ,J
168 3097 250 3139 oan.
272 3077 349 3172 lx:
379 3077 467 3139 Dicit
487 3079 516 3138 ei
531 3075 683 3140 rusum:
711 3075 805 3154 Scin,
835 3078 910 3158 quia
936 3089 1077 3163 resurget
1094 3079 1126 3138 in
1154 3071 1163 3096 ¹

51 3186 284 3247 resurrectione
309 3188 342 3246 in
367 3187 533 3249 novissimo
556 3184 617 3246 die.
644 3201 649 3211 “

138 3289 194 3351 ΕΤ
214 3289 272 3352 V.:
304 3290 423 3368 Amen,
457 3313 544 3354 amen
563 3291 636 3353 dico
656 3290 765 3369 robis,
797 3291 873 3374 quia
890 3291 975 3353 venit
994 3280 1075 3352 horel
1095 3303 1126 3353 et

49 3418 139 3460 nunc
170 3411 231 3476 est,
266 3399 392 3482 quando
420 3402 537 3462 mortui
556 3399 684 3461 audient
702 3420 809 3462 vocem
833 3394 890 3458 lilii
911 3399 987 3463 Deis
1008 3410 1042 3491 ct
1069 3399 1124 3480 qui

29 3501 233 3581 ·audicriut,
255 3510 367 3568 vivent
411 3508 454 3568 Et
472 3506 569 3590 paulo
590 3518 682 3590 poste
703 3506 808 3567 Nolite
828 3508 934 3566 mrrari
959 3504 1032 3583 hoc,
1050 3506 1124 3587 quia

46 3617 136 3675 venit
158 3612 255 3692 horn,
277 3616 309 3674 in
320 3635 382 3697 qua
391 3636 519 3697 omues,
542 3616 643 3697 quiin
660 3615 865 3674 monumentis
884 3626 974 3694 suut,
998 3613 1124 3675 audient

48 3743 158 3783 rocem
191 3721 281 3803 ejus:
317 3735 348 3783 et
367 3721 564 3806 procedent,
598 3741 653 3802 qur
674 3717 759 3780 bona
780 3720 943 3798 fecerunt,
964 3722 997 3781 iu
1018 3740 1124 3779 resur-

51 3829 223 3889 rectionem
247 3834 348 3889 vitae:
381 3831 437 3913 qui
465 3851 541 3891 vero
574 3824 657 3890 mala
693 3814 893 3911 egerunt,'iu
918 3827 1122 3889 resurrectio·

49 3952 118 3996 nen
139 3932 261 4015 judicii.

133 4039 276 4102 Matth.
298 4042 475 4109 xxlt=1n
497 4043 555 4105 illo
576 4041 627 4104 die
644 4051 840 4113 accesserunt
863 4038 903 4101 ad
925 4062 993 4102 eum
1018 4038 1122 4101 Sadu·

45 4146 130 4226 caei,
166 4150 220 4231 qui
254 4148 386 4229 dicunt,
420 4171 571 4221 nonesse
598 4149 874 4211 resurrectionem:
899 4160 930 4210 et
948 4150 1120 4227 interroga·

43 4268 159 4318 vesunt
177 4277 259 4335 eum,
281 4256 434 4349 dicentes:
455 4259 613 4349 Magister,
628 4256 760 4335 Moyses
773 4255 864 4319 dixit:
887 4255 921 4316 Si
938 4257 1013 4336 quis
1031 4273 1119 4316 mor-

1232 4344 1243 4375 l
