2768 4762
406 412 796 497 nacanoco.
907 368 910 372 Δ
1058 414 1143 519 U?
1272 407 1276 413 ·

40 580 150 683 'ciant
176 630 242 674 eam
275 616 360 673 extra
396 605 481 669 fores
508 603 618 668 domus
639 606 738 691 patris
758 603 826 684 sni,
849 612 880 669 et
900 597 1060 691 lapidibus
1080 602 1144 668 oh·

65 734 159 788 ruent
183 721 243 781 viri
267 690 399 778 civitatis
420 713 532 776 illius:
565 727 596 776 et
623 712 969 796 morietur,·qnonlam
992 715 1066 776 fecit
1085 735 1143 775 ne·

67 834 114 893 fas
143 832 177 898 in
209 824 324 899 Israel,
349 835 387 883 ut
417 822 627 883 fornicaretur
648 823 679 882 in
712 819 807 882 domo
827 823 939 906 patris:
971 832 1003 884 et
1019 820 1141 884 auferes

64 937 179 1002 malum
201 935 240 997 dc
262 931 366 994 medio
386 931 455 991 tui:
489 940 520 991 et
541 929 652 991 similia
673 929 769 992 multa
791 932 837 1015 in
856 930 965 992 eodem
984 931 1099 1015 capite.

56 1064 58 1068 ’
121 1055 203 1129 'Et
222 1064 365 1127 XXIILa
386 1060 458 1122 Non
478 1062 541 1123 erit
560 1064 707 1162 ¹arreretrix
733 1062 772 1124 dc
789 1059 911 1124 filiabus
930 1059 1047 1140 lsrael,
1082 1081 1140 1122 nec
1180 1026 1184 1041 l

66 1189 225 1240 scortator
257 1174 296 1234 de
325 1169 398 1232 filiis
427 1168 532 1231 Israel.
588 1167 660 1231 Non
693 1170 802 1233 offeres
822 1169 994 1231 mercedem
1022 1170 1143 1254 prosti-

65 1285 159 1363 huli,
195 1304 251 1343 nec
279 1282 415 1363 pretium
435 1278 517 1338 canis
542 1279 574 1338 in
603 1278 697 1342 domo
717 1281 845 1341 Domini
868 1279 926 1340 Dei
948 1279 1015 1356 tui,
1049 1275 1143 1359 quid·
1187 1276 1189 1281 ’
1260 1335 1265 1343 ,

67 1394 147 1478 qnid
172 1391 252 1453 illud
275 1401 336 1465 est,
359 1385 447 1470 quod
463 1389 626 1447 voverint:
650 1388 725 1470 quia
745 1384 937 1454 abominatio
957 1395 1004 1446 est
1021 1395 1144 1471 utrum·

67 1523 129 1585 qne
155 1499 239 1582 apud
257 1497 427 1558 Dominum
455 1494 557 1555 Deum
578 1506 672 1555 tuum.

152 1625 291 1688 Matth.
316 1623 376 1686 V.:
398 1623 562 1702 Audistis,
585 1625 659 1705 quia
688 1623 803 1684 dictum
829 1634 875 1684 est
896 1623 1051 1706 antiquis:
1072 1618 1145 1683 Non

66 1734 293 1799 moechaberis.
348 1731 417 1815 Ego
451 1744 553 1792 autem
586 1729 658 1820 dico
691 1729 801 1808 vobis,
834 1732 908 1815 quia
935 1730 1145 1814 omnia„qui

69 1843 185 1904 viderit
207 1837 366 1903 mulierem
385 1838 424 1900 ad
448 1838 731 1922 concupiscendum
755 1858 844 1918 eam,
876 1838 977 1924 jam
962 1831 1144 1901 moechatus
1182 1826 1188 1837 ¹
1258 1840 1265 1850 “

27 1955 31 1969 “
67 1963 114 2011 est
137 1971 202 2010 cam
225 1950 257 2009 in
281 1946 459 2009 cordesno.
562 2000 565 2006 .

151 2054 261 2116 Eccl.
283 2054 390 2118 XLL:
383 2051 597 2115 ·Ernhescite
620 2069 637 2113 a
656 2063 749 2137 patre
777 2061 810 2112 et
825 2067 844 2113 a
860 2062 958 2113 matre
975 2052 1015 2114 de
1039 2011 1144 2114 forni-

70 2166 212 2227 catione:
259 2181 278 2222 a
307 2173 452 2246 respectu
489 2159 627 2221 mulieris
666 2152 872 2224 fornicariae.
920 2159 967 2224 Ne
997 2161 1144 2244 respicias

67 2270 227 2332 mulierem
252 2269 345 2328 alieni
374 2270 452 2344 viri,
486 2278 518 2328 et
538 2287 579 2327 ne
598 2271 746 2332 scruteris
767 2269 909 2333 ancillam
932 2271 1024 2352 ejus,
1041 2286 1146 2352 nequa

67 2378 189 2438 steteris
212 2372 252 2433 ad
276 2373 389 2433 lectum
411 2375 490 2452 ejus.

159 2492 187 2549 l
210 2476 301 2540 Cor.
320 2477 396 2536 VL:
430 2474 480 2535 An
504 2478 648 2554 nescitis,
681 2484 756 2561 quia
790 2485 890 2565 iniqui
925 2501 1053 2565 regnum
1085 2479 1145 2542 Dei

70 2609 136 2650 non
163 2580 390 2672 possidebunt?
431 2580 537 2642 Nolite
560 2604 680 2644 errare:
710 2588 818 2670 Neque
839 2590 1024 2665 fornicarii,
1046 2609 1146 2672 neque

71 2696 165 2757 idolis
190 2697 376 2769 servientes,
409 2711 510 2772 neque
541 2688 691 2771 adulteri,
721 2715 823 2778 neque
845 2694 954 2758 molles
973 2706 1029 2757 etc.
1044 2718 1148 2782 ,-reg

70 2824 145 2863 num
180 2803 239 2863 Dei
274 2798 489 2886 possidebunt
544 2798 695 2878 Nescitis,
719 2807 866 2884 quoniam
888 2823 1024 2886 corpora
1045 2817 1148 2867 vestra

70 2910 208 2973 membra
240 2922 311 2971 sunt
336 2905 472 2969 Christi?
512 2908 640 2969 Tollens
672 2931 747 2994 crgo
778 2911 915 2974 membra
941 2911 1082 2990 Christi,
1099 2912 1147 2973 fa-

70 3022 148 3080 ciam
179 3002 317 3080 membra
345 3014 540 3076 meretricis?
582 2996 681 3079 llhsit.
735 3018 785 3079 An
813 3006 956 3098 nescitis,
998 3021 1145 3104 qnoniam

71 3127 127 3208 qui
161 3122 308 3185 adhaeret
334 3124 513 3200 meretrici,
546 3143 644 3185 unum
684 3147 801 3210 corpus
835 3127 995 3189 eflicitur?
1044 3129 1146 3215 Erunt

70 3235 152 3294 enim
176 3233 311 3312 (inquit)
333 3232 428 3293 duo
419 3253 452 3293 ιιι
481 3251 661 3295 carneuna
707 3234 771 3310 Qui
793 3246 894 3295 autem
915 3234 1062 3296 adhaeret
1077 3235 1148 3325 Dp-

68 3343 175 3418 mino,
217 3360 297 3400 unns
325 3339 457 3424 spiritus
485 3350 539 3399 est.
596 3340 709 3423 Fugite
748 3320 1006 3404 fornicationem:
1046 3315 1145 3423 Omne

69 3452 152 3511 enim
181 3459 345 3533 peccatum
376 3445 588 3529 quodeunque
623 3447 733 3509 fecerit
760 3447 875 3527 homo,
912 3461 997 3509 extra
1028 3469 1145 3533 corpus
1227 3441 1228 3444 ¹

68 3570 132 3619 est:
172 3557 227 3638 qui
267 3567 367 3616 autem
402 3554 594 3633 fornicatur,
629 3557 661 3616 in
686 3578 800 3640 corpus
824 3578 913 3618 suurn
935 3565 1052 3640 peccat
1094 3555 1145 3622 An

69 3665 215 3742 nescitis,
250 3664 398 3746 quoniam
430 3661 568 3722 membra
595 3676 696 3725 vestra
728 3646 877 3748 templum
902 3677 976 3725 sunt
1007 3664 1143 3749 Spiritus

72 3773 188 3849 sancti,
224 3773 279 3854 qui
310 3773 340 3832 in
373 3767 463 3830 vobis
491 3782 555 3848 est,
596 3793 687 3854 quem
724 3770 843 3834 hahetis
866 3773 993 3850 aDeo‚
1025 3785 1055 3832 et
1077 3793 1143 3834 non

72 3880 145 3939 estis
166 3878 279 3940 vestri?
322 3879 428 3964 Empti
454 3880 534 3938 enim
560 3880 631 3939 estis
662 3883 765 3963 pretio
795 3902 916 3967 magno.
959 3878 1144 3943 Glorificata

74 3995 107 4044 et
126 3978 250 4071 porpate
275 3989 376 4075 Deum
403 3988 434 4047 in
462 4007 599 4072 corpore
624 4001 738 4049 vestro.

156 4093 301 4180 Ephes.
326 4079 408 4158 IV.:v
431 4096 500 4156 Hoc
526 4098 621 4180 igitur
653 4096 726 4157 dico
746 4107 779 4158 ct
803 4092 954 4159 testificor
975 4097 1008 4158 iu
1031 4095 1145 4158 Domi·

70 4219 130 4277 no,
155 4213 192 4264 ut
208 4203 272 4284 jam
288 4224 353 4264 non
368 4201 532 4264 ambuletis
554 4205 635 4264 sicut
657 4216 688 4265 et
704 4215 807 4288 gentes
824 4203 982 4266 ambulant
1002 4205 1036 4265 in
1055 4203 1143 4265 vani·

68 4316 135 4370 tata
152 4308 261 4371 scum
285 4311 355 4389 sui,
385 4286 524 4380 tenebris
545 4309 745 4373 obscuratum
767 4308 918 4376 hahentes
927 4308 1142 4395 ssintalleatnn,
