2752 4770
1023 254 1026 263 ¹
1066 238 1068 242 ⁴
1139 244 1143 271 l

408 372 812 453 accuc'srau
1004 326 1007 333 ⁵
1068 390 1150 464 44³

68 575 184 661 surgit.
226 572 268 635 Et
289 571 458 656 cujuslibet
478 574 558 635 ritae
580 585 674 656 atque
696 573 826 634 actionis
847 571 976 649 existat,
1006 560 1147 655 quisquis

69 683 183 725 eorum
216 658 402 719 soliditatem
437 670 628 735 contenet,
666 659 783 718 etiamsi
812 657 890 740 lapis
913 676 977 719 esse
998 659 1146 733 cernitur,

70 763 173 810 tamen
196 755 280 804 extra
301 741 475 802 aedilicium
498 744 589 824 jacet.
647 743 801 819 Quintum
823 762 951 823 quoque
971 741 1146 801 Concilium
1183 744 1316 839 &mmmm

10 882 18 905 .-
72 834 190 916 pariter
211 849 362 902 veneror,
385 830 416 886 in
439 848 503 907 quo
526 825 678 909 epistola,
702 847 781 906 quac
804 825 877 886 lbae
899 824 1032 902 dieitur,
1055 846 1145 887 erro-
1157 802 1329 898 ‹lli'isililmd

70 919 113 976 ris
136 913 245 997 plena,
269 910 477 993 reprobatur:
500 913 531 971 in
555 931 619 991 quo
641 910 827 970 Theodorus
850 930 1013 993 personam
1029 900 1330 996 ωεάἰε-ξζξζζῖἳξζξζ

10 1052 16 1069 ,
70 1002 148 1062 toris
178 998 239 1056 Dei
275 1009 306 1055 ct
327 995 483 1056 hominum
506 998 536 1054 in
560 994 681 1055 duabus
703 995 880 1054 substantiis
903 1015 1069 1076 separans,
1106 995 1145 1055 ad
1158 1000 1213 1034 Μ·

10 1142 12 1149 ,
70 1086 236 1167 impietatis
259 1078 420 1163 perfidiam
442 1079 588 1140 cecidisse
616 1081 832 1153 convincitur,
856 1090 886 1137 et
909 1079 1023 1159 inquo
1044 1083 1146 1163 scrip-

10 1224 15 1237 ,
70 1183 101 1230 ta
123 1185 254 1248 quoque
284 1164 491 1238 Theodorou,
515 1184 571 1246 per
602 1162 779 1244 quaebeati
798 1162 907 1237 Cyrilli
933 1160 1008 1222 fides
1036 1185 1146 1248 repre·

10 1303 25 1315 .
69 1253 237 1326 benditur,
275 1270 352 1309 ausu
377 1250 546 1309 dementiae
580 1248 722 1329 prolata,
770 1249 956 1311 refutantur.
1014 1249 1146 1310 Cunctas
1273 1320 1277 1329 ι

69 1359 167 1411 sero,
201 1354 277 1416 quas
298 1334 435 1414 praelata
458 1331 631 1392 veneranda
652 1331 790 1392 Concilia
809 1351 957 1413 personas
984 1345 1144 1415 respuunt,
1159 1341 1325 1384 consilimi-

10 1474 14 1481 .
70 1441 207 1504 respuo:
240 1439 316 1499 quas
338 1430 545 1488 venerantur,
578 1416 767 1498 amplector:
790 1419 862 1497 quia
887 1415 961 1475 dum
982 1417 1145 1476 universali
1158 1395 1351 1488 lillll'lil'w’:

10 1492 12 1503 Ι
69 1519 144 1567 sunt
179 1524 330 1563 consensu
370 1504 560 1576 constituta,
599 1500 651 1562 sed
674 1514 704 1559 et
727 1523 788 1560 non
813 1500 866 1560 illa
887 1499 1036 1579 destruit,
1061 1489 1281 1582 quis·‘,¹,¹}{‚'¹,¹{'¹¹¹li

70 1593 140 1673 quis
177 1589 345 1672 praesumit
379 1599 432 1647 ant
463 1585 605 1661 solvere,
643 1606 722 1667 quos
760 1584 911 1668 religant,
948 1598 1002 1645 aut
1040 1585 1145 1669 ligare,

70 1695 154 1758 quos
174 1672 309 1733 solvunt.
354 1672 433 1746 Quis
458 1673 503 1729 uis
527 1691 600 1751 ergo
624 1671 709 1730 aliud
731 1672 830 1752 sapit,
853 1669 1012 1731 anathema
1034 1673 1081 1730 sit.

160 1769 210 1825 11.
252 1755 360 1814 IDEM
391 1757 424 1814 L.
437 1693 487 1813 ll.
512 1755 623 1813 Indict.
650 1769 697 1821 11.
731 1776 780 1838 ep.
811 1768 859 1821 10.
882 1754 921 1814 ad
942 1756 1044 1815 Savia.
1069 1753 1154 1815 Sub-

73 1843 191 1905 dtac.=.
210 1839 263 1901 Sic
300 1853 439 1920 quatuor
471 1838 616 1914 Synodos
641 1853 762 1899 sanctae
785 1839 965 1900 universalis
987 1838 1152 1917 Ecclesiae,

74 1930 159 1988 sicut
175 1937 309 2006 quatuor
334 1924 432 1983 libros
449 1926 546 1983 sancti
573 1923 728 2006 Evangelii
750 1925 926 2005 recipimus.
1129 1926 1134 1933 '
1255 1981 1261 1993 ,

162 2023 207 2077 12.
250 2006 512 2068 NICEPHORUS
536 2006 651 2066 Callist.
677 2007 746 2066 bist.
770 2007 854 2065 Eccl.
879 2009 911 2066 L.
935 2006 1019 2067 XVI.
1045 2020 1151 2077 e.33.=

69 2094 115 2156 Et
135 2106 199 2155 tum
221 2094 346 2176 quidem
367 2091 501 2152 Sabbam
521 2103 550 2149 et
567 2090 780 2151 Theodosium
802 2091 848 2150 illi
870 2091 1036 2153 adversarii
1053 2090 1148 2152 Chal·
1165 2101 1289 2159 nunu-gn
1304 2102 1330 2149 t·

72 2179 254 2241 redonensis
289 2176 408 2252 Synodi
430 2177 461 2235 vi
483 2173 586 2234 adorti
609 2187 702 2251 sunt,
740 2178 765 2235 si
789 2196 842 2236 eos
864 2178 895 2235 in
918 2175 1062 2259 partibus
1084 2179 1147 2237 suis
1162 2148 1299 2203 ursanum.

72 2262 250 2335 baberent,
292 2262 393 2320 omnia
420 2280 452 2318 se
481 2258 681 2319 conlecturos
704 2260 772 2318 rati.
827 2258 931 2342 Atque
953 2260 1009 2321 ubi
1031 2263 1148 2322 animos

71 2368 185 2408 eorum
203 2355 382 2418 tentarunt,
404 2343 581 2425 praeclarus
604 2342 657 2401 ille
678 2347 793 2403 virtute
822 2345 1019 2405 Theodosius
1039 2366 1152 2429 sugge-

69 2445 157 2494 stum
184 2426 386 2500 conscendit,
420 2447 456 2488 ac
486 2426 582 2487 veluti
618 2426 678 2486 dux
700 2428 825 2507 quidam
848 2441 878 2486 et
900 2430 1069 2510 imperator
1090 2448 1150 2512 pro

67 2514 230 2576 concione
267 2510 432 2570 monastica
450 2511 601 2594 phalange
623 2511 794 2586 advocata,
822 2525 987 2593 postquam
1009 2513 1153 2572 multitu-

65 2597 142 2659 dini
167 2594 322 2655 silentium
342 2614 433 2654 manu
446 2596 617 2678 designant
631 2639 640 2671 ,
661 2617 737 2655 voce
751 2599 869 2676 majore
882 2596 1013 2669 sublata,
1033 2595 1094 2655 boc
1106 2598 1150 2657 sic

63 2680 250 2744 tonitrusin
262 2699 378 2739 morem
392 2679 551 2739 detonuit:
573 2680 687 2760 Siquis
705 2694 841 2763 quatuor
856 2680 1001 2754 Synodos
1011 2693 1150 2761 quatuor
1161 2698 1331 2758 usuum„-

68 2763 324 2848 Evangeliisnon
340 2777 497 2844 exaequat,
520 2764 687 2823 anatliema.
710 2765 764 2823 His
782 2764 882 2823 verbis
896 2763 997 2839 dictis,
1020 2749 1201 2847 perinde¹¹¹'

55 2864 168 2931 ¹utque
177 2846 300 2931 angelus
312 2848 449 2928 quidam,
461 2849 660 2908 multitudine
672 2852 702 2908 in
724 2863 882 2932 stuporem
898 2852 1054 2929 conjecta,
1082 2871 1151 2909 cum

65 2934 197 2997 silentio
230 2932 374 2992 omuibus
397 2934 665 3014 inspectantibus,
698 2955 755 3015 por
776 2935 904 2993 inediam
927 2934 1048 2995 turbam
1072 2955 1151 3016 pro-

64 3020 184 3096 cessit,
218 3029 248 3077 et
273 3016 414 3076 homines
451 3039 555 3078 omnes
589 3040 658 3077 cnm
695 3020 786 3077 animi
809 3021 1059 3079 consternatione
1092 3019 1153 3077 riri

64 3105 142 3185 ejus
173 3113 319 3182 tanquam
349 3102 464 3184 egregii
489 3105 518 3160 in
549 3101 633 3163 bello
665 3103 750 3161 iliacis
773 3103 937 3163 eonsilium
968 3105 1153 3184 factumque,

62 3207 136 3271 quo
160 3199 299 3260 sanctas,
322 3206 401 3265 quae
421 3186 521 3247 dictae
543 3201 624 3258 sunt,
648 3186 792 3261 Synodos
815 3191 908 3247 sacris
936 3188 1022 3247 libris
1045 3208 1155 3247 accen·

60 3269 182 3334 seudas
204 3290 287 3344 esse,
322 3270 416 3328 veluti
442 3268 507 3353 lege
532 3270 592 3330 lata
610 3275 735 3347 statuit,
760 3272 901 3332 admirati
924 3287 1003 3332 sunt.
1046 3272 1088 3330 Et
1114 3265 1332 3357 lifgffgge‘jffgg

59 3370 154 3419 teras
174 3354 213 3413 ad
241 3356 459 3434 imperatorem
478 3355 607 3428 dantes,
632 3371 783 3416 certamen
808 3378 839 3416 se
858 3357 895 3416 de
914 3359 955 3417 cis
972 3355 1011 3417 ad
1025 3357 1152 3439 sangui·
1164 3366 1192 3405 aa
1217 3368 1306 3419 ungui.

59 3460 142 3503 nem
164 3459 264 3519 usqne
286 3437 463 3501 subituros.
491 3459 609 3518 neque,
626 3443 742 3500 etiamsi
768 3441 845 3522 quid
870 3442 1008 3516 accidat,
1031 3462 1062 3500 se
1084 3415 1332 3518 ullols‘ffliifm'

59 3522 170 3587 modo
202 3544 219 3582 a
249 3523 378 3582 Patcum
405 3522 626 3583 traditionibus
648 3524 838 3586 discessuros
864 3547 950 3603 csse,
971 3525 1153 3608 judicarunt

63 3623 169 3691 atque
205 3605 441 3666 confirmarant.

161 3703 187 3758 1.
210 3692 243 3750 C.
287 3690 473 3750 Tlllll'IUll
496 3691 590 3753 Conc.
613 3692 713 3753 Tolet.
737 3714 801 3753 can.
827 3707 853 3762 1.
873 3719 880 3753 ι
902 3694 1106 3756 Permaneant
1122 3694 1333 3754 innuuronna-

62 3798 129 3839 suo
149 3778 267 3859 'vigore
289 3776 502 3834 Conciliorum
526 3780 663 3836 omnium
686 3781 871 3854 constituta,
894 3778 985 3839 simul
1008 3792 1038 3841 et
1055 3801 1152 3856 syno-
1165 3758 1333 3868 fiffiiffi'illi

66 3861 161 3923 dicae
178 3874 356 3920 sanctornm
384 3860 561 3940 praesulum
580 3862 793 3921 Rornanorum
818 3862 975 3945 epistolae.
1164 3871 1334 3949 mman-

159 3957 189 4011 2.
232 3943 528 4004 DlS'l'lNCTIONE
564 3959 611 4013 19.
648 3946 732 4028 apud
766 3948 927 4022 Gratiam,
965 3948 1045 4007 inter
1078 3945 1154 4007 reli·

67 4050 154 4114 quos
180 4030 294 4088 citatur
316 4028 464 4088 Nicolaus
487 4029 570 4111 Papa
607 4032 637 4089 in
672 4031 802 4113 epistola
824 4032 863 4090 ad
892 4030 1159 4115 ilrchiepiscopos

64 4129 100 4177 et
134 4113 312 4194 Episcopus
342 4135 397 4194 per
422 4112 554 4174 Galliam
575 4118 784 4175 constitutos:
821 4114 871 4192 Si,
895 4118 1019 4198 inquit,
1044 4117 1161 4176 Roma·

61 4217 188 4259 norum
220 4194 405 4278 pontificum
429 4198 575 4272 decreto,
607 4211 802 4259 caeterorum
833 4200 985 4285 opuscula
1007 4211 1161 4262 tractato-

66 4302 148 4346 rum
165 4281 385 4365 approbantur
404 4283 453 4345 rel
472 4281 700 4367 reprobantur,
729 4285 773 4346 ita
796 4295 845 4364 ut,
867 4284 957 4370 quod
982 4306 1054 4348 rere
1073 4282 1161 4345 sedes
