2768 4762
262 344 344 421 ‚aas
523 332 605 399 nr
650 308 1099 429 retentetis

44 560 48 567 .
90 520 149 579 'tirsi
170 543 194 577 ι.
209 538 231 601 tp
263 523 310 585 nis
328 523 455 605 proprio
472 514 678 603 chirographa
701 514 881 603 pollicetur,
903 515 1029 579 dicensi
1058 514 1166 579 Testis
1194 516 1284 579 enim
1312 533 1350 582 est

263 606 339 668 mihi
359 607 467 683 Deus,
490 607 541 665 cui
557 606 656 664 servio
678 604 709 664 in
730 604 840 686 spiritu
856 624 926 663 meo
945 604 979 663 in
1000 600 1174 685 Evangelio
1193 598 1257 661 filii
1279 603 1348 683 ejus,

123 762 128 772 .
264 690 351 773 quod
368 692 432 751 sine
448 690 667 749 intermissione
687 688 861 747 memoriam
882 688 975 747 vestri
988 687 1068 747 facio
1086 706 1217 769 semper
1235 688 1269 747 in
1286 709 1347 749 ora-

91 757 400 859 }2ffi,{f³⁰⁸tionibtu
428 777 511 833 meis.
564 772 665 833 Prima
689 793 761 855 crgo
783 771 871 831 sedes
896 783 941 832 cst
964 770 1085 833 caelesti
1107 766 1276 833 beneficio
1292 772 1348 833 Ilo·

264 880 371 923 manae
396 857 570 934 Ecdesiae,
593 878 685 938 quern
711 862 758 933 (ut
777 867 977 915 memoratum
999 857 1052 931 est)
1080 856 1262 915 beatissimi
1281 855 1345 917 Pet·

265 966 319 1005 rus
345 954 375 1002 ct
403 941 518 1001 Paulus
546 962 603 1001 suo
627 942 772 1016 martyrio
790 952 1013 1001 conseer-anmi.
1055 939 1109 999 Sic
1132 939 1263 1015 Roma,
1279 961 1347 1021 qnae

266 1030 353 1115 prius
374 1036 439 1085 erat
462 1026 691 1085 cacodaemonis
716 1021 846 1085 artificio
870 1025 1005 1085 omnium
1030 1044 1179 1084 errorum
1209 1038 1307 1085 mater
1323 1036 1348 1085 et

268 1113 374 1187 altrix,
397 1111 527 1169 excussis
549 1108 698 1184 tenebris,
720 1120 751 1167 et
760 1111 845 1168 variis
858 1109 1107 1191 superstitionum
1119 1109 1242 1169 ritibus
1254 1109 1348 1169 abiec-

267 1200 330 1271 tis,
364 1190 498 1253 filiorum
529 1194 606 1268 Dei,
637 1205 741 1253 exorto
764 1193 827 1253 sole
857 1194 1015 1273 justitiae,
1044 1192 1130 1251 facta
1159 1204 1211 1252 est
1233 1214 1273 1254 eo
1294 1196 1346 1255 iou

95 1295 257 1356 ..sarasan-
291 1279 470 1361 ropagatrix.
522 1276 664 1337 Secunda
689 1290 788 1337 alitem
811 1277 897 1337 sedes
919 1276 1001 1359 apud
1022 1274 1251 1337 Alexandriam
1273 1216 1346 1338 lusti

94 1346 213 1397 sensnm.
268 1303 353 1427 l‘etri
377 1363 498 1421 nominc
519 1383 536 1422 a
560 1363 666 1422 Marco
691 1364 759 1442 ejus
780 1361 930 1443 discipulo
953 1373 1043 1442 atquc
1064 1360 1347 1445 Esnngelistaoon·

269 1459 386 1509 secrata
411 1457 470 1521 est,
494 1448 566 1527 quia
593 1448 656 1527 ipse
678 1458 708 1506 et
731 1448 760 1505 in
788 1445 928 1529 Aegypto
950 1447 1085 1529 primum
1107 1446 1249 1507 verbum
1278 1448 1345 1507 reri·

269 1534 362 1607 tatis,
385 1531 518 1597 directus
544 1552 561 1590 a
583 1530 699 1605 Petro,
752 1530 935 1606 raedionrit,
971 1542 1001 1589 et
1022 1528 1200 1613 gloriosum
1224 1532 1346 1614 suscepit

94 1650 114 1687 s.
138 1617 458 1690 intrassemus-rium.
507 1614 564 1674 Cui
583 1552 763 1677 reiterabilis
787 1616 933 1674 successit
952 1612 1082 1673 Abilius.
1126 1614 1240 1677 Tertia
1257 1628 1344 1677 auten

98 1704 135 1739 ⁸⁸⁶¹·
271 1699 358 1769 sedes
373 1698 463 1783 apud
488 1697 699 1777 Antiochiam,
724 1699 862 1779 ejusdcm
887 1697 929 1776 (id
953 1710 1017 1773 est,
1036 1696 1122 1767 beati
1145 1698 1247 1775 Petri)
1271 1699 1344 1783 Apo-

272 1784 344 1845 stoli
366 1785 486 1847 nomine
507 1783 640 1844 liabetur
658 1784 845 1844 honorabilis
865 1795 922 1843 etc.
965 1782 1042 1843 Inde
1062 1802 1200 1865 namque
1215 1797 1254 1846 et
1275 1784 1341 1845 beati

271 1867 412 1952 Apostoli
436 1870 514 1927 iuter
538 1889 570 1927 se
589 1881 782 1944 statuerunt,
805 1880 840 1945 ut
860 1866 1006 1951 Episcopi
1030 1867 1225 1947 singularum
1243 1872 1343 1930 scirent
1381 1886 1383 1907 ¹

276 1954 426 2037 gentium,
450 1954 517 2032 quis
539 1954 688 2013 intereos
709 1954 824 2033 primus
846 1963 939 2027 esset,
963 1962 1112 2033 quatenus
1137 1952 1177 2013 ad
1201 1975 1273 2013 cum
1294 1972 1345 2035 po·
1381 1934 1383 1989 !

275 2039 337 2096 tior
363 2057 467 2095 eorum
490 2035 652 2094 sulicitudo
670 2039 843 2116 pertineret
885 2036 962 2094 Nam
986 2045 1017 2095 et
1034 2036 1111 2095 inter
1130 2034 1237 2095 beatos
1258 2035 1349 2117 Apo-

100 2118 370 2239 1„.2„as0„0.stolos
397 2118 546 2199 (praedam
570 2119 630 2179 suit
652 2119 804 2178 discretio.
857 2118 900 2179 Et
920 2117 991 2180 lieet
1015 2138 1110 2179 omnes
1131 2130 1232 2179 essent
1254 2116 1348 2200 Apo-

97 2196 363 2279 l‘'³⁶¹⁸²¹¹⁸¹¹⁰·stoli,
396 2203 490 2262 Petro
511 2214 611 2262 tamen
636 2223 653 2262 a
681 2203 813 2262 Domino
840 2215 884 2264 cst
906 2224 1095 2280 concessum,
1122 2213 1154 2263 et
1182 2204 1244 2286 ipsi
1268 2203 1347 2263 inter

277 2309 309 2347 se
328 2287 474 2369 idipsum
493 2287 671 2362 voluerunt,
694 2299 729 2348 ut
746 2287 870 2369 reliquis
890 2288 1031 2348 omnibus
1043 2298 1196 2371 praeesset
1216 2286 1336 2369 Aposte

276 2371 331 2448 lis,
355 2385 384 2432 et
407 2371 542 2454 Cephas,
573 2372 606 2431 id
629 2383 694 2447 est,
722 2384 832 2454 caput,
863 2384 894 2437 ct
913 2374 1100 2455 principium
1123 2382 1246 2432 teneret
1266 2368 1333 2453 Apo-

59 2470 64 2479 '
99 2455 246 2553 rffgfffflt·
276 2454 420 2517 stolatus:
452 2458 515 2533 Qui
537 2468 567 2517 et
587 2456 713 2517 eandem
731 2457 858 2517 sormam
885 2460 946 2519 suis
971 2456 1227 2532 successoribus,
1249 2466 1279 2515 et
1296 2474 1339 2513 re·

99 2565 159 2602 mss·
224 2520 256 2607 't
275 2542 352 2623 liqui
377 2540 515 2625 Apostoli
541 2540 703 2625 Episcopis
728 2541 889 2602 tenendam
909 2542 1116 2622 tradiderunt.
1161 2541 1206 2601 Et
1225 2560 1285 2600 non
1298 2558 1340 2597 so-
1380 2568 1383 2581 ·

275 2625 338 2689 lum
364 2606 426 2686 Aee
449 2629 480 2687 in
503 2648 582 2686 noro
607 2637 786 2687 testamento
808 2639 853 2686 cst
877 2629 1094 2700 constitutum,
1130 2626 1189 2686 sed
1215 2623 1341 2685 etiamin
1381 2636 1383 2701 ζ

274 2712 369 2772 veteri
390 2709 458 2769 suit.
502 2712 590 2771 Unde
611 2713 757 2793 scriptum
783 2723 843 2772 cst:
866 2714 986 2786 Moyses
1008 2722 1037 2770 et
1062 2709 1171 2771 Aaron
1192 2711 1227 2770 in
1250 2708 1342 2767 Sacer
1381 2772 1383 2781 Ι

98 2810 215 2860 restra.
230 2811 251 2860 ό,
275 2795 400 2855 dotibus
420 2798 507 2875 ejus,
537 2796 654 2870 idest,
683 2799 767 2878 prius
796 2799 874 2855 inter
899 2818 949 2856 eos
976 2796 1109 2855 suerunt.
1157 2794 1202 2854 Et
1220 2792 1342 2875 quamtis
1381 2798 1383 2833 ³

274 2882 317 2940 ita
342 2880 515 2939 ordinatum
537 2880 646 2953 suerit,
669 2900 756 2940 uerno
778 2892 886 2954 taurcn,
912 2880 997 2962 quod
1010 2901 1099 2941 suum
1121 2890 1188 2953 cst,
1213 2875 1342 2959 quaesti,
1380 2910 1383 2923 ·

98 2974 214 3024 nomn.
230 2986 251 3029 2·
275 2963 330 3023 sed
344 2963 429 3045 quod
450 2962 582 3022 alterius.
625 2964 713 3023 Unde
729 2966 770 3023 ait
785 2963 892 3027 beatus
907 2962 1074 3047 Apostolus
1091 2962 1234 3022 Paulus:
1257 2962 1342 3019 Unus·

97 3024 264 3125 ἔέξηζοῖθζξῗ
277 3050 407 3130 quisquc
435 3047 554 3130 placcat
582 3050 719 3129 proximo
747 3070 803 3108 suo
832 3050 863 3109 iu
895 3047 1011 3107 leonum
1034 3048 1071 3107 ad
1097 3044 1343 3107 aedificationem

276 3133 319 3194 Et
341 3134 420 3192 sicut
448 3134 513 3215 ipse
538 3131 677 3192 Salvator
707 3134 769 3192 suis
801 3134 843 3192 ait
872 3131 1044 3215 discipulis:
1084 3132 1151 3207 Qui
1184 3133 1290 3211 major
1312 3138 1342 3186 est

276 3229 432 3290 vestrum,
453 3218 512 3277 erit
535 3217 670 3278 minister
693 3228 809 3293 vester,
833 3229 863 3278 et
882 3229 956 3277 caet.
1000 3216 1033 3275 Si
1051 3236 1132 3297 quae
1153 3237 1235 3276 vero
1254 3232 1342 3275 caune

277 3299 466 3365 difficiliores
483 3303 562 3362 inter
585 3322 638 3361 vos
663 3312 749 3362 ortae
776 3302 906 3377 luerint,
936 3301 976 3361 ad
1000 3299 1094 3381 hujus
1119 3314 1253 3361 sauctae
1282 3298 1345 3359 sedis·

277 3388 393 3468 apicem
416 3406 482 3462 eas,
506 3388 593 3467 quasi
613 3386 652 3445 ad
677 3397 769 3467 caput
789 3387 917 3460 referte,
940 3397 975 3445 ut
991 3382 1171 3467 Apostolico
1192 3386 1346 3445 terminen-

276 3482 331 3530 tur
352 3469 490 3549 judicio:
520 3471 591 3551 quia
612 3472 655 3533 sic
678 3470 843 3530 Dominum
867 3469 964 3544 velle,
991 3469 1031 3529 ab
1052 3490 1152 3551 coque
1176 3470 1223 3530 ita
1248 3468 1347 3529 consti-

276 3565 379 3613 tutum
410 3574 495 3630 esse,
530 3565 600 3615 ante
626 3553 714 3614 dictis
738 3555 913 3615 testimoniis
939 3553 1121 3613 declaratur.
1166 3552 1264 3613 llaec
1292 3568 1347 3611 rem

101 3643 262 3705 cnaossas.
277 3636 454 3721 Apostolica
480 3637 584 3713 sedes,
614 3639 707 3701 cardo
734 3650 764 3698 et
792 3651 884 3721 caput
911 3643 957 3713 (ut
984 3647 1177 3721 praetactum
1203 3644 1268 3714 cst)
1299 3656 1348 3697 on·

97 3700 264 3801 liiid'lil'l‘:
274 3724 359 3783 nium
382 3722 610 3799 Ecclesium,
641 3723 831 3799 aDomino,
857 3735 886 3782 et
913 3744 975 3783 nou
1006 3721 1087 3794 alio,
1110 3733 1159 3781 est
1182 3726 1350 3785 cointium

98 3792 239 3882 wffllt‘ssff
274 3806 317 3872 Et
344 3809 424 3867 sicut
448 3806 570 3867 cardine
599 3808 710 3867 ostium
744 3811 878 3890 regitur,
913 3809 956 3865 sie
986 3806 1081 3887 liujus
1115 3819 1251 3869 sanctae
1289 3804 1356 3867 sealt

98 3897 145 3983 ‚22¹⁸
158 3893 264 3983 ulfigss*
274 3894 455 3958 auctoritate
465 3914 567 3953 onmes
589 3891 766 3967 Ecclesiae,
789 3893 922 3951 Domino
945 3891 1134 3974 disponente,
1150 3904 1325 3975 reguntur.

170 3954 181 3985 ⁰
213 3952 240 3993 ⁸··
361 3988 410 4043 μ.
445 3976 689 4041 risissemus
716 3976 807 4035 rone
841 3978 872 4041 in
901 3997 948 4057 pp.
968 3989 995 4041 1.
1017 3975 1057 4035 aa
1080 3972 1189 4056 rapae.
1221 3968 1361 4037 susos.

97 4060 382 4135 anapaestum:
412 4058 642 4125 Solicitudinem
666 4062 802 4122 omnium
829 4060 1035 4120 Eeclesiarum
1058 4060 1146 4138 juxta
1173 4056 1362 4147 Apostolum

270 4142 539 4219 circumferentes,
563 4145 682 4213 divinae
709 4146 790 4205 circa
817 4166 872 4207 uus
898 4145 1013 4226 gratiae
1036 4163 1188 4205 memores
1219 4168 1289 4207 esse
1313 4144 1363 4203 de·

269 4229 397 4307 benus,
420 4229 473 4317 qui
495 4248 629 4319 uesper
651 4228 841 4319 dignationis
861 4251 933 4297 suae
954 4227 1220 4311 misericordium,
1242 4231 1288 4293 ob
1310 4226 1364 4297 list
