<?xml version="1.0" encoding="UTF-8"?>
<!DOCTYPE html PUBLIC "-//W3C//DTD XHTML 1.0 Transitional//EN"
    "http://www.w3.org/TR/xhtml1/DTD/xhtml1-transitional.dtd">
<html xmlns="http://www.w3.org/1999/xhtml" xml:lang="en" lang="en">
 <head>
  <title>
</title>
<meta http-equiv="Content-Type" content="text/html;charset=utf-8" />
  <meta name='ocr-system' content='tesseract 3.04.00' />
  <meta name='ocr-capabilities' content='ocr_page ocr_carea ocr_par ocr_line ocrx_word'/>
</head>
<body>
  <div class='ocr_page' id='page_1' title='image "./summadoctrinaec00kanigoog_0265.png"; bbox 0 0 2768 4762; ppageno 0'>
   <div class='ocr_carea' id='block_1_1' title="bbox 1066 255 1073 282">
    <p class='ocr_par' dir='ltr' id='par_1_1' title="bbox 1066 255 1073 282">
     <span class='ocr_line' id='line_1_1' title="bbox 1066 255 1073 282; baseline 0 0"><span class='ocrx_word' id='word_1_1' title='bbox 1066 255 1073 282; x_wconf 87' lang='lat' dir='ltr'><strong>l</strong></span> 
     </span>
    </p>
   </div>
   <div class='ocr_carea' id='block_1_2' title="bbox 168 339 1045 451">
    <p class='ocr_par' dir='ltr' id='par_1_2' title="bbox 168 339 1045 451">
     <span class='ocr_line' id='line_1_2' title="bbox 168 339 1045 451; baseline -0.024 3"><span class='ocrx_word' id='word_1_2' title='bbox 168 433 170 436; x_wconf 70' lang='lat'><em>.</em></span> <span class='ocrx_word' id='word_1_3' title='bbox 233 339 235 343; x_wconf 11' lang='grc' dir='ltr'><em>Α</em></span> <span class='ocrx_word' id='word_1_4' title='bbox 275 381 354 451; x_wconf 76' lang='lat' dir='ltr'><strong>aii</strong></span> <span class='ocrx_word' id='word_1_5' title='bbox 575 374 641 437; x_wconf 79' lang='lat' dir='ltr'><strong>ne</strong></span> <span class='ocrx_word' id='word_1_6' title='bbox 674 373 940 438; x_wconf 76' lang='lat' dir='ltr'><strong>diarriae</strong></span> <span class='ocrx_word' id='word_1_7' title='bbox 968 371 1045 444; x_wconf 81' lang='lat' dir='ltr'><strong>nr</strong></span> 
     </span>
    </p>
   </div>
   <div class='ocr_carea' id='block_1_3' title="bbox 101 554 1351 4263">
    <p class='ocr_par' dir='ltr' id='par_1_3' title="bbox 272 554 1351 958">
     <span class='ocr_line' id='line_1_3' title="bbox 276 554 1347 646; baseline 0 -24"><span class='ocrx_word' id='word_1_8' title='bbox 276 572 314 622; x_wconf 90' lang='lat' dir='ltr'><strong>ut</strong></span> <span class='ocrx_word' id='word_1_9' title='bbox 354 561 494 646; x_wconf 85' lang='lat' dir='ltr'><strong>possint,</strong></span> <span class='ocrx_word' id='word_1_10' title='bbox 534 561 650 643; x_wconf 86' lang='lat' dir='ltr'><strong>jugiter</strong></span> <span class='ocrx_word' id='word_1_11' title='bbox 683 572 809 646; x_wconf 71' lang='lat' dir='ltr'><strong>petuma</strong></span> <span class='ocrx_word' id='word_1_12' title='bbox 847 579 919 621; x_wconf 84' lang='lat' dir='ltr'><strong>cum</strong></span> <span class='ocrx_word' id='word_1_13' title='bbox 954 558 1132 642; x_wconf 88' lang='lat' dir='ltr'><strong>potuerint,</strong></span> <span class='ocrx_word' id='word_1_14' title='bbox 1162 554 1209 617; x_wconf 92' lang='lat' dir='ltr'><strong>illi</strong></span> <span class='ocrx_word' id='word_1_15' title='bbox 1231 563 1347 641; x_wconf 83' lang='lat' dir='ltr'><strong>gratias</strong></span> 
     </span>
     <span class='ocr_line' id='line_1_4' title="bbox 272 640 1351 728; baseline -0.002 -22"><span class='ocrx_word' id='word_1_16' title='bbox 272 659 382 728; x_wconf 82' lang='lat' dir='ltr'><strong>¹agunt.</strong></span> <span class='ocrx_word' id='word_1_17' title='bbox 422 643 510 706; x_wconf 85' lang='lat' dir='ltr'><strong>Bona</strong></span> <span class='ocrx_word' id='word_1_18' title='bbox 529 645 617 726; x_wconf 89' lang='lat' dir='ltr'><strong>ejus,</strong></span> <span class='ocrx_word' id='word_1_19' title='bbox 639 666 717 726; x_wconf 86' lang='lat' dir='ltr'><strong>quae</strong></span> <span class='ocrx_word' id='word_1_20' title='bbox 734 645 850 706; x_wconf 88' lang='lat' dir='ltr'><strong>suerint</strong></span> <span class='ocrx_word' id='word_1_21' title='bbox 870 645 1044 724; x_wconf 86' lang='lat' dir='ltr'><strong>consecuti,</strong></span> <span class='ocrx_word' id='word_1_22' title='bbox 1067 645 1157 702; x_wconf 87' lang='lat' dir='ltr'><strong>etiam</strong></span> <span class='ocrx_word' id='word_1_23' title='bbox 1179 640 1246 702; x_wconf 89' lang='lat' dir='ltr'><strong>aliis</strong></span> <span class='ocrx_word' id='word_1_24' title='bbox 1270 662 1351 704; x_wconf 86' lang='lat' dir='ltr'><strong>eon-</strong></span> 
     </span>
     <span class='ocr_line' id='line_1_5' title="bbox 278 717 1350 812; baseline -0.001 -22"><span class='ocrx_word' id='word_1_25' title='bbox 278 728 355 790; x_wconf 78' lang='lat' dir='ltr'><strong>ferri</strong></span> <span class='ocrx_word' id='word_1_26' title='bbox 372 728 531 790; x_wconf 82' lang='lat' dir='ltr'><strong>socialiter</strong></span> <span class='ocrx_word' id='word_1_27' title='bbox 550 727 671 805; x_wconf 80' lang='lat' dir='ltr'><strong>volunt,</strong></span> <span class='ocrx_word' id='word_1_28' title='bbox 693 739 725 788; x_wconf 90' lang='lat' dir='ltr'><strong>et</strong></span> <span class='ocrx_word' id='word_1_29' title='bbox 743 749 841 812; x_wconf 83' lang='lat' dir='ltr'><strong>usque</strong></span> <span class='ocrx_word' id='word_1_30' title='bbox 863 730 895 788; x_wconf 91' lang='lat' dir='ltr'><strong>in</strong></span> <span class='ocrx_word' id='word_1_31' title='bbox 919 747 991 788; x_wconf 86' lang='lat' dir='ltr'><strong>suos</strong></span> <span class='ocrx_word' id='word_1_32' title='bbox 1007 717 1149 786; x_wconf 87' lang='lat' dir='ltr'><strong>inimicos</strong></span> <span class='ocrx_word' id='word_1_33' title='bbox 1172 724 1350 790; x_wconf 77' lang='lat' dir='ltr'><strong>dilectionis</strong></span> 
     </span>
     <span class='ocr_line' id='line_1_6' title="bbox 277 811 1350 896; baseline 0 -22"><span class='ocrx_word' id='word_1_34' title='bbox 277 834 350 874; x_wconf 87' lang='lat' dir='ltr'><strong>suae</strong></span> <span class='ocrx_word' id='word_1_35' title='bbox 369 811 562 874; x_wconf 90' lang='lat' dir='ltr'><strong>latitudinem</strong></span> <span class='ocrx_word' id='word_1_36' title='bbox 581 815 797 896; x_wconf 73' lang='lat' dir='ltr'><strong>porrigentes,</strong></span> <span class='ocrx_word' id='word_1_37' title='bbox 819 812 881 874; x_wconf 89' lang='lat' dir='ltr'><strong>boc</strong></span> <span class='ocrx_word' id='word_1_38' title='bbox 897 832 1000 873; x_wconf 90' lang='lat' dir='ltr'><strong>omnes</strong></span> <span class='ocrx_word' id='word_1_39' title='bbox 1023 813 1154 894; x_wconf 85' lang='lat' dir='ltr'><strong>cupiunt</strong></span> <span class='ocrx_word' id='word_1_40' title='bbox 1166 830 1239 889; x_wconf 88' lang='lat' dir='ltr'><strong>esse,</strong></span> <span class='ocrx_word' id='word_1_41' title='bbox 1261 814 1350 894; x_wconf 91' lang='lat' dir='ltr'><strong>qnod</strong></span> 
     </span>
     <span class='ocr_line' id='line_1_7' title="bbox 280 898 455 958; baseline 0 0"><span class='ocrx_word' id='word_1_42' title='bbox 280 900 287 912; x_wconf 90' lang='lat'>&#39;</span> <span class='ocrx_word' id='word_1_43' title='bbox 312 898 339 958; x_wconf 89' lang='lat' dir='ltr'><strong>ai</strong></span> <span class='ocrx_word' id='word_1_44' title='bbox 373 910 455 958; x_wconf 88' lang='lat' dir='ltr'><strong>sunt.</strong></span> 
     </span>
    </p>

    <p class='ocr_par' dir='ltr' id='par_1_4' title="bbox 104 918 1351 3254">
     <span class='ocr_line' id='line_1_8' title="bbox 278 918 1350 1065; baseline 0.001 -24"><span class='ocrx_word' id='word_1_45' title='bbox 278 918 311 980; x_wconf 53' lang='lat' dir='ltr'><strong>lp</strong></span> <span class='ocrx_word' id='word_1_46' title='bbox 363 995 394 1049; x_wconf 59' lang='grc' dir='ltr'><strong>ὅς</strong></span> <span class='ocrx_word' id='word_1_47' title='bbox 437 978 696 1041; x_wconf 80' lang='lat' dir='ltr'><strong>AUGUSTINUS</strong></span> <span class='ocrx_word' id='word_1_48' title='bbox 718 982 757 1043; x_wconf 79' lang='lat' dir='ltr'><strong>in.</strong></span> <span class='ocrx_word' id='word_1_49' title='bbox 772 979 853 1039; x_wconf 88' lang='lat' dir='ltr'><strong>Psal.</strong></span> <span class='ocrx_word' id='word_1_50' title='bbox 875 977 1189 1065; x_wconf 74' lang='lat' dir='ltr'><strong>XLVII.·:‘1ntellige</strong></span> <span class='ocrx_word' id='word_1_51' title='bbox 1210 982 1271 1040; x_wconf 82' lang='lat' dir='ltr'><strong>vim</strong></span> <span class='ocrx_word' id='word_1_52' title='bbox 1294 1001 1350 1042; x_wconf 89' lang='lat' dir='ltr'><strong>ca-</strong></span> 
     </span>
     <span class='ocr_line' id='line_1_9' title="bbox 106 1048 1350 1157; baseline -0.003 -30"><span class='ocrx_word' id='word_1_53' title='bbox 106 1048 391 1157; x_wconf 50' lang='lat' dir='ltr'><strong>{sslssflil&#39;writaiis</strong></span> <span class='ocrx_word' id='word_1_54' title='bbox 445 1066 518 1148; x_wconf 86' lang='lat' dir='ltr'><strong>Ipsa</strong></span> <span class='ocrx_word' id='word_1_55' title='bbox 555 1077 601 1125; x_wconf 88' lang='lat' dir='ltr'><strong>est</strong></span> <span class='ocrx_word' id='word_1_56' title='bbox 633 1067 753 1140; x_wconf 80' lang='lat' dir='ltr'><strong>virtus,</strong></span> <span class='ocrx_word' id='word_1_57' title='bbox 797 1085 889 1144; x_wconf 90' lang='lat' dir='ltr'><strong>quarn</strong></span> <span class='ocrx_word' id='word_1_58' title='bbox 919 1083 1007 1123; x_wconf 88' lang='lat' dir='ltr'><strong>nemo</strong></span> <span class='ocrx_word' id='word_1_59' title='bbox 1028 1065 1132 1124; x_wconf 88' lang='lat' dir='ltr'><strong>vincit.</strong></span> <span class='ocrx_word' id='word_1_60' title='bbox 1178 1067 1280 1145; x_wconf 86' lang='lat' dir='ltr'><strong>Hujus</strong></span> <span class='ocrx_word' id='word_1_61' title='bbox 1301 1067 1350 1148; x_wconf 91' lang='lat' dir='ltr'><strong>ig·</strong></span> 
     </span>
     <span class='ocr_line' id='line_1_10' title="bbox 106 1145 1351 1236; baseline -0.009 -27"><span class='ocrx_word' id='word_1_62' title='bbox 106 1145 256 1236; x_wconf 53' lang='lat' dir='ltr'><strong>{ssffiffl‘</strong></span> <span class='ocrx_word' id='word_1_63' title='bbox 283 1171 352 1209; x_wconf 91' lang='lat' dir='ltr'><strong>nem</strong></span> <span class='ocrx_word' id='word_1_64' title='bbox 383 1147 463 1209; x_wconf 91' lang='lat' dir='ltr'><strong>nulli</strong></span> <span class='ocrx_word' id='word_1_65' title='bbox 496 1145 608 1208; x_wconf 78' lang='lat' dir='ltr'><strong>{luctus</strong></span> <span class='ocrx_word' id='word_1_66' title='bbox 637 1148 769 1223; x_wconf 88' lang='lat' dir='ltr'><strong>saeculi,</strong></span> <span class='ocrx_word' id='word_1_67' title='bbox 798 1148 885 1207; x_wconf 91' lang='lat' dir='ltr'><strong>nulla</strong></span> <span class='ocrx_word' id='word_1_68' title='bbox 903 1146 1028 1213; x_wconf 84' lang='lat' dir='ltr'><strong>flumina</strong></span> <span class='ocrx_word' id='word_1_69' title='bbox 1050 1152 1227 1209; x_wconf 75' lang='lat' dir='ltr'><strong>tentationis</strong></span> <span class='ocrx_word' id='word_1_70' title='bbox 1251 1151 1351 1208; x_wconf 72' lang='lat' dir='ltr'><strong>estin.</strong></span> 
     </span>
     <span class='ocr_line' id='line_1_11' title="bbox 239 1222 1351 1317; baseline 0.001 -25"><span class='ocrx_word' id='word_1_71' title='bbox 239 1222 246 1235; x_wconf 72' lang='grc'><strong>’</strong></span> <span class='ocrx_word' id='word_1_72' title='bbox 280 1246 390 1317; x_wconf 84' lang='lat' dir='ltr'><strong>gnunt.</strong></span> <span class='ocrx_word' id='word_1_73' title='bbox 411 1232 459 1291; x_wconf 89' lang='lat' dir='ltr'><strong>De</strong></span> <span class='ocrx_word' id='word_1_74' title='bbox 468 1231 526 1293; x_wconf 90' lang='lat' dir='ltr'><strong>bac</strong></span> <span class='ocrx_word' id='word_1_75' title='bbox 535 1233 651 1294; x_wconf 88' lang='lat' dir='ltr'><strong>dictum</strong></span> <span class='ocrx_word' id='word_1_76' title='bbox 660 1246 725 1294; x_wconf 76' lang='lat' dir='ltr'><strong>est:</strong></span> <span class='ocrx_word' id='word_1_77' title='bbox 736 1231 847 1292; x_wconf 90' lang='lat' dir='ltr'><strong>Valida</strong></span> <span class='ocrx_word' id='word_1_78' title='bbox 856 1243 901 1292; x_wconf 90' lang='lat' dir='ltr'><strong>est</strong></span> <span class='ocrx_word' id='word_1_79' title='bbox 912 1234 992 1292; x_wconf 85' lang='lat' dir='ltr'><strong>sicut</strong></span> <span class='ocrx_word' id='word_1_80' title='bbox 1005 1252 1088 1290; x_wconf 85' lang='lat' dir='ltr'><strong>mors</strong></span> <span class='ocrx_word' id='word_1_81' title='bbox 1099 1230 1234 1294; x_wconf 86' lang='lat' dir='ltr'><strong>dilectio.</strong></span> <span class='ocrx_word' id='word_1_82' title='bbox 1257 1234 1351 1308; x_wconf 90' lang='lat' dir='ltr'><strong>Quo-</strong></span> 
     </span>
     <span class='ocr_line' id='line_1_12' title="bbox 278 1317 1350 1399; baseline 0 -20"><span class='ocrx_word' id='word_1_83' title='bbox 278 1318 374 1379; x_wconf 89' lang='lat' dir='ltr'><strong>modo</strong></span> <span class='ocrx_word' id='word_1_84' title='bbox 383 1319 462 1378; x_wconf 89' lang='lat' dir='ltr'><strong>enim</strong></span> <span class='ocrx_word' id='word_1_85' title='bbox 471 1337 564 1392; x_wconf 89' lang='lat' dir='ltr'><strong>mors,</strong></span> <span class='ocrx_word' id='word_1_86' title='bbox 574 1317 699 1399; x_wconf 89' lang='lat' dir='ltr'><strong>quando</strong></span> <span class='ocrx_word' id='word_1_87' title='bbox 710 1319 803 1393; x_wconf 80' lang='lat' dir='ltr'><strong>venit,</strong></span> <span class='ocrx_word' id='word_1_88' title='bbox 812 1318 911 1376; x_wconf 81' lang='lat' dir='ltr'><strong>resisti</strong></span> <span class='ocrx_word' id='word_1_89' title='bbox 926 1319 953 1375; x_wconf 90' lang='lat' dir='ltr'><strong>ei</strong></span> <span class='ocrx_word' id='word_1_90' title='bbox 962 1336 1024 1375; x_wconf 95' lang='lat' dir='ltr'><strong>non</strong></span> <span class='ocrx_word' id='word_1_91' title='bbox 1032 1327 1145 1398; x_wconf 79' lang='lat' dir='ltr'><strong>potest,</strong></span> <span class='ocrx_word' id='word_1_92' title='bbox 1154 1317 1350 1398; x_wconf 78' lang='lat' dir='ltr'><strong>quibuslibet</strong></span> 
     </span>
     <span class='ocr_line' id='line_1_13' title="bbox 279 1400 1348 1482; baseline 0 -20"><span class='ocrx_word' id='word_1_93' title='bbox 279 1402 409 1479; x_wconf 86' lang='lat' dir='ltr'><strong>artibus,</strong></span> <span class='ocrx_word' id='word_1_94' title='bbox 425 1400 616 1482; x_wconf 86' lang='lat' dir='ltr'><strong>quibuslibet</strong></span> <span class='ocrx_word' id='word_1_95' title='bbox 632 1400 858 1461; x_wconf 83' lang='lat' dir='ltr'><strong>medicamentis</strong></span> <span class='ocrx_word' id='word_1_96' title='bbox 876 1420 1032 1476; x_wconf 89' lang='lat' dir='ltr'><strong>occurras,</strong></span> <span class='ocrx_word' id='word_1_97' title='bbox 1051 1400 1227 1462; x_wconf 87' lang='lat' dir='ltr'><strong>violentiam</strong></span> <span class='ocrx_word' id='word_1_98' title='bbox 1238 1404 1348 1462; x_wconf 87' lang='lat' dir='ltr'><strong>mortis</strong></span> 
     </span>
     <span class='ocr_line' id='line_1_14' title="bbox 260 1485 1349 1568; baseline 0.003 -26"><span class='ocrx_word' id='word_1_99' title='bbox 260 1488 375 1547; x_wconf 87' lang='lat' dir='ltr'><strong>.vitare</strong></span> <span class='ocrx_word' id='word_1_100' title='bbox 397 1498 571 1568; x_wconf 78' lang='lat' dir='ltr'><strong>conpotes,</strong></span> <span class='ocrx_word' id='word_1_101' title='bbox 597 1488 670 1565; x_wconf 90' lang='lat' dir='ltr'><strong>quia</strong></span> <span class='ocrx_word' id='word_1_102' title='bbox 681 1485 820 1546; x_wconf 87' lang='lat' dir='ltr'><strong>mortalis</strong></span> <span class='ocrx_word' id='word_1_103' title='bbox 831 1497 920 1545; x_wconf 89' lang='lat' dir='ltr'><strong>natus</strong></span> <span class='ocrx_word' id='word_1_104' title='bbox 933 1506 979 1544; x_wconf 90' lang='lat' dir='ltr'><strong>es:</strong></span> <span class='ocrx_word' id='word_1_105' title='bbox 997 1486 1041 1558; x_wconf 88' lang='lat' dir='ltr'><strong>sic</strong></span> <span class='ocrx_word' id='word_1_106' title='bbox 1051 1498 1160 1546; x_wconf 92' lang='lat' dir='ltr'><strong>contra</strong></span> <span class='ocrx_word' id='word_1_107' title='bbox 1171 1485 1349 1546; x_wconf 81' lang='lat' dir='ltr'><strong>violentiam</strong></span> 
     </span>
     <span class='ocr_line' id='line_1_15' title="bbox 277 1568 1349 1653; baseline -0.002 -22"><span class='ocrx_word' id='word_1_108' title='bbox 277 1569 569 1650; x_wconf 69' lang='lat' dir='ltr'><strong>cantatismundus</strong></span> <span class='ocrx_word' id='word_1_109' title='bbox 592 1568 670 1629; x_wconf 91' lang='lat' dir='ltr'><strong>nibil</strong></span> <span class='ocrx_word' id='word_1_110' title='bbox 701 1581 813 1653; x_wconf 90' lang='lat' dir='ltr'><strong>potest.</strong></span> <span class='ocrx_word' id='word_1_111' title='bbox 855 1569 883 1628; x_wconf 85' lang='lat' dir='ltr'><strong>E</strong></span> <span class='ocrx_word' id='word_1_112' title='bbox 916 1571 1074 1630; x_wconf 88' lang='lat' dir='ltr'><strong>contrario</strong></span> <span class='ocrx_word' id='word_1_113' title='bbox 1103 1573 1182 1629; x_wconf 90' lang='lat' dir='ltr'><strong>enim</strong></span> <span class='ocrx_word' id='word_1_114' title='bbox 1203 1570 1349 1630; x_wconf 83' lang='lat' dir='ltr'><strong>similitu-</strong></span> 
     </span>
     <span class='ocr_line' id='line_1_16' title="bbox 179 1652 1348 1730; baseline -0.001 -16"><span class='ocrx_word' id='word_1_115' title='bbox 179 1696 182 1703; x_wconf 79' lang='lat'><strong>,</strong></span> <span class='ocrx_word' id='word_1_116' title='bbox 277 1654 320 1714; x_wconf 93' lang='lat' dir='ltr'><strong>do</strong></span> <span class='ocrx_word' id='word_1_117' title='bbox 353 1652 424 1715; x_wconf 88' lang='lat' dir='ltr'><strong>data</strong></span> <span class='ocrx_word' id='word_1_118' title='bbox 446 1667 491 1714; x_wconf 90' lang='lat' dir='ltr'><strong>est</strong></span> <span class='ocrx_word' id='word_1_119' title='bbox 514 1653 552 1714; x_wconf 94' lang='lat' dir='ltr'><strong>de</strong></span> <span class='ocrx_word' id='word_1_120' title='bbox 573 1665 682 1714; x_wconf 87' lang='lat' dir='ltr'><strong>morte.</strong></span> <span class='ocrx_word' id='word_1_121' title='bbox 740 1652 909 1730; x_wconf 91' lang='lat' dir='ltr'><strong>Quomodo</strong></span> <span class='ocrx_word' id='word_1_122' title='bbox 933 1655 1013 1712; x_wconf 91' lang='lat' dir='ltr'><strong>enim</strong></span> <span class='ocrx_word' id='word_1_123' title='bbox 1035 1674 1118 1714; x_wconf 89' lang='lat' dir='ltr'><strong>mors</strong></span> <span class='ocrx_word' id='word_1_124' title='bbox 1140 1655 1179 1715; x_wconf 91' lang='lat' dir='ltr'><strong>ad</strong></span> <span class='ocrx_word' id='word_1_125' title='bbox 1202 1655 1348 1714; x_wconf 81' lang='lat' dir='ltr'><strong>auferen-</strong></span> 
     </span>
     <span class='ocr_line' id='line_1_17' title="bbox 277 1737 1349 1815; baseline -0.001 -17"><span class='ocrx_word' id='word_1_126' title='bbox 277 1738 351 1798; x_wconf 89' lang='lat' dir='ltr'><strong>dum</strong></span> <span class='ocrx_word' id='word_1_127' title='bbox 371 1737 591 1799; x_wconf 88' lang='lat' dir='ltr'><strong>violentissima</strong></span> <span class='ocrx_word' id='word_1_128' title='bbox 612 1751 679 1815; x_wconf 86' lang='lat' dir='ltr'><strong>est,</strong></span> <span class='ocrx_word' id='word_1_129' title='bbox 713 1741 757 1799; x_wconf 88' lang='lat' dir='ltr'><strong>sic</strong></span> <span class='ocrx_word' id='word_1_130' title='bbox 782 1740 894 1799; x_wconf 85' lang='lat' dir='ltr'><strong>caritas</strong></span> <span class='ocrx_word' id='word_1_131' title='bbox 913 1737 1133 1805; x_wconf 80' lang='lat' dir='ltr'><strong>violentissima</strong></span> <span class='ocrx_word' id='word_1_132' title='bbox 1161 1753 1206 1800; x_wconf 88' lang='lat' dir='ltr'><strong>est</strong></span> <span class='ocrx_word' id='word_1_133' title='bbox 1228 1739 1265 1799; x_wconf 90' lang='lat' dir='ltr'><strong>ad</strong></span> <span class='ocrx_word' id='word_1_134' title='bbox 1285 1738 1349 1797; x_wconf 88' lang='lat' dir='ltr'><strong>sal-</strong></span> 
     </span>
     <span class='ocr_line' id='line_1_18' title="bbox 241 1821 1348 1921; baseline -0.001 -38"><span class='ocrx_word' id='word_1_135' title='bbox 241 1822 420 1921; x_wconf 35' lang='lat' dir='ltr'><strong>&#39;vandum</strong></span> <span class='ocrx_word' id='word_1_136' title='bbox 474 1822 536 1882; x_wconf 90' lang='lat' dir='ltr'><strong>Per</strong></span> <span class='ocrx_word' id='word_1_137' title='bbox 569 1824 727 1882; x_wconf 89' lang='lat' dir='ltr'><strong>caritatem</strong></span> <span class='ocrx_word' id='word_1_138' title='bbox 762 1825 842 1883; x_wconf 90' lang='lat' dir='ltr'><strong>enim</strong></span> <span class='ocrx_word' id='word_1_139' title='bbox 874 1821 962 1883; x_wconf 89' lang='lat' dir='ltr'><strong>multi</strong></span> <span class='ocrx_word' id='word_1_140' title='bbox 984 1826 1100 1882; x_wconf 87' lang='lat' dir='ltr'><strong>mortui</strong></span> <span class='ocrx_word' id='word_1_141' title='bbox 1122 1836 1194 1884; x_wconf 89' lang='lat' dir='ltr'><strong>sunt</strong></span> <span class='ocrx_word' id='word_1_142' title='bbox 1213 1822 1348 1899; x_wconf 91' lang='lat' dir='ltr'><strong>saeculo,</strong></span> 
     </span>
     <span class='ocr_line' id='line_1_19' title="bbox 278 1907 1348 1982; baseline 0.001 -17"><span class='ocrx_word' id='word_1_143' title='bbox 278 1919 316 1966; x_wconf 89' lang='lat' dir='ltr'><strong>nt</strong></span> <span class='ocrx_word' id='word_1_144' title='bbox 339 1909 476 1967; x_wconf 77' lang='lat' dir='ltr'><strong>virerent</strong></span> <span class='ocrx_word' id='word_1_145' title='bbox 498 1907 579 1967; x_wconf 82' lang='lat' dir='ltr'><strong>Deo.</strong></span> <span class='ocrx_word' id='word_1_146' title='bbox 633 1907 698 1966; x_wconf 87' lang='lat' dir='ltr'><strong>Hac</strong></span> <span class='ocrx_word' id='word_1_147' title='bbox 722 1910 849 1967; x_wconf 86' lang='lat' dir='ltr'><strong>caritate</strong></span> <span class='ocrx_word' id='word_1_148' title='bbox 874 1908 995 1976; x_wconf 83' lang='lat' dir='ltr'><strong>accensi</strong></span> <span class='ocrx_word' id='word_1_149' title='bbox 1016 1920 1184 1982; x_wconf 84' lang='lat' dir='ltr'><strong>martyres,</strong></span> <span class='ocrx_word' id='word_1_150' title='bbox 1218 1929 1281 1967; x_wconf 91' lang='lat' dir='ltr'><strong>non</strong></span> <span class='ocrx_word' id='word_1_151' title='bbox 1303 1908 1348 1968; x_wconf 88' lang='lat' dir='ltr'><strong>si-</strong></span> 
     </span>
     <span class='ocr_line' id='line_1_20' title="bbox 111 1989 1347 2093; baseline 0.001 -44"><span class='ocrx_word' id='word_1_152' title='bbox 111 2055 122 2093; x_wconf 53' lang='lat'><strong>1</strong></span> <span class='ocrx_word' id='word_1_153' title='bbox 134 2049 180 2092; x_wconf 71' lang='lat' dir='ltr'><strong>cor</strong></span> <span class='ocrx_word' id='word_1_154' title='bbox 246 2043 249 2053; x_wconf 96' lang='grc'>,</span> <span class='ocrx_word' id='word_1_155' title='bbox 278 1989 404 2068; x_wconf 66' lang='lat' dir='ltr'><strong>mulam,</strong></span> <span class='ocrx_word' id='word_1_156' title='bbox 434 2011 499 2051; x_wconf 90' lang='lat' dir='ltr'><strong>non</strong></span> <span class='ocrx_word' id='word_1_157' title='bbox 525 2011 603 2050; x_wconf 83' lang='lat' dir='ltr'><strong>vana</strong></span> <span class='ocrx_word' id='word_1_158' title='bbox 635 1989 735 2072; x_wconf 86' lang='lat' dir='ltr'><strong>gloria</strong></span> <span class='ocrx_word' id='word_1_159' title='bbox 762 1990 925 2067; x_wconf 64' lang='lat' dir='ltr'><strong>rentilati,</strong></span> <span class='ocrx_word' id='word_1_160' title='bbox 957 2012 1021 2052; x_wconf 91' lang='lat' dir='ltr'><strong>non</strong></span> <span class='ocrx_word' id='word_1_161' title='bbox 1050 1989 1149 2068; x_wconf 82' lang='lat' dir='ltr'><strong>tales,</strong></span> <span class='ocrx_word' id='word_1_162' title='bbox 1171 1991 1209 2050; x_wconf 92' lang='lat' dir='ltr'><strong>de</strong></span> <span class='ocrx_word' id='word_1_163' title='bbox 1231 1991 1347 2072; x_wconf 87' lang='lat' dir='ltr'><strong>quibus</strong></span> 
     </span>
     <span class='ocr_line' id='line_1_21' title="bbox 126 2054 1350 2160; baseline 0 -25"><span class='ocrx_word' id='word_1_164' title='bbox 126 2075 132 2087; x_wconf 86' lang='lat'>&#39;</span> <span class='ocrx_word' id='word_1_165' title='bbox 179 2054 231 2101; x_wconf 68' lang='lat'><strong>‘¹³&#39;</strong></span> <span class='ocrx_word' id='word_1_166' title='bbox 245 2059 397 2135; x_wconf 72' lang='lat' dir='ltr'><strong>²‘dictn&#39;ni</strong></span> <span class='ocrx_word' id='word_1_167' title='bbox 423 2087 487 2134; x_wconf 88' lang='lat' dir='ltr'><strong>est:</strong></span> <span class='ocrx_word' id='word_1_168' title='bbox 521 2072 554 2133; x_wconf 87' lang='lat' dir='ltr'><strong>Si</strong></span> <span class='ocrx_word' id='word_1_169' title='bbox 575 2073 735 2136; x_wconf 75' lang='lat' dir='ltr'><strong>tradidero</strong></span> <span class='ocrx_word' id='word_1_170' title='bbox 758 2096 872 2160; x_wconf 87' lang='lat' dir='ltr'><strong>corpus</strong></span> <span class='ocrx_word' id='word_1_171' title='bbox 900 2096 1018 2152; x_wconf 90' lang='lat' dir='ltr'><strong>meum,</strong></span> <span class='ocrx_word' id='word_1_172' title='bbox 1045 2076 1242 2148; x_wconf 70' lang='lat' dir='ltr'><strong>caudeam,</strong></span> <span class='ocrx_word' id='word_1_173' title='bbox 1267 2077 1350 2135; x_wconf 89' lang='lat' dir='ltr'><strong>eari-</strong></span> 
     </span>
     <span class='ocr_line' id='line_1_22' title="bbox 277 2152 1348 2242; baseline 0 -22"><span class='ocrx_word' id='word_1_174' title='bbox 277 2171 371 2220; x_wconf 87' lang='lat' dir='ltr'><strong>tatenr</strong></span> <span class='ocrx_word' id='word_1_175' title='bbox 406 2171 507 2219; x_wconf 89' lang='lat' dir='ltr'><strong>antem</strong></span> <span class='ocrx_word' id='word_1_176' title='bbox 529 2178 593 2218; x_wconf 92' lang='lat' dir='ltr'><strong>non</strong></span> <span class='ocrx_word' id='word_1_177' title='bbox 613 2157 763 2237; x_wconf 88' lang='lat' dir='ltr'><strong>babeam,</strong></span> <span class='ocrx_word' id='word_1_178' title='bbox 798 2157 877 2219; x_wconf 89' lang='lat' dir='ltr'><strong>nihil</strong></span> <span class='ocrx_word' id='word_1_179' title='bbox 899 2159 975 2220; x_wconf 89' lang='lat' dir='ltr'><strong>mihi</strong></span> <span class='ocrx_word' id='word_1_180' title='bbox 996 2159 1142 2242; x_wconf 82' lang='lat' dir='ltr'><strong>prodest:</strong></span> <span class='ocrx_word' id='word_1_181' title='bbox 1181 2152 1348 2236; x_wconf 64' lang='lat' dir='ltr'><strong>sed&#39;tales,</strong></span> 
     </span>
     <span class='ocr_line' id='line_1_23' title="bbox 279 2241 1351 2326; baseline 0.001 -24"><span class='ocrx_word' id='word_1_182' title='bbox 279 2264 359 2326; x_wconf 87' lang='lat' dir='ltr'><strong>quos</strong></span> <span class='ocrx_word' id='word_1_183' title='bbox 377 2263 449 2302; x_wconf 83' lang='lat' dir='ltr'><strong>vere</strong></span> <span class='ocrx_word' id='word_1_184' title='bbox 472 2241 587 2303; x_wconf 87' lang='lat' dir='ltr'><strong>Christi</strong></span> <span class='ocrx_word' id='word_1_185' title='bbox 607 2256 638 2304; x_wconf 89' lang='lat' dir='ltr'><strong>et</strong></span> <span class='ocrx_word' id='word_1_186' title='bbox 655 2246 791 2305; x_wconf 87' lang='lat' dir='ltr'><strong>veritatis</strong></span> <span class='ocrx_word' id='word_1_187' title='bbox 822 2245 933 2305; x_wconf 85' lang='lat' dir='ltr'><strong>caritas</strong></span> <span class='ocrx_word' id='word_1_188' title='bbox 955 2243 1139 2326; x_wconf 86' lang='lat' dir='ltr'><strong>perduceret</strong></span> <span class='ocrx_word' id='word_1_189' title='bbox 1164 2241 1202 2303; x_wconf 90' lang='lat' dir='ltr'><strong>ad</strong></span> <span class='ocrx_word' id='word_1_190' title='bbox 1223 2244 1351 2325; x_wconf 87' lang='lat' dir='ltr'><strong>passio·</strong></span> 
     </span>
     <span class='ocr_line' id='line_1_24' title="bbox 277 2326 1349 2407; baseline -0.002 -19"><span class='ocrx_word' id='word_1_191' title='bbox 277 2348 359 2392; x_wconf 83' lang='lat' dir='ltr'><strong>nem.</strong></span> <span class='ocrx_word' id='word_1_192' title='bbox 402 2327 486 2403; x_wconf 88' lang='lat' dir='ltr'><strong>Quid</strong></span> <span class='ocrx_word' id='word_1_193' title='bbox 508 2329 550 2388; x_wconf 89' lang='lat' dir='ltr'><strong>cis</strong></span> <span class='ocrx_word' id='word_1_194' title='bbox 572 2327 712 2390; x_wconf 83' lang='lat' dir='ltr'><strong>fecerunt</strong></span> <span class='ocrx_word' id='word_1_195' title='bbox 731 2330 914 2390; x_wconf 82' lang='lat' dir='ltr'><strong>tentationes</strong></span> <span class='ocrx_word' id='word_1_196' title='bbox 933 2326 1149 2388; x_wconf 72' lang='lat' dir='ltr'><strong>saevientium?</strong></span> <span class='ocrx_word' id='word_1_197' title='bbox 1191 2327 1349 2407; x_wconf 87' lang='lat' dir='ltr'><strong>Majorcm</strong></span> 
     </span>
     <span class='ocr_line' id='line_1_25' title="bbox 278 2402 1349 2493; baseline 0 -23"><span class='ocrx_word' id='word_1_198' title='bbox 278 2412 455 2472; x_wconf 85' lang='lat' dir='ltr'><strong>violentiam</strong></span> <span class='ocrx_word' id='word_1_199' title='bbox 474 2411 654 2474; x_wconf 84' lang='lat' dir='ltr'><strong>babuerunt</strong></span> <span class='ocrx_word' id='word_1_200' title='bbox 678 2413 762 2474; x_wconf 87' lang='lat' dir='ltr'><strong>ocnli</strong></span> <span class='ocrx_word' id='word_1_201' title='bbox 783 2411 921 2474; x_wconf 84' lang='lat' dir='ltr'><strong>ilentium</strong></span> <span class='ocrx_word' id='word_1_202' title='bbox 944 2432 1095 2485; x_wconf 86' lang='lat' dir='ltr'><strong>suorum,</strong></span> <span class='ocrx_word' id='word_1_203' title='bbox 1117 2402 1209 2493; x_wconf 78' lang='lat' dir='ltr'><strong>quani</strong></span> <span class='ocrx_word' id='word_1_204' title='bbox 1239 2432 1349 2493; x_wconf 88' lang='lat' dir='ltr'><strong>perse-</strong></span> 
     </span>
     <span class='ocr_line' id='line_1_26' title="bbox 278 2493 1347 2573; baseline -0.003 -17"><span class='ocrx_word' id='word_1_205' title='bbox 278 2500 419 2557; x_wconf 85' lang='lat' dir='ltr'><strong>cutiones</strong></span> <span class='ocrx_word' id='word_1_206' title='bbox 451 2499 674 2558; x_wconf 77' lang='lat' dir='ltr'><strong>insectantium.</strong></span> <span class='ocrx_word' id='word_1_207' title='bbox 704 2528 706 2532; x_wconf 45' lang='lat'><strong><em>⁴</em></strong></span> <span class='ocrx_word' id='word_1_208' title='bbox 735 2499 838 2573; x_wconf 92' lang='lat' dir='ltr'><strong>Quam</strong></span> <span class='ocrx_word' id='word_1_209' title='bbox 870 2496 983 2557; x_wconf 89' lang='lat' dir='ltr'><strong>multos</strong></span> <span class='ocrx_word' id='word_1_210' title='bbox 1010 2499 1089 2556; x_wconf 92' lang='lat' dir='ltr'><strong>enim</strong></span> <span class='ocrx_word' id='word_1_211' title='bbox 1115 2494 1259 2556; x_wconf 88' lang='lat' dir='ltr'><strong>tenebant</strong></span> <span class='ocrx_word' id='word_1_212' title='bbox 1277 2493 1347 2570; x_wconf 87' lang='lat' dir='ltr'><strong>filii,</strong></span> 
     </span>
     <span class='ocr_line' id='line_1_27' title="bbox 276 2579 1349 2665; baseline -0.002 -25"><span class='ocrx_word' id='word_1_213' title='bbox 276 2601 315 2641; x_wconf 90' lang='lat' dir='ltr'><strong>ne</strong></span> <span class='ocrx_word' id='word_1_214' title='bbox 335 2590 538 2662; x_wconf 84' lang='lat' dir='ltr'><strong>paterentur:</strong></span> <span class='ocrx_word' id='word_1_215' title='bbox 569 2602 666 2663; x_wconf 64' lang='lat' dir='ltr'><strong>,quam</strong></span> <span class='ocrx_word' id='word_1_216' title='bbox 691 2582 863 2643; x_wconf 89' lang='lat' dir='ltr'><strong>multorum</strong></span> <span class='ocrx_word' id='word_1_217' title='bbox 878 2581 1007 2665; x_wconf 75' lang='lat' dir='ltr'><strong>genibus</strong></span> <span class='ocrx_word' id='word_1_218' title='bbox 1026 2579 1292 2663; x_wconf 83' lang='lat' dir='ltr'><strong>provolvebantur</strong></span> <span class='ocrx_word' id='word_1_219' title='bbox 1308 2601 1349 2638; x_wconf 91' lang='lat' dir='ltr'><strong>u-</strong></span> 
     </span>
     <span class='ocr_line' id='line_1_28' title="bbox 274 2661 1348 2747; baseline -0.004 -22"><span class='ocrx_word' id='word_1_220' title='bbox 274 2686 384 2741; x_wconf 83' lang='lat' dir='ltr'><strong>xores,</strong></span> <span class='ocrx_word' id='word_1_221' title='bbox 407 2687 445 2725; x_wconf 93' lang='lat' dir='ltr'><strong>ne</strong></span> <span class='ocrx_word' id='word_1_222' title='bbox 466 2665 576 2726; x_wconf 87' lang='lat' dir='ltr'><strong>viduae</strong></span> <span class='ocrx_word' id='word_1_223' title='bbox 600 2666 874 2747; x_wconf 88' lang='lat' dir='ltr'><strong>relinquerentur:</strong></span> <span class='ocrx_word' id='word_1_224' title='bbox 895 2686 986 2747; x_wconf 90' lang='lat' dir='ltr'><strong>quam</strong></span> <span class='ocrx_word' id='word_1_225' title='bbox 1009 2664 1122 2724; x_wconf 90' lang='lat' dir='ltr'><strong>multos</strong></span> <span class='ocrx_word' id='word_1_226' title='bbox 1146 2677 1285 2746; x_wconf 86' lang='lat' dir='ltr'><strong>parentes</strong></span> <span class='ocrx_word' id='word_1_227' title='bbox 1307 2661 1348 2721; x_wconf 81' lang='lat' dir='ltr'><strong>fi-</strong></span> 
     </span>
     <span class='ocr_line' id='line_1_29' title="bbox 276 2747 1348 2830; baseline -0.001 -23"><span class='ocrx_word' id='word_1_228' title='bbox 276 2748 311 2807; x_wconf 91' lang='lat' dir='ltr'><strong>lii</strong></span> <span class='ocrx_word' id='word_1_229' title='bbox 332 2749 545 2830; x_wconf 89' lang='lat' dir='ltr'><strong>prohibebant</strong></span> <span class='ocrx_word' id='word_1_230' title='bbox 561 2753 660 2827; x_wconf 89' lang='lat' dir='ltr'><strong>mori,</strong></span> <span class='ocrx_word' id='word_1_231' title='bbox 682 2754 761 2812; x_wconf 89' lang='lat' dir='ltr'><strong>sicut</strong></span> <span class='ocrx_word' id='word_1_232' title='bbox 786 2753 926 2810; x_wconf 87' lang='lat' dir='ltr'><strong>novimus</strong></span> <span class='ocrx_word' id='word_1_233' title='bbox 950 2762 982 2811; x_wconf 92' lang='lat' dir='ltr'><strong>et</strong></span> <span class='ocrx_word' id='word_1_234' title='bbox 1002 2747 1029 2808; x_wconf 91' lang='lat' dir='ltr'><strong>le</strong></span> <span class='ocrx_word' id='word_1_235' title='bbox 1051 2751 1126 2808; x_wconf 90' lang='lat' dir='ltr'><strong>imus</strong></span> <span class='ocrx_word' id='word_1_236' title='bbox 1151 2750 1183 2807; x_wconf 92' lang='lat' dir='ltr'><strong>in</strong></span> <span class='ocrx_word' id='word_1_237' title='bbox 1203 2749 1348 2829; x_wconf 85' lang='lat' dir='ltr'><strong>passione</strong></span> 
     </span>
     <span class='ocr_line' id='line_1_30' title="bbox 276 2770 1350 2917; baseline -0.001 -25"><span class='ocrx_word' id='word_1_238' title='bbox 276 2831 384 2894; x_wconf 87' lang='lat' dir='ltr'><strong>beatae</strong></span> <span class='ocrx_word' id='word_1_239' title='bbox 405 2834 587 2917; x_wconf 91' lang='lat' dir='ltr'><strong>Perpetuae.</strong></span> <span class='ocrx_word' id='word_1_240' title='bbox 639 2836 734 2896; x_wconf 90' lang='lat' dir='ltr'><strong>Facta</strong></span> <span class='ocrx_word' id='word_1_241' title='bbox 755 2847 826 2895; x_wconf 90' lang='lat' dir='ltr'><strong>sunt</strong></span> <span class='ocrx_word' id='word_1_242' title='bbox 848 2837 927 2911; x_wconf 91' lang='lat' dir='ltr'><strong>ista,</strong></span> <span class='ocrx_word' id='word_1_243' title='bbox 955 2833 1010 2911; x_wconf 74' lang='lat' dir='ltr'><strong>sed</strong></span> <span class='ocrx_word' id='word_1_244' title='bbox 1030 2770 1175 2893; x_wconf 77' lang='lat' dir='ltr'><strong>lacrimae</strong></span> <span class='ocrx_word' id='word_1_245' title='bbox 1198 2845 1350 2912; x_wconf 89' lang='lat' dir='ltr'><strong>quantae·</strong></span> 
     </span>
     <span class='ocr_line' id='line_1_31' title="bbox 278 2915 1349 3001; baseline 0 -25"><span class='ocrx_word' id='word_1_246' title='bbox 278 2915 373 2993; x_wconf 87' lang='lat' dir='ltr'><strong>libet,</strong></span> <span class='ocrx_word' id='word_1_247' title='bbox 404 2931 436 2978; x_wconf 91' lang='lat' dir='ltr'><strong>et</strong></span> <span class='ocrx_word' id='word_1_248' title='bbox 463 2918 659 2999; x_wconf 90' lang='lat' dir='ltr'><strong>quantolibet</strong></span> <span class='ocrx_word' id='word_1_249' title='bbox 693 2920 810 3001; x_wconf 91' lang='lat' dir='ltr'><strong>impetu</strong></span> <span class='ocrx_word' id='word_1_250' title='bbox 844 2917 990 2994; x_wconf 88' lang='lat' dir='ltr'><strong>lluerent,</strong></span> <span class='ocrx_word' id='word_1_251' title='bbox 1019 2916 1178 2998; x_wconf 91' lang='lat' dir='ltr'><strong>quomodo</strong></span> <span class='ocrx_word' id='word_1_252' title='bbox 1202 2916 1349 2977; x_wconf 90' lang='lat' dir='ltr'><strong>ardorem</strong></span> 
     </span>
     <span class='ocr_line' id='line_1_32' title="bbox 104 2990 1348 3086; baseline -0.001 -25"><span class='ocrx_word' id='word_1_253' title='bbox 104 2990 266 3042; x_wconf 61' lang='lat'><strong>&#39;&#39;¹¹&#39;&#39;·¹²¹’²·</strong></span> <span class='ocrx_word' id='word_1_254' title='bbox 278 3003 414 3062; x_wconf 89' lang='lat' dir='ltr'><strong>caritatis</strong></span> <span class='ocrx_word' id='word_1_255' title='bbox 438 3004 684 3086; x_wconf 55' lang='lat' dir='ltr'><strong>extinguerent?</strong></span> <span class='ocrx_word' id='word_1_256' title='bbox 716 3004 798 3063; x_wconf 88' lang='lat' dir='ltr'><strong>Haec</strong></span> <span class='ocrx_word' id='word_1_257' title='bbox 834 3015 880 3062; x_wconf 91' lang='lat' dir='ltr'><strong>est</strong></span> <span class='ocrx_word' id='word_1_258' title='bbox 901 3005 999 3062; x_wconf 83' lang='lat' dir='ltr'><strong>virtus</strong></span> <span class='ocrx_word' id='word_1_259' title='bbox 1024 3001 1117 3076; x_wconf 88' lang='lat' dir='ltr'><strong>Sion,</strong></span> <span class='ocrx_word' id='word_1_260' title='bbox 1140 3002 1189 3061; x_wconf 90' lang='lat' dir='ltr'><strong>cui</strong></span> <span class='ocrx_word' id='word_1_261' title='bbox 1216 3013 1247 3060; x_wconf 87' lang='lat' dir='ltr'><strong>et</strong></span> <span class='ocrx_word' id='word_1_262' title='bbox 1270 2999 1348 3060; x_wconf 91' lang='lat' dir='ltr'><strong>alibi</strong></span> 
     </span>
     <span class='ocr_line' id='line_1_33' title="bbox 279 3083 1349 3169; baseline -0.002 -25"><span class='ocrx_word' id='word_1_263' title='bbox 279 3085 410 3149; x_wconf 86' lang='lat' dir='ltr'><strong>dieitur:</strong></span> <span class='ocrx_word' id='word_1_264' title='bbox 432 3086 503 3147; x_wconf 86' lang='lat' dir='ltr'><strong>Fiat</strong></span> <span class='ocrx_word' id='word_1_265' title='bbox 522 3107 581 3169; x_wconf 83' lang='lat' dir='ltr'><strong>pax</strong></span> <span class='ocrx_word' id='word_1_266' title='bbox 601 3089 634 3146; x_wconf 93' lang='lat' dir='ltr'><strong>iu</strong></span> <span class='ocrx_word' id='word_1_267' title='bbox 654 3089 770 3148; x_wconf 77' lang='lat' dir='ltr'><strong>virtute</strong></span> <span class='ocrx_word' id='word_1_268' title='bbox 791 3099 843 3147; x_wconf 90' lang='lat' dir='ltr'><strong>tua</strong></span> <span class='ocrx_word' id='word_1_269' title='bbox 854 3130 863 3163; x_wconf 91' lang='lat'>‚</span> <span class='ocrx_word' id='word_1_270' title='bbox 886 3099 917 3147; x_wconf 92' lang='lat' dir='ltr'><strong>et</strong></span> <span class='ocrx_word' id='word_1_271' title='bbox 937 3085 1127 3146; x_wconf 87' lang='lat' dir='ltr'><strong>abnndantia</strong></span> <span class='ocrx_word' id='word_1_272' title='bbox 1150 3087 1181 3143; x_wconf 91' lang='lat' dir='ltr'><strong>in</strong></span> <span class='ocrx_word' id='word_1_273' title='bbox 1203 3083 1349 3144; x_wconf 87' lang='lat' dir='ltr'><strong>turribus</strong></span> 
     </span>
     <span class='ocr_line' id='line_1_34' title="bbox 277 3167 1349 3254; baseline -0.001 -24"><span class='ocrx_word' id='word_1_274' title='bbox 277 3170 363 3230; x_wconf 89' lang='lat' dir='ltr'><strong>tuis:</strong></span> <span class='ocrx_word' id='word_1_275' title='bbox 396 3167 590 3232; x_wconf 81' lang='lat' dir='ltr'><strong>Annunciate</strong></span> <span class='ocrx_word' id='word_1_276' title='bbox 626 3174 659 3232; x_wconf 93' lang='lat' dir='ltr'><strong>in</strong></span> <span class='ocrx_word' id='word_1_277' title='bbox 687 3170 828 3232; x_wconf 83' lang='lat' dir='ltr'><strong>turribus</strong></span> <span class='ocrx_word' id='word_1_278' title='bbox 856 3172 947 3251; x_wconf 90' lang='lat' dir='ltr'><strong>ejus,</strong></span> <span class='ocrx_word' id='word_1_279' title='bbox 989 3173 1098 3254; x_wconf 90' lang='lat' dir='ltr'><strong>ponite</strong></span> <span class='ocrx_word' id='word_1_280' title='bbox 1126 3168 1349 3229; x_wconf 79' lang='lat' dir='ltr'><strong>cordavestra</strong></span> 
     </span>
    </p>

    <p class='ocr_par' dir='ltr' id='par_1_5' title="bbox 278 3254 554 3335">
     <span class='ocr_line' id='line_1_35' title="bbox 278 3254 554 3335; baseline 0.004 -22"><span class='ocrx_word' id='word_1_281' title='bbox 278 3255 311 3313; x_wconf 91' lang='lat' dir='ltr'><strong>in</strong></span> <span class='ocrx_word' id='word_1_282' title='bbox 334 3254 447 3315; x_wconf 83' lang='lat' dir='ltr'><strong>virtute</strong></span> <span class='ocrx_word' id='word_1_283' title='bbox 474 3256 554 3335; x_wconf 76' lang='lat' dir='ltr'><strong>ejus.</strong></span> 
     </span>
    </p>

    <p class='ocr_par' dir='ltr' id='par_1_6' title="bbox 101 3332 1351 3673">
     <span class='ocr_line' id='line_1_36' title="bbox 363 3332 1351 3421; baseline -0.006 -22"><span class='ocrx_word' id='word_1_284' title='bbox 363 3350 392 3406; x_wconf 68' lang='lat' dir='ltr'><strong>a.</strong></span> <span class='ocrx_word' id='word_1_285' title='bbox 436 3339 544 3398; x_wconf 83' lang='lat' dir='ltr'><strong>IDEM</strong></span> <span class='ocrx_word' id='word_1_286' title='bbox 576 3351 666 3400; x_wconf 87' lang='lat' dir='ltr'><strong>tract.</strong></span> <span class='ocrx_word' id='word_1_287' title='bbox 698 3353 727 3407; x_wconf 77' lang='lat'><strong>5.</strong></span> <span class='ocrx_word' id='word_1_288' title='bbox 760 3342 792 3401; x_wconf 94' lang='lat' dir='ltr'><strong>in</strong></span> <span class='ocrx_word' id='word_1_289' title='bbox 819 3353 846 3409; x_wconf 79' lang='lat'><strong>1.</strong></span> <span class='ocrx_word' id='word_1_290' title='bbox 883 3340 972 3401; x_wconf 87' lang='lat' dir='ltr'><strong>Joao.</strong></span> <span class='ocrx_word' id='word_1_291' title='bbox 1002 3359 1071 3421; x_wconf 89' lang='lat' dir='ltr'><strong>sup.</strong></span> <span class='ocrx_word' id='word_1_292' title='bbox 1092 3333 1194 3396; x_wconf 79' lang='lat' dir='ltr'><strong>verb:</strong></span> <span class='ocrx_word' id='word_1_293' title='bbox 1224 3334 1261 3395; x_wconf 91' lang='lat' dir='ltr'><strong>ln</strong></span> <span class='ocrx_word' id='word_1_294' title='bbox 1284 3332 1351 3394; x_wconf 88' lang='lat' dir='ltr'><strong>boo</strong></span> 
     </span>
     <span class='ocr_line' id='line_1_37' title="bbox 102 3409 1349 3506; baseline -0.003 -24"><span class='ocrx_word' id='word_1_295' title='bbox 102 3409 267 3506; x_wconf 59' lang='lat' dir='ltr'><strong>¹0,³,⁰„⁸,¹¹‚·fg¹2j</strong></span> <span class='ocrx_word' id='word_1_296' title='bbox 278 3422 430 3484; x_wconf 88' lang='lat' dir='ltr'><strong>manifesti</strong></span> <span class='ocrx_word' id='word_1_297' title='bbox 458 3434 533 3483; x_wconf 84' lang='lat' dir='ltr'><strong>sunt</strong></span> <span class='ocrx_word' id='word_1_298' title='bbox 561 3422 618 3484; x_wconf 85' lang='lat' dir='ltr'><strong>filii</strong></span> <span class='ocrx_word' id='word_1_299' title='bbox 650 3424 708 3483; x_wconf 91' lang='lat' dir='ltr'><strong>Dei</strong></span> <span class='ocrx_word' id='word_1_300' title='bbox 730 3437 807 3486; x_wconf 78' lang='lat' dir='ltr'><strong>ete:</strong></span> <span class='ocrx_word' id='word_1_301' title='bbox 838 3424 966 3501; x_wconf 88' lang='lat' dir='ltr'><strong>Omnis,</strong></span> <span class='ocrx_word' id='word_1_302' title='bbox 1003 3424 1142 3505; x_wconf 90' lang='lat' dir='ltr'><strong>quinon</strong></span> <span class='ocrx_word' id='word_1_303' title='bbox 1164 3431 1209 3480; x_wconf 89' lang='lat' dir='ltr'><strong>est</strong></span> <span class='ocrx_word' id='word_1_304' title='bbox 1230 3421 1349 3500; x_wconf 89' lang='lat' dir='ltr'><strong>justus,</strong></span> 
     </span>
     <span class='ocr_line' id='line_1_38' title="bbox 102 3477 1350 3604; baseline -0.002 -40"><span class='ocrx_word' id='word_1_305' title='bbox 102 3477 342 3604; x_wconf 44' lang='lat' dir='ltr'><strong>jfflqeffieinon</strong></span> <span class='ocrx_word' id='word_1_306' title='bbox 367 3519 412 3567; x_wconf 90' lang='lat' dir='ltr'><strong>est</strong></span> <span class='ocrx_word' id='word_1_307' title='bbox 432 3528 467 3566; x_wconf 83' lang='lat' dir='ltr'><strong>ex</strong></span> <span class='ocrx_word' id='word_1_308' title='bbox 494 3508 586 3583; x_wconf 92' lang='lat' dir='ltr'><strong>Deo,</strong></span> <span class='ocrx_word' id='word_1_309' title='bbox 620 3511 728 3589; x_wconf 87' lang='lat' dir='ltr'><strong>etqui</strong></span> <span class='ocrx_word' id='word_1_310' title='bbox 753 3530 816 3569; x_wconf 91' lang='lat' dir='ltr'><strong>non</strong></span> <span class='ocrx_word' id='word_1_311' title='bbox 844 3509 946 3592; x_wconf 77' lang='lat' dir='ltr'><strong>diligit</strong></span> <span class='ocrx_word' id='word_1_312' title='bbox 977 3507 1104 3567; x_wconf 88' lang='lat' dir='ltr'><strong>fratrem</strong></span> <span class='ocrx_word' id='word_1_313' title='bbox 1128 3524 1242 3565; x_wconf 77' lang='lat' dir='ltr'><strong>suumr·</strong></span> <span class='ocrx_word' id='word_1_314' title='bbox 1257 3502 1350 3573; x_wconf 80' lang='lat' dir='ltr'><strong>Certe</strong></span> 
     </span>
     <span class='ocr_line' id='line_1_39' title="bbox 101 3577 1351 3673; baseline -0.002 -26"><span class='ocrx_word' id='word_1_315' title='bbox 101 3603 128 3647; x_wconf 79' lang='lat' dir='ltr'><strong>tt</strong></span> <span class='ocrx_word' id='word_1_316' title='bbox 203 3577 211 3602; x_wconf 85' lang='lat'><strong>¹</strong></span> <span class='ocrx_word' id='word_1_317' title='bbox 241 3577 341 3672; x_wconf 82' lang='lat' dir='ltr'><strong>⁰&#39;jam</strong></span> <span class='ocrx_word' id='word_1_318' title='bbox 361 3591 588 3652; x_wconf 82' lang='lat' dir='ltr'><strong>manifestatum</strong></span> <span class='ocrx_word' id='word_1_319' title='bbox 613 3604 659 3652; x_wconf 87' lang='lat' dir='ltr'><strong>est</strong></span> <span class='ocrx_word' id='word_1_320' title='bbox 688 3591 769 3652; x_wconf 91' lang='lat' dir='ltr'><strong>unde</strong></span> <span class='ocrx_word' id='word_1_321' title='bbox 794 3593 893 3668; x_wconf 88' lang='lat' dir='ltr'><strong>dicat,</strong></span> <span class='ocrx_word' id='word_1_322' title='bbox 934 3604 965 3652; x_wconf 88' lang='lat' dir='ltr'><strong>et</strong></span> <span class='ocrx_word' id='word_1_323' title='bbox 994 3593 1048 3673; x_wconf 92' lang='lat' dir='ltr'><strong>qui</strong></span> <span class='ocrx_word' id='word_1_324' title='bbox 1070 3609 1134 3650; x_wconf 93' lang='lat' dir='ltr'><strong>non</strong></span> <span class='ocrx_word' id='word_1_325' title='bbox 1156 3587 1274 3671; x_wconf 85' lang='lat' dir='ltr'><strong>diligit,</strong></span> <span class='ocrx_word' id='word_1_326' title='bbox 1298 3587 1351 3644; x_wconf 61' lang='lat' dir='ltr'><strong>ina</strong></span> 
     </span>
    </p>

    <p class='ocr_par' dir='ltr' id='par_1_7' title="bbox 113 3668 1351 4263">
     <span class='ocr_line' id='line_1_40' title="bbox 278 3668 1351 3759; baseline -0.004 -26"><span class='ocrx_word' id='word_1_327' title='bbox 278 3677 365 3756; x_wconf 80' lang='lat' dir='ltr'><strong>quit,</strong></span> <span class='ocrx_word' id='word_1_328' title='bbox 390 3676 516 3735; x_wconf 78' lang='lat' dir='ltr'><strong>fratrem</strong></span> <span class='ocrx_word' id='word_1_329' title='bbox 534 3696 632 3735; x_wconf 87' lang='lat' dir='ltr'><strong>sunm.</strong></span> <span class='ocrx_word' id='word_1_330' title='bbox 689 3676 825 3736; x_wconf 89' lang='lat' dir='ltr'><strong>Dilectio</strong></span> <span class='ocrx_word' id='word_1_331' title='bbox 848 3696 922 3759; x_wconf 90' lang='lat' dir='ltr'><strong>ergo</strong></span> <span class='ocrx_word' id='word_1_332' title='bbox 943 3676 1009 3737; x_wconf 87' lang='lat' dir='ltr'><strong>sola</strong></span> <span class='ocrx_word' id='word_1_333' title='bbox 1034 3674 1180 3734; x_wconf 89' lang='lat' dir='ltr'><strong>discernit</strong></span> <span class='ocrx_word' id='word_1_334' title='bbox 1206 3674 1288 3731; x_wconf 91' lang='lat' dir='ltr'><strong>inter</strong></span> <span class='ocrx_word' id='word_1_335' title='bbox 1308 3668 1351 3730; x_wconf 83' lang='lat' dir='ltr'><strong>fi-</strong></span> 
     </span>
     <span class='ocr_line' id='line_1_41' title="bbox 277 3755 1349 3843; baseline -0.004 -25"><span class='ocrx_word' id='word_1_336' title='bbox 277 3758 417 3819; x_wconf 75' lang='lat' dir='ltr'><strong>lios&#39;Dei</strong></span> <span class='ocrx_word' id='word_1_337' title='bbox 449 3771 479 3818; x_wconf 93' lang='lat' dir='ltr'><strong>et</strong></span> <span class='ocrx_word' id='word_1_338' title='bbox 502 3757 584 3820; x_wconf 87' lang='lat' dir='ltr'><strong>filios</strong></span> <span class='ocrx_word' id='word_1_339' title='bbox 617 3758 746 3820; x_wconf 89' lang='lat' dir='ltr'><strong>diaboli.</strong></span> <span class='ocrx_word' id='word_1_340' title='bbox 796 3760 925 3843; x_wconf 81' lang='lat' dir='ltr'><strong>signent</strong></span> <span class='ocrx_word' id='word_1_341' title='bbox 947 3782 979 3822; x_wconf 87' lang='lat' dir='ltr'><strong>se</strong></span> <span class='ocrx_word' id='word_1_342' title='bbox 1008 3781 1112 3820; x_wconf 87' lang='lat' dir='ltr'><strong>omnes</strong></span> <span class='ocrx_word' id='word_1_343' title='bbox 1131 3759 1219 3838; x_wconf 85' lang='lat' dir='ltr'><strong>signo</strong></span> <span class='ocrx_word' id='word_1_344' title='bbox 1243 3755 1349 3815; x_wconf 84' lang='lat' dir='ltr'><strong>crucis</strong></span> 
     </span>
     <span class='ocr_line' id='line_1_42' title="bbox 278 3839 1351 3924; baseline -0.005 -22"><span class='ocrx_word' id='word_1_345' title='bbox 278 3842 415 3904; x_wconf 88' lang='lat' dir='ltr'><strong>Christi:</strong></span> <span class='ocrx_word' id='word_1_346' title='bbox 435 3843 654 3924; x_wconf 89' lang='lat' dir='ltr'><strong>Respondeant</strong></span> <span class='ocrx_word' id='word_1_347' title='bbox 680 3864 800 3904; x_wconf 86' lang='lat' dir='ltr'><strong>omnes:</strong></span> <span class='ocrx_word' id='word_1_348' title='bbox 822 3846 928 3904; x_wconf 85' lang='lat' dir='ltr'><strong>Amen.</strong></span> <span class='ocrx_word' id='word_1_349' title='bbox 972 3845 1105 3904; x_wconf 90' lang='lat' dir='ltr'><strong>Cantent</strong></span> <span class='ocrx_word' id='word_1_350' title='bbox 1129 3861 1248 3901; x_wconf 88' lang='lat' dir='ltr'><strong>omnes:</strong></span> <span class='ocrx_word' id='word_1_351' title='bbox 1270 3839 1351 3898; x_wconf 86' lang='lat' dir='ltr'><strong>Hal·</strong></span> 
     </span>
     <span class='ocr_line' id='line_1_43' title="bbox 277 3923 1351 4008; baseline -0.003 -23"><span class='ocrx_word' id='word_1_352' title='bbox 277 3926 393 4008; x_wconf 86' lang='lat' dir='ltr'><strong>leluja:</strong></span> <span class='ocrx_word' id='word_1_353' title='bbox 424 3926 624 4008; x_wconf 76' lang='lat' dir='ltr'><strong>baptizentur</strong></span> <span class='ocrx_word' id='word_1_354' title='bbox 663 3948 792 4004; x_wconf 82' lang='lat' dir='ltr'><strong>omnes,</strong></span> <span class='ocrx_word' id='word_1_355' title='bbox 824 3931 941 3989; x_wconf 88' lang='lat' dir='ltr'><strong>intrent</strong></span> <span class='ocrx_word' id='word_1_356' title='bbox 971 3950 1075 3998; x_wconf 79' lang='lat' dir='ltr'><strong>omnes</strong></span> <span class='ocrx_word' id='word_1_357' title='bbox 1104 3926 1272 4000; x_wconf 79' lang='lat' dir='ltr'><strong>Ecclesiae,</strong></span> <span class='ocrx_word' id='word_1_358' title='bbox 1300 3923 1351 4008; x_wconf 48' lang='lat' dir='ltr'><strong>sas</strong></span> 
     </span>
     <span class='ocr_line' id='line_1_44' title="bbox 275 4006 1351 4092; baseline -0.005 -21"><span class='ocrx_word' id='word_1_359' title='bbox 275 4012 358 4072; x_wconf 90' lang='lat' dir='ltr'><strong>ciant</strong></span> <span class='ocrx_word' id='word_1_360' title='bbox 382 4012 514 4092; x_wconf 88' lang='lat' dir='ltr'><strong>parietes</strong></span> <span class='ocrx_word' id='word_1_361' title='bbox 534 4011 749 4072; x_wconf 82' lang='lat' dir='ltr'><strong>basilicarum:</strong></span> <span class='ocrx_word' id='word_1_362' title='bbox 782 4033 845 4073; x_wconf 88' lang='lat' dir='ltr'><strong>non</strong></span> <span class='ocrx_word' id='word_1_363' title='bbox 868 4014 1086 4072; x_wconf 90' lang='lat' dir='ltr'><strong>discernuntur</strong></span> <span class='ocrx_word' id='word_1_364' title='bbox 1112 4008 1170 4070; x_wconf 89' lang='lat' dir='ltr'><strong>filii</strong></span> <span class='ocrx_word' id='word_1_365' title='bbox 1193 4009 1252 4068; x_wconf 91' lang='lat' dir='ltr'><strong>Dei</strong></span> <span class='ocrx_word' id='word_1_366' title='bbox 1270 4027 1288 4067; x_wconf 87' lang='lat' dir='ltr'><strong>a</strong></span> <span class='ocrx_word' id='word_1_367' title='bbox 1308 4006 1351 4067; x_wconf 88' lang='lat' dir='ltr'><strong>fi-</strong></span> 
     </span>
     <span class='ocr_line' id='line_1_45' title="bbox 275 4093 1351 4171; baseline -0.003 -17"><span class='ocrx_word' id='word_1_368' title='bbox 275 4093 324 4155; x_wconf 91' lang='lat' dir='ltr'><strong>liis</strong></span> <span class='ocrx_word' id='word_1_369' title='bbox 345 4093 486 4170; x_wconf 87' lang='lat' dir='ltr'><strong>diaboli,</strong></span> <span class='ocrx_word' id='word_1_370' title='bbox 505 4098 563 4156; x_wconf 90' lang='lat' dir='ltr'><strong>nisi</strong></span> <span class='ocrx_word' id='word_1_371' title='bbox 585 4099 721 4156; x_wconf 88' lang='lat' dir='ltr'><strong>caritate.</strong></span> <span class='ocrx_word' id='word_1_372' title='bbox 765 4096 828 4171; x_wconf 92' lang='lat' dir='ltr'><strong>Qui</strong></span> <span class='ocrx_word' id='word_1_373' title='bbox 851 4095 967 4157; x_wconf 88' lang='lat' dir='ltr'><strong>habent</strong></span> <span class='ocrx_word' id='word_1_374' title='bbox 994 4101 1174 4170; x_wconf 90' lang='lat' dir='ltr'><strong>caritatem,</strong></span> <span class='ocrx_word' id='word_1_375' title='bbox 1196 4095 1260 4153; x_wconf 89' lang='lat' dir='ltr'><strong>nati</strong></span> <span class='ocrx_word' id='word_1_376' title='bbox 1275 4103 1351 4152; x_wconf 88' lang='lat' dir='ltr'><strong>sunt</strong></span> 
     </span>
     <span class='ocr_line' id='line_1_46' title="bbox 113 4176 1351 4263; baseline -0.001 -26"><span class='ocrx_word' id='word_1_377' title='bbox 113 4198 311 4263; x_wconf 52' lang='lat' dir='ltr'><strong>„ommes</strong></span> <span class='ocrx_word' id='word_1_378' title='bbox 335 4176 442 4239; x_wconf 91' lang='lat' dir='ltr'><strong>DEO:</strong></span> <span class='ocrx_word' id='word_1_379' title='bbox 465 4181 520 4258; x_wconf 92' lang='lat' dir='ltr'><strong>qui</strong></span> <span class='ocrx_word' id='word_1_380' title='bbox 543 4200 629 4254; x_wconf 91' lang='lat' dir='ltr'><strong>non,</strong></span> <span class='ocrx_word' id='word_1_381' title='bbox 651 4200 716 4240; x_wconf 92' lang='lat' dir='ltr'><strong>non</strong></span> <span class='ocrx_word' id='word_1_382' title='bbox 735 4194 808 4242; x_wconf 89' lang='lat' dir='ltr'><strong>sunt</strong></span> <span class='ocrx_word' id='word_1_383' title='bbox 829 4183 892 4242; x_wconf 88' lang='lat' dir='ltr'><strong>nati</strong></span> <span class='ocrx_word' id='word_1_384' title='bbox 917 4202 951 4241; x_wconf 86' lang='lat' dir='ltr'><strong>ex</strong></span> <span class='ocrx_word' id='word_1_385' title='bbox 973 4181 1059 4243; x_wconf 89' lang='lat' dir='ltr'><strong>Deo:</strong></span> <span class='ocrx_word' id='word_1_386' title='bbox 1091 4182 1237 4262; x_wconf 83' lang='lat' dir='ltr'><strong>Magnum</strong></span> <span class='ocrx_word' id='word_1_387' title='bbox 1258 4176 1351 4259; x_wconf 88' lang='lat' dir='ltr'><strong>judi·</strong></span> 
     </span>
    </p>
   </div>
   <div class='ocr_carea' id='block_1_4' title="bbox 95 4261 1350 4361">
    <p class='ocr_par' dir='ltr' id='par_1_8' title="bbox 95 4261 1350 4361">
     <span class='ocr_line' id='line_1_47' title="bbox 95 4261 1350 4361; baseline -0.002 -37"><span class='ocrx_word' id='word_1_388' title='bbox 95 4266 263 4361; x_wconf 56' lang='lat' dir='ltr'><strong>,iffliffifi&#39;</strong></span> <span class='ocrx_word' id='word_1_389' title='bbox 276 4264 375 4337; x_wconf 89' lang='lat' dir='ltr'><strong>cium,</strong></span> <span class='ocrx_word' id='word_1_390' title='bbox 415 4282 522 4346; x_wconf 85' lang='lat' dir='ltr'><strong>magna</strong></span> <span class='ocrx_word' id='word_1_391' title='bbox 549 4262 707 4329; x_wconf 82' lang='lat' dir='ltr'><strong>discretio.</strong></span> <span class='ocrx_word' id='word_1_392' title='bbox 763 4265 927 4349; x_wconf 87' lang='lat' dir='ltr'><strong>Quidquid</strong></span> <span class='ocrx_word' id='word_1_393' title='bbox 949 4267 1016 4345; x_wconf 80' lang='lat' dir='ltr'><strong>ris,</strong></span> <span class='ocrx_word' id='word_1_394' title='bbox 1036 4262 1135 4328; x_wconf 76' lang='lat' dir='ltr'><strong>balae:</strong></span> <span class='ocrx_word' id='word_1_395' title='bbox 1158 4261 1221 4325; x_wconf 85' lang='lat' dir='ltr'><strong>boc</strong></span> <span class='ocrx_word' id='word_1_396' title='bbox 1245 4261 1350 4324; x_wconf 87' lang='lat' dir='ltr'><strong>solum</strong></span> 
     </span>
    </p>
   </div>
   <div class='ocr_carea' id='block_1_5' title="bbox 0 0 1388 4762">
    <p class='ocr_par' dir='ltr' id='par_1_9' title="bbox 0 0 1388 4762">
     <span class='ocr_line' id='line_1_48' title="bbox 0 0 1388 4762; baseline 0 0"><span class='ocrx_word' id='word_1_397' title='bbox 0 0 1388 4762; x_wconf 95' lang='lat' dir='ltr'><strong> </strong></span> 
     </span>
    </p>
   </div>
  </div>
 </body>
</html>
