2768 4762
134 400 139 411 ’
266 388 350 461 ug
588 325 715 441 sin-E
758 379 852 441 SPE
895 376 960 441 ET

96 577 372 713 ⁵*'¹„·²‘·¹⁶;’3⁸⁰”⁰
405 589 514 640 sucro
538 559 718 662 prodidit,
750 581 788 637 st
806 559 1017 637 admirabili
1041 561 1225 664 supientia
1245 591 1358 668 prae.

99 688 131 728 m·
160 682 197 710 u.
231 691 238 714 .
1074 682 1076 687 ⁴

85 728 153 766 ιι.
276 691 428 790 scripsit
455 685 650 771 omnibus)
678 684 744 783 qui
771 711 878 786 spem
901 709 1005 760 suam
1034 711 1080 761 us
1110 703 1199 763 totu
1215 694 1358 767 oratiu-

276 839 323 887 ne
344 812 498 913 cupiunt
521 812 604 883 Deo
628 806 845 909 exeplieere.

543 1094 1082 1183 setttP'rURsn.

355 1274 434 1343 Tit.
455 1278 514 1341 IL:
551 1263 773 1362 Eispectautes
796 1273 914 1340 beatam
935 1289 1073 1363 spernet
1096 1275 1261 1341 adrentum
1285 1281 1356 1367 glo-

278 1393 342 1454 riae
361 1375 464 1472 magni
484 1386 554 1446 Dei.
683 1379 687 1396 '
805 1443 808 1450 ,
1086 1402 1088 1406 ·

359 1494 442 1555 Tit.
464 1492 542 1553 111.:
564 1492 617 1553 vUt
639 1489 802 1573 justificati
824 1494 923 1577 gretia
943 1484 1064 1578 ipsius,
1087 1489 1236 1554 haeredes
1255 1496 1351 1557 simus

278 1601 447 1666 secundum
465 1620 550 1683 spem
569 1600 822 1687 ritaefflaeteruae.
1115 1627 1118 1631 ·

313 1783 317 1789 Ι
357 1687 481 1770 Hebr.
507 1703 582 1768 Νη
612 1703 765 1793 Adeamus
796 1726 873 1791 ¹ergo
904 1728 975 1769 cum
1003 1704 1120 1770 fiducia
1142 1707 1181 1770 ad
1200 1706 1352 1770 thronum

277 1819 393 1903 gratiae
428 1815 513 1895 ejus,
549 1822 586 1871 ut
619 1811 864 1874 misericordiam
892 1833 1139 1896 consequamur,
1172 1826 1203 1875 et
1223 1818 1352 1898 gratiam

277 1925 463 1986 inveniamus
487 1921 520 1979 iu
538 1914 651 1979 auxilio
675 1931 870 2002 opportuno.

361 2010 502 2090 Metti.
525 2023 597 2088 vi:
621 2025 673 2087 Sic
694 2046 770 2110 ergo
791 2046 846 2089 ros
870 2021 1018 2117 orabitis:
1039 2025 1132 2088 Pater
1152 2038 1269 2104 noster,
1292 2016 1350 2110 qui

280 2157 311 2199 es
333 2137 365 2199 in
383 2133 473 2196 caelis
494 2144 553 2193 etc.
595 2131 711 2194 Panem
735 2144 878 2194 nostrum
899 2132 1225 2216 supersubstantialem
1246 2148 1305 2196 etc.

362 2243 454 2303 Lus.
475 2239 552 2300 xi:
575 2237 618 2329 Et
634 2228 753 2317 'factum
774 2252 837 2316 est,
867 2259 939 2301 curu
965 2241 1095 2301 esset-in
1116 2239 1253 2321 quodam
1276 2242 1353 2305 loco

279 2369 393 2426 orsus,
428 2359 465 2407 ut
485 2347 631 2422 cessent,
671 2345 749 2406 dixit
768 2365 849 2407 unus
871 2367 906 2408 ex
927 2345 1084 2431 discipulis
1108 2328 1237 2427 ejused
1259 2369 1352 2410 eum:

279 2458 430 2532 Domine,
453 2453 607 2514 ducenos
629 2472 739 2530 orare,
760 2455 843 2515 sicut
872 2453 985 2515 docuit
1005 2465 1037 2515 et
1055 2452 1187 2515 loannes
1210 2455 1352 2540 discipu-

163 2619 166 2626 ,
279 2563 329 2625 los
350 2584 431 2624 suos.
474 2560 517 2622 Et
541 2561 585 2620 uit
606 2557 681 2620 illis:
706 2559 782 2622 Cum
803 2563 916 2639 oratis,
941 2560 1053 2622 diuites
1077 2560 1190 2638 Peter,
1212 2549 1353 2624 sanctifi·

279 2683 368 2729 cetur
397 2651 509 2729 numen
531 2680 639 2728 tuum:
683 2667 834 2728 Adveniat
864 2687 992 2751 regnum
1011 2678 1115 2729 tuum=
1148 2667 1266 2733 Pensm
1291 2691 1352 2731 no-

199 2816 203 2831 .
279 2790 377 2836 strum
399 2776 615 2857 quotidianum
637 2773 676 2835 da
697 2774 787 2836 nobis
809 2772 922 2834 hodie:
945 2788 976 2837 et
993 2774 1112 2835 dimitte
1132 2765 1223 2835 nobis
1237 2797 1353 2858 pecc&

237 2870 258 2945 ’,
279 2893 310 2940 ta
334 2892 460 2954 nostra,
490 2883 515 2939 si
539 2881 664 2961 quidem
695 2895 726 2942 et
738 2884 796 2963 ipsi
828 2880 1008 2943 dimittimus
1038 2884 1121 2944 omni
1145 2881 1270 2944 debenti
1288 2903 1350 2943 no·

277 2983 335 3046 bis.
380 2984 421 3046 Et
442 3006 480 3047 ue
502 3009 559 3048 nos
581 2971 767 3051 indumen
792 2990 1001 3049 tentationem.
1116 2981 1127 3017 ⁸

530 3294 563 3366 E
587 3297 620 3370 X
681 3296 709 3365 P
733 3294 768 3369 A
793 3296 827 3366 Τ
852 3296 887 3366 R
911 3296 929 3367 1
953 3297 984 3366 B
1010 3294 1044 3368 U
1069 3292 1108 3367 S.

359 3462 617 3527 AUGUSTINUS
644 3411 676 3524 iu
706 3462 835 3526 Euchir.
863 3466 903 3527 ad
935 3467 1029 3529 taur.
1062 3483 1092 3528 ο.
1116 3477 1203 3535 llll-t
1239 3465 1289 3526 De
1312 3466 1349 3526 iis

104 3531 186 3620 mii„
203 3528 242 3623 lm
277 3547 442 3623 omnibus,
464 3568 543 3630 quae
565 3545 700 3608 fideliter
714 3561 787 3609 sunt
809 3550 976 3628 credenda,
999 3571 1034 3610 eu
1055 3561 1174 3610 tuntum
1196 3547 1236 3612 ed
1262 3571 1351 3632 spem

104 3630 148 3661 ‘¹'
166 3626 252 3675 ⁰''·¹‘·''
276 3633 451 3716 pertinent,
489 3652 568 3712 quae
597 3633 630 3690 iu
655 3635 796 3693 oratione
812 3635 976 3697 Dominic'a
998 3636 1206 3694 continentur.
1249 3633 1353 3695 Mult-

103 3715 243 3805 04¹¹⁸f⁰⁰⁸⁵
279 3719 379 3777 dictus
404 3727 451 3775 est
472 3719 552 3775 enim
583 3719 700 3794 omnis,
730 3719 811 3778 sicut
829 3718 932 3781 divina
952 3732 1105 3780 testantur
1127 3718 1262 3800 eloquia,
1294 3720 1351 3800 qui

164 3870 167 3875 4
201 3788 208 3810 '
276 3821 361 3886 spem
385 3800 476 3882 pouit
493 3801 526 3857 in
548 3802 688 3859 homine:
713 3821 748 3861 ac
771 3822 828 3884 per
848 3801 910 3863 hoc
931 3805 964 3864 iu
978 3805 1161 3886 semetipso,
1188 3803 1241 3882 qui
1260 3822 1352 3885 spem

276 3886 388 3968 punit,
423 3882 517 3963 hujus
547 3883 701 3945 maledieti
728 3886 855 3948 vinculo
879 3890 1057 3951 innectitur.
1077 3893 1079 3896 ’
1100 3884 1176 3946 Ideo
1198 3904 1264 3944 non
1286 3887 1349 3946 nisi

277 3989 295 4029 a
324 3968 460 4027 Do'mino
491 3967 560 4028 Deo
598 3980 703 4051 petere
735 3969 896 4049 debemus,
928 3974 1001 4055 quic
1026 3969 1081 4033 uid
1110 3989 1268 4052 speremus
1288 3990 1352 4033 not

170 4071 173 4075 ·
274 4050 323 4112 vel
338 4049 417 4112 bene
440 4063 646 4134 operaturos,
669 4051 718 4118 rel
735 4075 795 4140 pro
810 4054 902 4119 bonis
926 3994 1075 4140 operiltus
1093 4053 1274 4139 adepturos.
