2768 4762
231 354 326 477 ῃ
533 331 603 451 na
638 373 1000 450 csarrnrnnr
1040 458 1044 463 ⁸

239 585 306 649 suis
326 572 516 643 luxuriantes
531 570 714 648 vobiscum,
734 562 847 633 'oculos
863 564 1013 629 babentes
1036 559 1149 650 plenos
1173 559 1328 629 adulterii

242 703 275 755 et
301 685 491 752 incessabilis
524 681 640 742 delicti.

328 827 363 889 C.
405 825 432 885 Ι.
452 819 510 882 Th
523 840 596 881 ess.
618 815 690 879 IV.s
711 814 795 875 Haec
815 823 862 874 est
887 813 969 874 enim
988 808 1133 873 voluntas
1148 808 1228 886 Dei,
1244 829 1330 871 sanc·

244 933 378 1001 sificatio
405 941 524 992 vestra:
552 938 589 987 ut
622 923 799 985 abstineatis
817 942 873 983 vos
896 941 913 982 a
934 921 1169 998 fornicatione,
1205 931 1245 981 nt
1258 921 1328 982 sciat

246 1010 464 1126 unusquisqne
488 1047 622 1095 vestrum
649 1053 702 1091 vas
728 1004 1001 1114 sunmpossidere
1025 1030 1058 1090 in
1075 1025 1328 1091 sanctificatione

247 1164 280 1215 et
303 1149 426 1211 honore
437 1189 447 1222 ,
467 1161 533 1202 non
553 1141 584 1200 in
602 1139 745 1222 passione
765 1136 931 1217 desiderii,
952 1138 1033 1200 sient
1050 1148 1081 1199 et
1097 1147 1230 1222 gentes,
1254 1158 1328 1221 qnae

248 1261 395 1345 ignorant
414 1253 525 1313 Deum.

329 1366 416 1452 'neb
429 1380 586 1446 r.'x111.=
614 1381 809 1445 Honorabile
843 1376 1037 1445 connubium
1062 1378 1096 1440 in
1114 1380 1284 1457 omnibns,
1302 1394 1328 1444 et

248 1511 339 1564 torna
373 1489 595 1556 immaculatus.
638 1493 859 1555 Fornicatores
895 1489 976 1551 enim
1003 1499 1034 1549 et
1057 1485 1229 1587 adulteros
1248 1488 1329 1574 judi·

249 1607 336 1672 cabit
360 1605 455 1667 Deus.
529 1674 535 1689 .

335 1728 540 1824 Tob.1v.:·
565 1729 719 1798 Omnibus
742 1734 853 1798 diebus
871 1737 952 1797 vitae
974 1745 1045 1796 tnae
1063 1735 1096 1796 in
1112 1749 1219 1798 mente
1240 1734 1330 1799 babe-

251 1859 288 1913 to
313 1847 431 1907 Deum:
464 1852 494 1902 et
530 1862 621 1949 cave,
658 1863 696 1904 ne
721 1844 889 1927 aliquando
910 1855 1040 1926 peccato
1064 1846 1271 1925 consentias,
1303 1857 1329 1906 et

254 1954 482 2043 praetermittas
499 1963 665 2031 praecepta
684 1953 814 2012 Domini
838 1953 898 2014 Dei
918 1951 1029 2012 nostri.

338 2081 481 2145 Mattb.
513 2085 600 2145 XV.:
645 2086 734 2161 Quae
769 2098 869 2145 autem
901 2085 1079 2167 procedunt
1104 2086 1142 2148 de
1172 2106 1249 2163 ore,
1294 2085 1332 2146 de

255 2160 494 2255 corde'exennu
515 2204 546 2253 et
567 2213 601 2253 ea
626 2193 831 2273 coinquinant
853 2190 1018 2256 bominem.
1060 2194 1107 2256 De
1124 2192 1226 2255 eorde
1254 2195 1329 2253 enin

256 2312 368 2363 exeunt
396 2288 599 2381 cogitationes
631 2299 763 2376 malae„
783 2297 973 2379 homicidia,
994 2301 1171 2378 adulteria,
1196 2301 1323 2362 fornica·

236 2411 381 2486 'tiones,
410 2407 514 2484 furta,
557 2405 638 2466 falsa
658 2409 849 2487 testimonia,
883 2406 1104 2492 blasphemiae.
1148 2410 1234 2471 Haec
1251 2417 1322 2482 snut,
1361 2380 1364 2401 Ι

258 2536 337 2601 quae
358 2515 564 2597 coinquinant
582 2513 748 2576 hominem.

340 2648 501 2711 Daniel.
523 2650 635 2710 an:
655 2648 814 2712 Videbunt
839 2671 903 2711 eam
925 2650 1127 2733 (Susannam)
1149 2672 1237 2712 senes
1255 2670 1329 2732 quo·

260 2760 336 2823 tidie
367 2756 589 2841 ingredientem
616 2770 647 2817 et
671 2757 932 2831 deambulantem,
963 2770 994 2819 et
1007 2772 1192 2820 exarserunt
1209 2761 1240 2819 in
1262 2778 1331 2818 con·

259 2868 479 2939 cupiscentiam
502 2865 587 2945 ejus,
623 2876 654 2923 et
671 2876 849 2945 euerterunt
868 2886 988 2926 sensnm
1014 2886 1124 2944 snum,
1149 2880 1183 2928 et
1201 2865 1331 2927 declina·

257 2986 371 3036 verunt
390 2970 502 3033 oeulos
517 2991 613 3048 suos,
637 2984 673 3031 ut
696 2993 759 3032 non
782 2971 924 3033 viderent
942 2973 1076 3052 caelum,
1105 2994 1211 3057 neque
1233 2993 1332 3034 recor·

259 3084 408 3146 darentur
423 3080 617 3162 judiciorum
639 3083 807 3160 justorum.
850 3079 951 3141 Erant
968 3103 1042 3165 ergo
1064 3080 1159 3144 ambo
1185 3079 1332 3142 vulnerati

258 3214 364 3256 amore
384 3193 472 3274 ejus,
495 3209 552 3248 nec
574 3168 789 3249 indicaverunt
817 3186 878 3248 sibi
903 3190 1036 3249 vicissim
1059 3187 1208 3250 dolorem
1234 3209 1331 3251 sunm:

259 3297 485 3362 erubescebant
502 3298 582 3356 enim
598 3295 736 3355 indicare
754 3296 815 3357 sibi
851 3298 1134 3379 concupiscentiam
1166 3318 1259 3358 snam
1285 3307 1332 3356 etc

259 3410 303 3471 Et
322 3412 354 3470 in
374 3407 435 3469 fine
458 3406 585 3488 capitis:
607 3404 649 3464 Et
669 3402 747 3464 dixit
766 3406 794 3465 ei
821 3404 951 3466 Daniel:
974 3404 1082 3464 Semeu
1103 3402 1278 3481 Cbanaan,
1311 3411 1334 3460 et

146 3573 154 3583 ,
259 3538 325 3579 non
348 3517 452 3592 Juda,
480 3519 596 3596 species
627 3510 750 3595 decepit
775 3524 826 3588 te,
862 3522 893 3573 et
915 3512 1169 3597 concupiscentia
1186 3510 1336 3572 subvertit

262 3645 319 3686 cor
344 3637 444 3686 tuum.

345 3758 370 3821 I.
398 3756 490 3817 Tim.
523 3754 580 3816 V.:
627 3753 898 3816 Adolescentiores
939 3752 1048 3816 viduas
1078 3752 1191 3816 devita.
1269 3752 1337 3814 Can
1377 3754 1379 3821 l

220 3843 222 3847 Ι
262 3866 344 3927 enim
373 3865 545 3927 luxuriatae
568 3863 685 3924 luerint
711 3863 744 3921 in
762 3860 958 3937 CHRISTO,
980 3861 1101 3922 nubere
1120 3861 1259 3942 volunt,
1290 3862 1340 3924 ba-

260 3972 369 4034 bcntes
402 3969 649 4048 damnationem,
682 3976 754 4051 qula
781 3970 911 4051 primam
933 3965 1026 4030 fidem
1046 3968 1169 4033 irritam
1187 3970 1339 4033 fecerunt

262 4078 362 4140 Simul
386 4090 488 4139 autem
507 4089 539 4138 et
555 4080 674 4139 otiosae
693 4074 819 4137 discunt
837 4078 969 4138 circuire
988 4076 1119 4156 domos,
1145 4098 1216 4140 non
1242 4079 1342 4141 solnm

263 4190 404 4264 otiosae,
443 4183 499 4245 sed
529 4196 562 4246 et
592 4184 742 4247 verbosae
772 4195 804 4245 et
838 4185 1002 4265 curiosae,
1035 4185 1229 4271 loquentes,
1267 4204 1343 4274 qnae

261 4314 328 4359 non
346 4303 486 4382 oportet.
875 4366 882 4373 ι
1378 4326 1380 4393 p

1378 4396 1380 4421 l
