2768 4762
393 308 789 378 Pnanreusunouaa
819 309 1041 380 Bucconis.
1145 293 1149 296 ⁵
1299 311 1340 381 V

173 509 448 594 Admonemus,
475 509 574 603 quod
600 510 688 580 benc
713 510 928 581 notandum
955 518 1020 599 cst,
1048 532 1114 581 nos
1140 509 1195 581 nil
1219 508 1328 581 aliud

73 659 118 706 ac
155 634 294 706 datum
327 641 364 705 et
398 632 541 703 donum
566 634 744 703 Busaei
779 635 952 723 reddere,
988 634 1110 705 denuo
1144 631 1236 705 dare
1266 658 1327 705 vo·

73 760 194 829 luisse·
255 756 404 828 Passim
440 779 601 849 namque
640 766 794 829 tantum
836 761 979 852 aliquos
1012 759 1108 828 locos
1141 754 1328 857 ejecimus.⁴

69 887 118 953 In
155 880 463 958 annotationibus
502 904 589 951 vero
632 880 800 951 locorum
835 906 964 952 sacrae
1001 883 1209 974 scripturae
1241 903 1325 953 non

69 1007 194 1077 solum
224 1028 398 1076 numeros
426 1007 615 1100 capitum,
652 1004 716 1073 sed
735 1003 851 1075 etiam
874 1029 1051 1075 versuum
1075 1014 1319 1092 cunctorum,

68 1129 168 1221 quod
190 1130 399 1221 antiquitus
419 1154 495 1201 non
510 1126 658 1230 fiebat,
685 1150 751 1196 nec
773 1137 937 1220 tempore
954 1129 1092 1199 Busaei
1103 1123 1197 1227 fieri
1216 1136 1321 1221 pote·
1352 1198 1357 1205 ,

12 1285 15 1288 ·
67 1260 155 1340 rat,
207 1251 488 1346 diligentissime
524 1249 873 1343 accuratissimeque
916 1242 1183 1345 apposuimus,
1226 1273 1321 1344 quac
1352 1252 1355 1257 ’

66 1400 125 1448 res
140 1372 227 1474 suit
250 1377 450 1471 permagni
475 1373 622 1444 laboris.

170 1623 376 1691 Caeterum
400 1619 479 1689 Deo
507 1618 619 1691 Patri
641 1619 801 1690 Domini
821 1615 950 1689 Nostri
970 1617 1057 1689 lesu
1084 1615 1222 1685 Gliristi
1234 1639 1320 1709 gra-

72 1742 147 1810 tias
174 1739 324 1834 agimus
349 1764 464 1834 quam
495 1743 702 1830 maximas,
737 1743 837 1836 quod
858 1741 1050 1812 hominem
1071 1739 1322 1810 invenerimus

66 1870 241 1953 sumptus
256 1885 330 1931 non
355 1863 506 1958 exiguos
530 1865 826 1959 impendentem,
854 1867 921 1957 qui
937 1864 990 1934 ad
1017 1865 1086 1933 hoc
1112 1886 1207 1957 opus
1237 1871 1320 1933 tarn

23 2023 38 2039 =
62 1985 185 2077 ampli
205 1984 424 2076 voluminis,
453 1989 561 2079 idque
583 1990 623 2058 in
640 1998 723 2059 tarn
743 1983 1084 2083 splendidaforma
1098 1987 1318 2080 imprimen-

64 2106 158 2177 dum
190 2111 382 2180 necessarii
415 2120 529 2200 sunt,
569 2133 790 2203 summaque
817 2111 1009 2180 laetamur
1038 2107 1205 2192 laetitia,
1240 2133 1318 2180 non

64 2230 160 2299 lucri
194 2255 308 2302 causa
343 2237 474 2322 (sanet
500 2206 706 2327 postulatio
726 2233 840 2326 pretii
869 2242 1006 2303 nostra
1022 2242 1075 2302 est
1101 2233 1213 2303 valde
1237 2223 1316 2301 exi-

59 2350 187 2448 gua),
214 2355 278 2423 scd
296 2356 394 2447 quod
420 2366 504 2427 tam
529 2356 713 2425 eximium
735 2365 773 2426 et
792 2356 1161 2448 praestantissimum
1176 2356 1316 2425 verita-

62 2479 112 2545 tis
130 2476 425 2550 instrumentum
445 2482 648 2574 (organon)
673 2478 715 2546 in
736 2500 874 2548 rnanus
895 2476 1149 2567 plurimorum
1168 2501 1236 2570 pro
1259 2500 1316 2547 ve·

60 2600 178 2670 ritate
185 2593 397 2703 fortissime
415 2578 673 2698 pugnantium
694 2602 884 2694 peruenire
902 2598 1029 2693 possit.
1119 2591 1122 2598 ’

162 2847 278 2918 Nolui
302 2855 339 2919 ct
356 2849 447 2919 lruic
466 2846 619 2918 editioni
640 2846 778 2919 Busaei
800 2869 937 2918 nomen
955 2871 1084 2918 meum
1105 2869 1314 2943 apponere,
1346 2884 1350 2891 ·

58 2968 170 3038 sicuti
205 2970 246 3040 in
279 2973 457 3043 curandis
483 2973 667 3067 prioribus
701 2970 923 3041 editionibus
951 2973 1071 3065 operis
1099 2971 1312 3065 originalis,

59 3115 126 3161 nec
149 3117 224 3162 non
249 3093 287 3164 in
307 3098 485 3168 vertendo
505 3096 632 3169 eodem
654 3095 747 3165 libro
771 3095 910 3164 Oanisii
919 3119 932 3185 3
956 3118 1049 3164 nam
1068 3119 1127 3165 me
1150 3118 1226 3164 non
1242 3117 1313 3187 pu·

37 3216 143 3285 tavi
166 3215 324 3312 dignum
332 3269 344 3319 ,
386 3221 449 3311 qui
472 3243 608 3291 nomen
638 3240 765 3328 meum
788 3218 892 3287 omni
906 3196 1067 3309 pondere
1092 3244 1221 3290 carens
1248 3243 1312 3290 no-

57 3338 155 3407 mini
175 3342 466 3433 praeclarissimi
480 3351 516 3412 et
528 3340 837 3412 venerandissimi
856 3341 960 3429 Viri,
997 3345 1036 3412 in
1054 3339 1174 3438 sama
1205 3367 1312 3415 sanc·

59 3461 183 3533 titatis
196 3466 305 3553 obiti,
332 3467 582 3561 apposuerim.
633 3471 682 3538 At
697 3474 782 3537 vero
809 3475 854 3536 ut
862 3462 1112 3561 frequentiori
1130 3467 1312 3563 graviori·

26 3578 128 3678 'quc
159 3590 406 3682 postulationi
430 3587 676 3687 satisfaciam,
703 3588 808 3659 istud
840 3585 941 3685 infra
972 3593 1130 3683 apposui
1155 3593 1312 3663 Doctori

57 3710 231 3783 maxime
242 3715 466 3803 venerando,
495 3717 536 3785 in
550 3714 660 3785 odore
674 3714 888 3785 sanctitatis
899 3710 1097 3811 defuneto,
1127 3713 1313 3813 quijuxta

55 3832 205 3906 dictum
226 3836 393 3908 Danielis
426 3837 533 3935 (XII.
560 3845 610 3925 ὅ.)
635 3834 803 3934 fulgebit
837 3840 943 3930 quasi
974 3839 1150 3932 splendor
1169 3835 1313 3938 firma·

57 3958 186 4046 menti,
211 3967 249 4030 et
271 3964 360 4055 quia
377 3963 428 4033 ad
445 3961 637 4061 justitiam
650 3962 812 4033 erudivit
829 3964 985 4050 multos,
1013 3965 1118 4056 quusi
1130 3964 1258 4034 stellae
1273 3966 1311 4034 in

60 4091 257 4174 perpetuos
286 4088 545 4174 aeternitates,
573 4087 813 4181 supplicans,
843 4096 888 4157 ut
908 4089 984 4180 ipse
1007 4110 1087 4157 una
1114 4112 1202 4158 cum
1230 4090 1313 4160 Vir·

53 4199 144 4294 gine
159 4207 360 4303 Dcipara,
380 4234 495 4303 quam
512 4211 698 4307 singulari
721 4235 810 4282 cum
827 4210 1017 4281 deuotione
1044 4232 1189 4304 semper
1209 4232 1314 4282 vene·
