2768 4762
438 374 615 524 brusca
635 421 661 483 ι
683 421 712 484 o
736 422 762 485 c
789 421 828 486 o.
1084 429 1173 521 ιφ
1264 446 1266 453 >

94 634 165 677 cum
186 608 244 676 illo,
269 604 328 668 alia
348 605 424 668 duo.
468 605 533 683 Qui
557 611 637 690 petit
658 621 748 687 ate,
770 607 809 669 da
834 610 885 687 ei,
909 621 939 670 et
960 608 1077 671 volenti
1097 617 1169 673 mu'-

94 735 183 783 tuare
203 738 221 778 a
241 728 309 790 tc,‘
323 716 541 800 neavertaris.
583 716 738 792 Audistis,
762 722 836 798 quia
858 717 975 777 dictum
997 729 1063 778 est:
1085 718 1169 791 Dili-

94 851 145 913 ges
168 826 342 911 proximum
364 833 464 898 tuum,
481 804 517 881 'et
543 823 617 885 odio
638 822 768 884 habebis
791 826 946 884 inimicum
967 836 1065 885 tuum.
1099 825 1167 909 Ego
1178 848 1272 899 uam,
1287 857 1319 897 te.

95 948 195 997 autem
218 912 289 992 dico
310 927 418 990 vobis:
440 928 569 1012 Diligite
591 933 731 992 inimicos
754 943 895 1008 vestros,
917 930 1090 993 benefacite
1107 932 1167 1012 his,

95 1044 151 1126 qui
183 1040 319 1102 oderunt
351 1058 427 1114 vos,
459 1049 491 1096 et
523 1048 610 1098 oratc
626 1052 711 1119 pro·
721 1038 979 1122 persequentibus
1001 1053 1032 1100 et
1053 1040 1170 1102 calum-

96 1147 256 1210 niantibus
277 1165 353 1222 ros,
376 1156 412 1205 ut
433 1146 499 1204 sitis
521 1142 578 1203 lilii
600 1148 697 1229 patris
719 1148 836 1223 vestri,
868 1147 923 1226 qui
947 1151 979 1204 in
1001 1141 1090 1208 caelis
1112 1161 1167 1228 est,

99 1260 155 1340 qui
177 1255 273 1317 solem
294 1273 384 1313 suum
407 1254 485 1314 oriri
507 1252 583 1312 lacit
603 1272 698 1335 super
718 1251 820 1313 bonos
842 1249 1011 1328 etmalos,
1032 1265 1063 1314 et
1085 1253 1169 1339 pluit

91 1384 188 1446 super
220 1364 323 1444 justos
361 1370 391 1419 et
428 1359 572 1440 injustos.
615 1358 648 1417 Si
671 1362 751 1419 enim
779 1359 906 1442 diligitis
929 1380 1003 1434 eos,
1036 1361 1090 1443 qui
1112 1351 1199 1437 ms.

64 1470 248 1554 diligunt,
289 1487 381 1549 quam
413 1464 586 1533 mercedem
609 1462 791 1526 babebitis?
824 1487 927 1526 nonne
957 1479 988 1527 et
1007 1466 1169 1549 publicani

63 1577 154 1638 'hoc
186 1573 329 1636 faciuntl
371 1572 414 1632 Et
445 1574 471 1632 si
506 1571 711 1632 salutaveritis
746 1574 858 1635 fratres
892 1585 1010 1656 vestros
1040 1586 1168 1640 tantum,

92 1681 173 1765 quid
196 1678 324 1762 amplius
346 1677 471 1739 facitis?
494 1699 597 1739 nonne
619 1691 649 1738 et
671 1677 786 1739 ethnici
807 1677 870 1740 hoc
893 1679 1038 1742 faciunt?
1058 1662 1169 1768 Estote

99 1810 153 1870 erg
156 1808 175 1845 ο
215 1806 270 1846 vos
300 1785 454 1869 perlecti,
488 1786 572 1848 sieut
607 1797 637 1847 et
667 1798 757 1870 pater
788 1798 889 1848 vester
921 1786 1057 1850 caelestis
1093 1810 1170 1874 per·

94 1894 198 1955 lectus
220 1904 276 1957 est.
1188 1958 1191 1963 ,
1227 1952 1231 1965 ,

176 2000 285 2060 Item
305 1999 445 2065 XVIII.:
477 1999 635 2061 Accedent
655 1999 770 2060 Petrus
792 1999 832 2068 ad
853 2020 947 2079 eum,
969 2000 1064 2062 dixit.
1097 2003 1167 2064 Do-

87 2108 184 2182 mine,
208 2106 329 2187 quoties
352 2103 496 2189 peccabit
516 2109 554 2167 ‘in
574 2129 623 2193 me
644 2107 743 2168 srater
763 2127 868 2185 meus,
891 2119 922 2169 et
943 2107 1094 2191 dimittam
1116 2110 1165 2171 ei?

87 2234 186 2296 usque
215 2213 353 2296 septies?
393 2213 482 2274 Dixit
516 2212 564 2298 illi
594 2213 736 2283 JESUS:
775 2213 847 2274 Nou
881 2213 953 2277 dico
987 2217 1045 2278 tibi
1066 2240 1165 2301 nsque
1199 2289 1201 2293 1

88 2322 219 2403 septies,
244 2319 297 2378 sed
318 2339 417 2398 usque
438 2322 610 2400 septuagies
626 2323 748 2402 septies.
791 2319 933 2381 Ibidem:
954 2323 1065 2386 Nonne
1090 2320 1165 2410 ergo

93 2427 240 2507 oportuit
267 2436 298 2482 et
330 2436 360 2482 te
382 2423 520 2482 misereri
542 2427 684 2484 conservi
705 2427 775 2500 tui,
807 2426 888 2486 sicut
909 2438 940 2487 et
961 2451 1018 2514 ego
1040 2434 1088 2492 tui
1109 2435 1168 2492 mi-

90 2543 193 2592 sertus
215 2528 306 2589 sum?
327 2540 385 2589 etc.

176 2638 252 2713 Luc.
273 2634 349 2696 vt:
370 2633 541 2710 Dimittite‚
574 2646 604 2694 et
625 2632 832 2697 dimittemini.
1034 2717 1037 2726 1

180 2745 302 2810 Marc.
322 2741 401 2804 XL:
434 2741 519 2803 Dum
540 2739 660 2804 stabitis
682 2742 721 2805 ad
743 2743 917 2820 orandum,
953 2742 1115 2824 dimittite,
1137 2752 1164 2811 si

87 2850 168 2934 quid
189 2849 312 2911 habetis
333 2849 479 2911 adversus
502 2849 653 2932 aliquem,
678 2863 714 2912 ut
735 2863 767 2913 et
787 2864 877 2935 pater
896 2863 1017 2930 vester,
1052 2855 1109 2935 qui
1131 2856 1165 2916 in

87 2957 182 3021 ceolis
202 2969 271 3035 cet,
305 2957 440 3019 dimittat
459 2957 549 3019 robis
569 2971 696 3043 peccata
715 2969 819 3020 restra
837 2971 895 3020 etc.

172 3060 291 3129 Pron.
312 3063 446 3127 XXIV.=
474 3064 521 3127 Ne
542 3065 643 3128 dicas:
678 3066 753 3144 Quo
775 3066 870 3129 modo
904 3066 979 3127 fecit
999 3065 1096 3145 mibi,
1118 3068 1162 3129 sic

85 3173 199 3236 faciam
220 3172 265 3234 ela
297 3170 425 3232 reddam
445 3176 614 3256 unicuique
634 3150 803 3236 sedandum
832 3195 912 3259 opus
934 3193 1034 3234 suum.
1110 3248 1114 3258 1

173 3278 325 3362 Ephes.
349 3279 427 3341 lt:
463 3260 572 3343 Estote
607 3284 736 3354 invicem
762 3282 911 3367 benigni,
933 3280 1160 3359 misericordes,

86 3386 239 3449 donantes
282 3387 429 3468 invicem,
470 3389 552 3450 sicut
586 3401 618 3451 et
654 3390 738 3452 Dens
772 3392 807 3451 in
849 3386 1025 3452 CHRISTO
1062 3389 1163 3451 dona-

84 3497 134 3557 rit
153 3493 254 3557 vobis.

574 3661 661 3739 XV.

232 3839 343 3952 Quid
370 3839 495 3927 habet
527 3862 689 3926 sextum
717 3850 1019 3960 praeceptum?

191 4031 233 4100 A.
283 4031 461 4104 Prohibet
495 4031 801 4119 fornicationem,
838 4033 1083 4121 adulterium,
1121 4019 1203 4122 et.q
1189 4019 1338 4149 ⁰‚'‘32²,⁰.b}.⁰,2.'{

1221 4126 1294 4165 ⁰2,ss
1303 4130 1338 4169 tq.

88 4176 235 4224 omnem
261 4154 498 4228 concubitum
525 4156 778 4258 illegitimum,
799 4183 844 4231 ao
867 4159 1048 4260 impuram
1066 4181 1153 4255 qua·
1157 4126 1203 4261 ΞΞ
1205 4146 1337 4261 ’33133133

1166 4265 1336 4312 ιιμειΕοοΙι

85 4273 312 4374 lemcunque
327 4277 539 4355 libidinem.
821 4323 824 4329 ·
841 4356 844 4361 ,
1166 4323 1199 4362 ιι,
1207 4322 1238 4359 ιι
1252 4324 1270 4359 ι
1281 4314 1335 4354 cor·
