2768 4762
411 376 817 455 'oncaaooo
1007 354 1014 366 “
1082 402 1165 473 m

158 572 308 658 Ephes.
330 568 408 633 Nn
439 571 505 649 Qui
530 571 715 652 furabatur,
741 574 806 656 jam
832 593 898 636 non
918 575 1062 638 furetur:
1092 598 1158 641 tna·

72 687 122 770 gis
155 694 256 743 autem
282 676 618 763 laboret,'operando
648 680 790 743 manibus
818 684 904 762 suis,
925 682 1014 765 quod
1035 685 1158 749 bouum

73 805 145 868 est,
168 800 204 849 ut
224 785 355 864 habeat,
375 786 459 848 unde
489 791 611 895 tribuat
624 792 834 857 necessitatem
853 792 995 873 patienti.

158 921 184 983 1.
219 920 309 979 Cor.
340 915 413 977 VL:
456 918 523 979 Jam
544 919 676 1003 quidem
700 923 828 982 omnino
857 919 1005 983 delictum
1040 934 1087 985 est
1122 924 1156 986 in

69 1026 186 1103 nobis,
223 1024 311 1107 quod
337 1024 456 1105 judicia
481 1024 602 1087 habetis
633 1028 716 1088 iuter
734 1049 811 1090 νος.Ι
844 1029 949 1105 Quare
967 1049 1030 1090 non
1057 1033 1153 1117 magis

70 1136 222 1218 injuriam
241 1133 403 1216 accipitis?
427 1154 522 1216 quare
548 1153 612 1195 non
628 1137 724 1218 magis
744 1134 888 1215 fraudem
905 1138 1068 1218 patimini?
1090 1140 1153 1201 Sed

70 1264 130 1304 vos
152 1243 297 1323 injuriam
314 1241 414 1301 facitis
435 1252 466 1301 et
485 1240 658 1304 fraudatis:
681 1255 713 1304 et
734 1241 803 1323 hoc
826 1241 986 1305 fratribus.
1031 1244 1078 1306 An
1097 1266 1155 1323 ne·

69 1353 174 1427 scitis,
207 1351 280 1431 quia
310 1349 409 1429 iniqui
431 1369 560 1431 regnum
586 1348 662 1410 DEI
685 1369 752 1411 non
776 1348 1016 1433 possidebunt?
1046 1350 1154 1416 Nolite

69 1478 187 1518 errare.
231 1454 338 1537 Neque
365 1454 528 1515 fornicarii
559 1467 642 1532 eto,
673 1476 776 1538 neque
800 1457 904 1536 fures,
931 1478 1036 1541 neque
1056 1462 1152 1539 avari,

68 1586 183 1649 neque¹
200 1560 325 1646 rapac'es
348 1582 475 1645 reguum
500 1562 560 1622 Dei
581 1560 799 1647 possidebunt.

156 1696 253 1752 Luc.
273 1692 348 1754 vl.=
389 1691 422 1753 Si
443 1703 585 1752 mutuum
613 1689 762 1754 dederitis
789 1692 838 1755 his
851 1739 861 1774 ,
899 1716 916 1758 a
943 1693 1057 1778 quibus
1080 1716 1154 1780 spc-

71 1803 150 1862 ratis
182 1802 336 1883 recipere,
366 1819 445 1881 quae
475 1800 574 1883 gratia
595 1811 643 1861 est
659 1796 774 1861 vobis?
815 1799 894 1864 Nam
917 1810 949 1864 et
967 1814 1152 1887 peccatores

70 1905 293 1992 peccatoribus
326 1906 547 1984 foenerantur,
583 1917 620 1968 ut
647 1907 801 1991 recipiant
831 1908 980 1993 aequalina
1032 1907 1152 1973 Verum

68 2027 173 2075 tamen
196 2012 314 2096 diligite
337 2016 477 2074 inimicos
498 2024 639 2075 vestros:
660 2011 839 2083 benefacite
854 2025 886 2076 ct
901 2026 1046 2085 mutuum
1066 2014 1149 2095 date,

69 2119 150 2181 nihil
182 2119 253 2180 inde
275 2132 453 2205 sperantesc
484 2100 605 2182 et'erit
621 2140 738 2182 merces
751 2130 854 2183 vestra
876 2121 992 2217 multe,
1013 2134 1046 2186 ct
1062 2125 1149 2187 eritis

73 2224 131 2291 filii
176 2226 346 2307 ditissimi,
391 2227 465 2310 qnia
507 2228 575 2311 ipse
604 2218 761 2313 benignus
809 2216 978 2314 estsuper
1008 2225 1158 2315 ingratos

73 2345 106 2395 et
128 2332 234 2394 malos.
688 2358 696 2375 ¹
977 2381 981 2389 .

159 2439 249 2498 Aet.
269 2435 374 2496 Vlla:
410 2436 517 2511 Quum
543 2434 670 2498 vidisset
703 2449 804 2500 antem
835 2438 963 2519 Simon,
992 2444 1068 2524 quia
1090 2463 1150 2527 per

71 2546 305 2627 impositionem
332 2561 439 2602 manus
458 2539 687 2625 Apostolorum
719 2542 848 2604 daretur
867 2543 1004 2627 Spiritus
1017 2562 1150 2628 sanctus,

71 2651 195 2716 obtulit
227 2653 269 2715 eis
295 2650 477 2734 pecuniam,
500 2646 625 2713 dicens:
654 2649 736 2711 Date
753 2660 786 2712 et
803 2650 881 2711 mihi
906 2650 987 2712 hanc
1009 2667 1152 2735 potesta·

70 2777 154 2836 tem,
185 2771 221 2820 ut
245 2761 418 2840 cuicunque
452 2759 632 2841 imposuero
669 2777 793 2835 manus,
831 2758 964 2842 accipiat
996 2759 1149 2846 Spiritum

70 2880 223 2931 sanctum.
279 2865 391 2926 Petrus
416 2875 518 2926 autem
539 2863 617 2927 dixit
638 2866 780 2930 adeum:
811 2863 949 2928 Pecunia
968 2878 1023 2930 tua
1048 2881 1150 2931 tecum

70 2978 116 3039 sit
150 2977 180 3035 in
205 2973 428 3058 perditionem,
462 2973 611 3056 quoniam
632 2964 750 3035 donam
773 2972 834 3037 Dei
854 2975 1029 3036 existimasti
1050 2994 1152 3060 pecu·

71 3086 129 3164 nia
153 3081 316 3166 possideri.
371 3080 444 3143 Non
469 3079 589 3144 esttibi
611 3102 702 3166 pars,
736 3060 837 3163 neque
858 3101 927 3145 sors
954 3083 986 3142 in
1007 3102 1150 3144 sermone

70 3194 154 3260 isto;
188 3211 245 3250 cor
267 3191 348 3249 enim
368 3202 458 3251 tuum
490 3209 555 3250 non
580 3201 626 3249 est
657 3200 778 3250 rectum
813 3207 920 3249 coram
943 3188 1023 3251 Deo.
1065 3188 1152 3253 Poe·

71 3299 236 3360 nitentium
259 3298 364 3378 itaque
391 3317 446 3381 age
467 3297 507 3358 ab
529 3297 588 3358 hac
612 3276 750 3381 nequitia
768 3306 842 3356 tuas
873 3304 905 3356 et
933 3291 1017 3381 'roga
1038 3296 1151 3374 Deum,

71 3409 102 3469 si
134 3406 217 3466 forte
244 3406 420 3464 remittatur
441 3404 501 3466 tibi
528 3402 605 3466 haec
626 3404 774 3490 cogitatio
792 3401 899 3467 cordia
919 3407 975 3466 tni.
1018 3404 1056 3465 In
1077 3402 1151 3465 felle

73 3515 158 3575 enim
183 3511 417 3590 amaritudinis,
448 3524 479 3574 et
504 3509 695 3594 obligatione
714 3512 886 3593 iniquitatis
905 3500 997 3581 video
1023 3522 1055 3573 te
1076 3522 1150 3572 csse

73 3619 279 3703 Respondeas
301 3633 402 3680 autem
423 3618 549 3696 Simon,
571 3617 662 3679 dixit:
683 3617 858 3679 Precamini
879 3639 935 3680 vos
956 3638 1017 3702 pro
1042 3637 1091 3677 me
1111 3615 1153 3680 ad
1190 3638 1209 3663 ·-

74 3728 265 3803 Dominum,
287 3740 323 3787 ut
344 3725 424 3795 nihil
444 3728 548 3787 veniat
569 3746 663 3810 super.
688 3746 737 3786 me
763 3725 903 3804 horum,
925 3746 1005 3809 quae
1025 3723 1152 3786 dixistis.

163 3834 219 3895 lv.
240 3835 327 3918 Reg.
356 3833 415 3896 V.:
449 3834 535 3894 Dixit
556 3835 643 3895 Gieai
675 3854 757 3917 puer
789 3835 850 3915 siri
877 3833 974 3894 DEI:
1007 3832 1155 3917 Pepereit

80 3941 233 4003 Dominus
258 3965 341 4004 meus
373 3941 508 4004 Naaman
529 3940 610 4018 Syro¹
632 3943 702 4020 isti,
724 3953 846 4003 utnon
868 3941 1021 4026 acciperet
1041 3938 1081 4001 ab
1104 3958 1155 4017 eo,

82 4068 162 4131 quae
195 4052 315 4112 attuiit:
348 4052 425 4111 visit
457 4050 630 4128 Dominus,
660 4051 736 4132 quia
764 4069 889 4110 curram
921 4060 995 4133 post
1016 4068 1102 4124 eum,
1124 4057 1156 4107 et
1271 4043 1273 4049 ’

80 4157 229 4240 accipiam
249 4158 289 4220 ab
314 4181 352 4219 eo
380 4158 511 4242 aliquid.
566 4158 609 4220 Et
623 4169 745 4220 secutus
766 4169 812 4219 est
830 4158 918 4218 Gieai
938 4168 1013 4241 post
1036 4167 1155 4239 tergum

75 4264 241 4330 Naamans
274 4286 367 4351 quem
388 4274 464 4329 'eum
492 4264 619 4330 vidisset
637 4266 690 4329 ille
706 4254 881 4329 currentem
902 4264 943 4326 ad
968 4285 1019 4343 se,
1040 4261 1158 4325 desiliit

870 4388 936 4454 -24
