2768 4762
175 464 182 470 ,
254 399 351 495 1an
642 391 709 453 aa
736 389 863 452 rina
896 385 958 453 ar
1004 352 1035 412 ·’

248 576 381 641 Facilius
401 594 585 663 possumus·
603 576 706 638 dicere
721 579 751 636 in
774 573 827 637 illa
849 577 912 637 vita
929 585 1062 648 aeterna,
1103 569 1180 657 quid
1205 571 1251 649 ibi
1272 597 1338 641 non

254 667 321 739 sit,
354 683 448 745 quam
480 664 559 747 quid
598 661 643 722 ibi
670 663 719 721 sit
761 659 830 722 Non
851 673 898 722 cst
931 660 977 720 ibi
996 679 1103 734 mors,
1137 680 1201 721 non
1224 675 1271 723 cst
1290 663 1337 725 ibi

76 759 243 822 ‚ostunensis
255 749 383 824 luctus,
406 768 472 808 non
495 760 541 808 est
567 745 611 807 ibi
637 745 805 818 lassitudo,
832 765 896 805 nou
924 758 970 804 est
987 741 1169 820 infirmitas,
1198 765 1264 806 non
1289 761 1339 809 cst

75 826 140 852 Μ’
255 834 364 907 lames',
398 824 490 892 nulla¹
512 832 599 907 sitis,
623 828 727 888 nullus
751 840 872 904 aestus,
909 827 994 888 nulla
1025 839 1214 909 corruptio,
1246 828 1337 893 nulla

255 915 440 998 indigentia,
472 913 559 974 nulla
584 914 757 989 moestitia,
792 911 878 971 nulla
901 913 1036 972 tristitia.
1080 910 1162 971 Ecce
1187 912 1331 993 diximus,

257 1001 336 1082 quid
356 997 400 1059 ibi
426 1019 491 1059 nou
520 1000 568 1058 sit
613 995 700 1072 Quid
724 1008 826 1057 autem
856 996 900 1055 ibi
921 996 977 1072 sit,
1006 993 1100 1054 vultis
1123 997 1236 1057 nosse?
1265 1000 1337 1061 Hos

257 1104 313 1144 nac
348 1079 468 1145 oculus,
482 1082 576 1159 vidit,
606 1101 664 1141 neo
694 1082 778 1140 auris
809 1081 947 1155 audivit,
984 1081 1096 1138 necin
1124 1099 1181 1139 cor
1199 1080 1334 1143 bominis

76 1186 96 1220 1·
109 1176 221 1221 conas
257 1165 410 1242 ascendit,
431 1185 516 1248 ‘qtme
538 1167 735 1249 praeparavit
757 1165 841 1224 Deus
861 1162 1061 1246 diligentibus
1077 1182 1118 1222 se.
1162 1165 1196 1224 Si
1221 1168 1252 1225 iu
1275 1188 1336 1228 eor

198 1287 200 1291 ·
223 1250 226 1255 ’
252 1252 390 1313 'bominis
413 1271 479 1311 non
504 1249 658 1326 ascendit,
689 1269 747 1307 our
769 1246 902 1309 hominis
924 1246 1000 1309 illue
1014 1246 1176 1311 ascendat:
1201 1251 1335 1311 munde-

255 1349 309 1398 tur
327 1354 385 1396 cor
405 1333 445 1394 ab
467 1336 551 1394 omni
567 1332 778 1409 immunditia,
812 1347 848 1393 ut
869 1334 970 1416 possit
992 1343 1120 1416 portare
1144 1333 1257 1413 Deum,
1277 1339 1334 1416 qui

257 1431 303 1481 est
323 1436 396 1479 vera
414 1418 661 1500 sempiternaque
691 1418 821 1497 justitia.
901 1427 907 1435 “
1079 1474 1086 1489 ,

345 1516 372 1571 1.
394 1503 428 1564 Β.
472 1503 580 1562 IDEM
615 1500 805 1583 Augustinus
821 1501 875 1562 nel
902 1501 1071 1563 secundum
1099 1499 1176 1577 alios
1197 1502 1334 1588 Fulgen-

93 1641 114 1682 Η
170 1635 210 1677 ι..
240 1589 322 1677 ttius
346 1590 379 1646 iu
397 1588 432 1647 L.
455 1587 486 1647 d.
506 1585 561 1647 lid.
583 1585 622 1647 ad
645 1585 731 1645 Petr.
753 1585 842 1645 Diae.
868 1607 935 1669 cap.
967 1599 1034 1654 58.:
1062 1587 1249 1646 Firmissime
1266 1601 1336 1648 tene

80 1648 238 1730 allilia?
261 1685 292 1732 et
310 1670 485 1731 nullatcnus
508 1670 648 1746 dubites,
673 1690 737 1728 non
759 1669 860 1729 solum
879 1672 984 1731 omnes
1002 1671 1153 1753 Paganos‚
1176 1670 1335 1733 sedetiam

80 1736 238 1827 lllllailllll
263 1777 367 1817 omues
393 1755 544 1831 Iudaeos,
576 1753 752 1835 haereticos
786 1766 879 1835 atque
906 1754 1135 1831 schismaticos,
1167 1752 1223 1836 qui
1249 1770 1333 1817 extra

81 1838 236 1924 {primm
264 1830 422 1901 ecelesiam
454 1832 642 1899 catholicam*
666 1850 856 1920 praesentem
888 1836 1003 1898 finiunt
1030 1841 1142 1914 vitam,
1183 1841 1333 1925 inignem

81 1929 247 1978 ”etth-tim·
261 1930 418 1993 aeternum
440 1923 558 2000 ituros,
586 1918 640 2005 qr'ri
654 1926 780 2003 paratus
804 1934 849 1981 est
873 1922 1002 1983 diabolo
1023 1935 1053 1982 ct
1076 1921 1190 2006 angelis
1212 1926 1289 2006 ejus.

343 2000 376 2074 2¹
395 2004 452 2066 ΕΤ
467 2026 534 2093 cap.
558 2018 625 2074 troc
648 2006 837 2066 Firmissime
856 2017 926 2066 tene
950 2018 988 2066 et
1004 2005 1179 2068 nullatenus
1198 2008 1332 2088 dubites,

259 2114 322 2153 non
352 2110 479 2175 ornnes,
509 2091 564 2172 qui
594 2092 687 2151 intra*
706 2089 866 2150 ecelesiam
905 2089 1089 2151 catholicam
1116 2090 1331 2174 baptizantur,

150 2245 155 2255 Ι
259 2168 442 2259 acciep’tnr'os
475 2195 540 2234 esse
559 2175 652 2235 vitam
684 2186 854 2234 aeternam:
906 2174 960 2235 sed
990 2195 1061 2252 eos,
1099 2182 1154 2256 qul
1176 2156 1331 2261 'percepto

81 2243 247 2333 ,Sli'nffiii
262 2262 297 2320 bn
323 2248 460 2336 lismbte,
498 2265 590 2319 reete'
615 2262 730 2319 vivunt
786 2258 926 2343 Regnum
958 2260 1038 2320 enim
1067 2259 1223 2322 caelorum
1253 2265 1334 2322 sicut

82 2349 172 2382 ‘'¹'¹'¹¹¹¹'·
260 2284 401 2405 iniideles
424 2343 572 2404 haeretici
593 2355 686 2424 atquc
707 2337 891 2402 schismatici
914 2363 978 2404 non
996 2341 1177 2423 habebunt,
1209 2347 1254 2407 sic
1274 2347 1333 2421 Ca-

257 2428 369 2490 'tlrolici
392 2430 550 2488 criminosi
575 2425 736 2509 possidere
754 2446 820 2488 non
843 2438 1000 2510 poterunt
1234 2478 1237 2483 .

232 2507 241 2516 ⁶
345 2527 372 2581 1.
395 2514 436 2577 D.
458 2511 732 2573 HIERONYMUS
745 2511 784 2571 ad
797 2511 935 2572 Marcell.
949 2534 965 2571 c
990 2558 997 2570 .
1011 2508 1078 2582 1372
1092 2538 1099 2572 ε
1113 2515 1220 2591 Amen,
1231 2510 1335 2595 Aqui·

259 2598 288 2661 la
310 2602 483 2672 κεκραμένος
507 2597 669 2680 exprimitr
702 2595 790 2677 quod
812 2617 869 2657 nos
881 2639 891 2673 ,
909 2534 1053 2675 fideliter,
1074 2618 1234 2681 possumus
1247 2597 1334 2658 dice-

104 2693 176 2752 ansa
192 2688 247 2745 quit
263 2705 313 2760 re,
345 2682 474 2744 ductum
486 2681 668 2743 adverbium
683 2701 720 2741 er
740 2683 864 2741 nomine
884 2678 968 2741 fidei.
1011 2682 1124 2741 Amen:
1147 2683 1334 2766 Septrmgrn-

81 2739 205 2828 ΨΜ.
262 2780 294 2829 ta
319 2779 436 2843 quoave,
475 2765 591 2841 idest,
620 2760 690 2824 fiat:
723 2764 806 2824 unde
823 2777 854 2825 et
874 2766 906 2824 iu
927 2763 989 2826 fine
1007 2765 1159 2825 librorum
1173 2769 1216 2843 (in
1238 2770 1333 2848 quin-

262 2873 323 2934 que
347 2849 504 2932 siquidem
534 2848 692 2910 volumiua
717 2848 898 2931 psalterium
918 2849 1002 2932 apud
1023 2849 1181 2909 Hebraeos
1200 2849 1334 2912 divisum

262 2942 318 3011 est)
350 2932 420 3011 liat,
458 2931 528 3012 liat,
562 2932 802 2997 transtuleruuta
839 2933 928 3015 quod
956 2936 989 2993 in
1014 2932 1169 2995 Hebraico
1198 2933 1330 3017 legitur:

261 3019 373 3095 limen,
396 3039 501 3095 amen,
537 3038 611 3100 quo,-
629 3016 748 3078 scilicet
765 3038 800 3078 ea
814 3038 885 3078 vere
912 3017 1010 3096 dieta,
1040 3036 1120 3100 quae
1137 3031 1209 3078 sunt
1225 3039 1331 3103 snpra,

261 3101 493 3165 confirmentur.
537 3101 673 3165 Undeet
692 3101 808 3163 Paulus
832 3104 962 3181 asserit,
992 3123 1058 3166 non
1084 3122 1175 3185 posse
1195 3102 1331 3185 aliquem

81 3201 100 3235 ⁴·
113 3187 247 3238 ὓθΜΜΰ·
261 3187 450 3271 respoudere
477 3187 597 3263 Amen,
631 3185 665 3245 id
695 3200 761 3264 est,
799 3184 1000 3266 confirmare,
1045 3207 1124 3270 quae
1151 3188 1332 3268 praedicata

259 3285 353 3352 seuit,
385 3273 445 3334 nisi
467 3270 655 3335 intellexerit
672 3270 948 3354 praedicationem.

727 3486 853 3586 xxu.

174 3770 178 3780 ,
257 3656 380 3774 Estne
416 3686 513 3771 satis
540 3647 775 3770 Christiano.
803 3663 855 3766 'ea
882 3682 967 3767 sola
994 3682 1187 3785 eredere,
1224 3707 1330 3798 quae

496 3822 784 3941 complectitur
809 3821 1087 3930 Symbolum?

80 4092 169 4141 „M
187 4102 219 4144 η.
229 4090 255 4143 ι..
279 4074 282 4079 -
342 4016 406 4095 Α·
456 4010 618 4093 Primum
633 3988 672 4084 et
687 4004 848 4097 maxima¹
860 4008 1012 4107 quidem
1028 4032 1085 4100 ea,
1110 4030 1208 4107 quas
1225 4003 1335 4105 Sym.

80 4147 249 4242 ξ’,Ἀζῗρξῑξζ
262 4123 352 4210 bolo
383 4134 582 4210 traduntur
617 4132 857 4236 Apostolico,
900 4132 1016 4208 cuivis
1047 4129 1257 4219 credenda,
1296 4145 1336 4203 et

80 4245 108 4282 do
120 4243 249 4306 virginibus

81 4293 249 4347 laganae.
263 4266 415 4365 aparte¹
453 4257 664 4362 profitenda
681 4275 794 4341 ‚sunt
856 4259 924 4337 ‚Ea
961 4282 1051 4334 rere
1090 4254 1334 4359 explicatiores
