2768 4762
160 351 162 356 Α
271 397 389 470 rm,
621 384 967 451 .oummnr

94 578 459 707 qq033quqrvindiotse
523 574 732 677 ‚cupiditate
765 598 811 649 uo
851 571 1038 648 simultate
1078 572 1229 673 posita,
1271 604 1358 655 cum

93 721 157 802 3³33·
172 717 209 805 ξς,
225 721 261 801 3313
273 701 452 804 proximis
483 696 522 770 in
543 683 714 797 'g'rotism
735 688 918 781 rediisse,
953 713 993 770 et
1020 697 1137 771 ouiris
1164 725 1208 772 ex
1232 702 1358 779 animo

95 808 262 854 domm-Mar.

94 865 208 904 nosos
232 850 408 899 enorum
439 821 689 895 condonasse.
738 819 820 892 Hoc
846 834 912 909 ost·
936 820 1057 909 enim,
1096 821 1198 921 quod
1221 825 1354 899 cnut.

93 908 398 1051 ΞῖξςξόζξζὸΤΰδ
434 944 526 1020 alibi
558 943 696 1030 voluit,
735 966 820 1015 cum
850 938 1011 1015 diceret:
1039 944 1287 1040 mimmius,
1319 963 1358 1025 et

94 1060 263 1192 Nipiiffsii'gff
276 1069 531 1145 dimittemini.
581 1069 631 1138 Et
656 1065 812 1138 iterum:
841 1066 915 1138 “Si
945 1086 1023 1136 non
1051 1065 1268 1144 dimiseritis
1290 1077 1356 1147 ho·

95 1161 183 1244 {itii-⁶
193 1164 225 1245 ’ἦ
238 1163 459 1280 ''minibus,
498 1212 565 1261 uec
595 1194 706 1284 puter
742 1196 863 1259 vester
892 1171 1065 1262 dimittet
1097 1193 1198 1266 vobis
1229 1182 1363 1290 pecca}

832 1293 840 1319 .

277 1329 317 1391 tu
344 1324 485 1392 uestro.

537 1446 1085 1587 scnrrruusu

354 1685 440 1748 Thr
451 1706 467 1745 e
477 1705 508 1749 n.
526 1682 597 1744 IV.:
619 1681 790 1766 Denigrstn
800 1688 846 1745 e'st
857 1704 952 1769 super
963 1684 1114 1747 curbones
1127 1687 1220 1748 facies
1232 1707 1350 1752 eorum.

356 1794 381 1854 l.
406 1792 495 1853 Cor.
518 1791 580 1850 X.:
614 1790 686 1852 Non
712 1792 806 1852 simus
832 1793 1089 1876 concupiscentes
1103 1793 1273 1874 malorum,
1292 1798 1354 1856 sic-

243 1934 244 1940 *
274 1915 311 1964 ut
333 1914 364 1962 ot
386 1899 433 1963 illi
456 1899 698 1981 concupierunt:
722 1897 831 1981 Neque
852 1898 1040 1960 idololatrae
1061 1898 1246 1979 efficiamini,
1268 1907 1350 1965 sicut

275 2009 402 2093 qnidam
426 2027 461 2066 ex
482 2007 579 2088 ipsis:
601 2005 709 2088 Neque
731 2007 945 2082 fornicemur,
968 2010 1048 2069 sicut
1068 2008 1193 2090 quidam
1216 2029 1252 2068 er
1272 2011 1350 2089 ipsis

262 2117 422 2196 ¹fornicati
442 2124 533 2189 sunt,
555 2122 587 2172 et
609 2111 790 2175 ceciderunt
807 2132 870 2174 una
889 2112 939 2173 die
956 2111 1063 2201 viginti
1078 2117 1138 2175 trin
1160 2114 1265 2176 millia.
1287 2115 1353 2176 Ne-

274 2244 336 2306 que
364 2211 517 2305 tentemus
542 2218 719 2297 Christum,
735 2302 738 2306 A
754 2221 836 2281 sieut
861 2219 989 2302 quidum
1014 2242 1122 2284 eorum
1142 2235 1353 2301 tentaverunt,

274 2344 305 2392 ot
335 2326 573 2411 usurpentibus
610 2329 781 2411 perierunt.
832 2326 941 2410 Neque
961 2332 1245 2407 murmuraveritis,
1267 2333 1353 2391 sicut

274 2437 400 2520 quidam
421 2455 532 2496 eorum
552 2448 839 2512 murmuraverunt,
871 2447 902 2495 et
924 2438 1088 2519 perierunt
1106 2435 1145 2497 nb
1161 2441 1351 2498 ‘enter-minn-

272 2548 352 2607 tore.
395 2544 478 2606 Hneo
500 2555 602 2605 sutem
615 2544 719 2603 omnia
741 2544 772 2603 iu
794 2540 895 2626 figura
916 2543 1139 2628 contingebant
1152 2544 1230 2607 illis:
1249 2546 1351 2629 scrip-

272 2665 303 2714 tu
323 2664 396 2723 sunt
414 2663 515 2721 nutem
530 2649 569 2710 ad
596 2653 829 2734 correptionem
853 2663 991 2712 nostrum
1001 2695 1013 2730 ‚
1035 2654 1067 2713 iu
1090 2673 1171 2739 quos
1192 2649 1271 2714 fines
1292 2673 1351 2714 sae·

272 2760 417 2821 culorum
436 2758 636 2818 devenerunt.

353 2863 598 2928 Lev.xxv1.=
631 2863 729 2940 Quod
752 2867 777 2925 si
800 2885 864 2925 uon
886 2866 1047 2930 audieritis
1069 2888 1137 2946 me,
1158 2886 1216 2927 nee
1237 2866 1352 2927 seceri-

271 2976 311 3035 tis
334 2975 437 3033 omnin
458 2972 601 3033 mandata
623 2992 709 3048 mes,
742 2971 769 3031 si
790 2975 968 3056 spreveritis
990 2973 1070 3059 leges
1092 2996 1188 3053 meus,
1210 2986 1241 3037 et
1261 2975 1352 3056 judi-

271 3084 319 3142 cis
340 3101 406 3142 mon
428 3080 696 3162 contempseritis,
719 3090 838 3140 utnon
862 3079 981 3142 faciatis
1002 3104 1048 3160 ea,
1070 3104 1150 3165 quae
1169 3102 1187 3143 a
1208 3102 1257 3142 rne
1275 3102 1352 3143 nou·

271 3191 380 3250 stitutn
402 3200 496 3264 suut,
528 3198 559 3246 et
580 3184 620 3245 ad
642 3187 768 3245 irritum
789 3185 968 3268 perducatis
991 3201 1116 3272 paetum
1147 3210 1269 3267 meum,
1292 3211 1350 3272 ego

272 3316 400 3379 quoque
420 3294 497 3355 baec
520 3293 630 3355 faciam
650 3289 758 3353 vobis:
791 3291 936 3357 Visitnbo
960 3316 1016 3357 vos
1037 3294 1187 3356 velociter
1209 3297 1242 3356 in
1263 3316 1350 3380 eges·

270 3414 333 3465 tate
352 3414 384 3464 et
405 3401 540 3478 ardore,
579 3401 635 3482 qui
661 3397 808 3462 conficiat
830 3399 939 3463 oeulos
960 3414 1101 3481 vestros,
1136 3416 1167 3465 et
1188 3415 1350 3465 consumat

271 3513 385 3572 unimus
413 3521 538 3570 vestras.
580 3507 711 3569 Frustra
742 3508 849 3568 seretis
872 3522 1056 3588 sementem,
1089 3531 1169 3592 quae
1187 3509 1227 3572 nb
1247 3508 1351 3571 hosti-

271 3616 331 3678 bus
353 3614 566 3677 devorabitur.
606 3613 727 3677 Ponam
747 3614 858 3676 sseiem
871 3636 967 3677 meam
990 3630 1100 3681 contre
1122 3638 1197 3696 vos,
1229 3628 1352 3678 etcor-

272 3720 369 3786 ruetis
393 3743 498 3785 coram
518 3720 662 3784 hostibus
695 3723 822 3799 restris,
855 3734 886 3783 et
907 3722 1116 3807 subjiciemini
1138 3723 1187 3786 his
1199 3769 1210 3803 ,
1233 3724 1288 3807 qui
1313 3744 1351 3786 o·

271 3833 389 3894 derunt
408 3852 473 3892 vos.
516 3829 653 3914 Fugiotis
674 3829 795 3891 nemine
815 3844 1032 3915 persequente.
1087 3831 1268 3894 sinautem
1291 3851 1351 3892 nee

272 3942 316 4001 sic
348 3937 529 4000 obedieritis
553 3934 645 4017 mihi,
682 3935 793 3998 addam
827 3940 1043 4022 correptiones
1085 3951 1201 4001 vestras
1239 3951 1353 4024 septu-

270 4046 357 4131 pium
382 4055 514 4129 propter
536 4056 661 4127 peccatu
696 4057 813 4123 vestra,
843 4057 874 4107 et
895 4058 1055 4108 conteram
1084 4046 1263 4132 superbiam
1286 4045 1352 4107 du-

269 4154 361 4212 ritiae
389 4163 517 4212 vestrae.
571 4150 731 4234 Daboque
752 4150 843 4214 uobis
873 4151 993 4214 caelum
1014 4152 1149 4242 desuper
1182 4156 1261 4217 siout
1283 4153 1352 4216 fer·

264 4279 357 4336 rum,
391 4270 423 4321 et
442 4269 556 4321 terrum
578 4279 710 4324 aeneum.
752 4259 796 4323 Et
816 4273 955 4341 eastern,
978 4277 1057 4348 quse
1077 4276 1264 4348 sequuntur.
