2768 4762
417 310 748 381 stmsoto.
1111 307 1138 377 ὓ

155 504 196 566 11.
211 500 285 565 Cor.
297 500 354 565 X:
366 500 405 563 ln
419 501 627 587 captivitatem
640 499 812 586 redigentes
824 489 1140 573 omnemintellectum

75 613 110 675 in
131 610 317 693 obsequium
342 609 476 671 Curiam.
578 640 583 651 ·
819 610 972 687 tw

159 720 241 781 Esai.
259 716 330 778 VII.
346 718 424 798 juxt.
439 716 550 777 Lxx.=
570 714 637 779 Nisi
656 715 860 794 credideritis,
877 736 943 778 non
956 713 1144 799 intelligetis.

159 825 234 885 Luc.
252 824 293 884 Le
314 824 384 885 Non
409 826 468 885 erit
485 824 675 909 impossihile
688 824 771 909 apud
784 824 882 885 Deum
898 845 988 885 omne
1004 822 1143 883 verbum.

161 934 305 995 Hieremi.
332 932 480 993 XXXII.=
506 932 589 997 Ecce
609 956 668 1018 ego
687 934 840 995 Dominus
862 933 949 993 Deus
985 933 1145 993 universae

75 1043 196 1105 caruis:
224 1039 377 1123 numquid
401 1038 478 1100 mibi
503 1041 695 1129 impossibile
716 1042 777 1101 erit
796 1060 885 1102 omne
908 1040 1059 1106 verbumi

484 1254 752 1330 PATRES.

168 1400 354 1464 BASILIUS
372 1404 405 1462 iu
423 1401 521 1463 Serm.
543 1402 583 1463 de
601 1400 656 1461 fid.
679 1401 809 1461 confess.
830 1401 885 1460 siv.
904 1398 942 1460 de
962 1420 1034 1461 vera
1055 1412 1086 1461 et
1101 1374 1327 1481 pisill‘llid*

81 1484 139 1547 fid.
171 1488 203 1545 in
230 1488 351 1547 Ascet.:
386 1487 444 1546 Est
475 1488 572 1568 igitur
601 1483 693 1560 fides,
726 1504 835 1544 eorum
863 1505 942 1566 qnae
970 1485 1052 1545 dicta
1075 1476 1327 1570 sunt,2¹‚¹‡,}2⁹„⁶,¹,¹²“

82 1573 251 1631 assentiens
274 1568 463 1653 approbatio
480 1572 544 1627 sine
561 1567 626 1627 ulla
644 1568 860 1643 haesitatione,
884 1588 953 1626 enm
971 1569 1063 1628 animi
1084 1588 1157 1649 per-

82 1657 239 1725 suasione,
254 1652 292 1711 de
307 1673 415 1712 eorum
426 1653 563 1729 veritate,
577 1672 655 1734 quac
669 1652 726 1711 Dei
741 1672 868 1711 munere
883 1664 955 1715 sunt
970 1650 1156 1737 praedicata.

174 1734 417 1795 BERNARDUS
438 1739 468 1795 in
491 1739 578 1819 epist.
605 1736 685 1796 CXC
704 1738 743 1796 ad
766 1739 928 1796 innocent
948 1749 1050 1797 contr.
1071 1735 1159 1796 Petr.

87 1816 253 1879 Abelard.:
275 1820 309 1879 lu
330 1822 431 1901 primo
449 1820 553 1879 limine
567 1819 753 1902 Theologiae
776 1820 834 1897 (rel
846 1823 950 1903 potius
967 1819 1157 1902 stultilogiae

86 1904 176 1981 suae)
198 1900 288 1961 iidem
307 1902 415 1963 delinit
437 1906 692 1964 aestimationem:
728 1906 817 1986 qnasi
841 1908 955 1986 cuique
975 1907 1007 1964 in
1031 1926 1065 1964 ea
1086 1909 1333 1975 een-Fidenasque

86 1988 148 2045 tire
166 1997 198 2044 et
217 1985 314 2067 loqui,
335 2008 412 2069 quae
438 1988 543 2064 libeat,
561 1988 667 2067 liceat,
689 2002 743 2049 aut
764 1988 920 2072 pendeant
948 1988 1006 2050 sub
1035 1992 1154 2049 incerto
1168 1969 1274 2067 iliill'
1286 1978 1300 2007 ⁰

85 2072 118 2129 in
136 2071 220 2151 vagis
235 2091 271 2130 ac
300 2073 393 2131 variis
417 2072 616 2155 opinionibus
653 2085 778 2134 nostrae
799 2071 873 2133 lidei
898 2085 1104 2149 sacramenta,
1126 2085 1157 2132 et

86 2174 149 2214 non
164 2156 258 2237 magis
279 2168 363 2215 certa
382 2160 508 2217 veritate
527 2157 705 2220 subsistant.
749 2157 860 2217 Nonne
877 2160 903 2217 si
920 2156 1051 2219 fluctuat
1068 2155 1156 2233 fides,

87 2240 186 2299 inanis
208 2252 253 2299 est
272 2252 303 2300 et
321 2262 388 2323 spos
411 2242 537 2302 nostra?
562 2242 656 2302 Stulti
680 2263 755 2327 ergo
780 2254 930 2317 martyres
956 2245 1074 2319 nostri,
1103 2262 1158 2301 su·
1193 2244 1197 2251 ⁴

86 2325 234 2383 stincntes
261 2336 323 2383 tam
352 2324 462 2384 acerba
486 2339 620 2407 propter
643 2328 776 2399 incerta,
810 2344 867 2385 nec
892 2324 1067 2386 dubitantes
1099 2323 1157 2386 sub
1170 2318 1236 2411 ἓξὲξ·
1249 2324 1318 2365 “¹⁸¹-

87 2407 189 2467 dubio
209 2404 464 2493 remunerationis
479 2413 619 2490 praemio
635 2408 749 2468 durum
769 2430 826 2490 per
845 2412 958 2468 exitum
976 2412 1159 2470 diuturnum
1228 2399 1235 2411 ⁸

88 2494 168 2551 inire
188 2492 320 2551 exilium.
363 2493 424 2550 Sed
448 2492 538 2566 absit,
558 2504 592 2551 ut
611 2507 752 2575 putemus
780 2495 810 2550 in
831 2490 893 2551 side
912 2494 960 2551 vel
977 2515 1031 2575 spe
1053 2506 1160 2553 nostra

87 2575 228 2657 aliquid,
250 2589 286 2636 ut
307 2578 332 2635 is
354 2589 458 2657 putat,
481 2577 576 2635 dubia
597 2580 806 2638 aestimatione
829 2574 1021 2659 pendulum,
1045 2588 1075 2635 ct
1096 2597 1159 2635 non

88 2662 184 2743 magis
205 2672 306 2721 totum
326 2661 414 2741 quod
435 2664 466 2719 in
491 2680 525 2719 ca
549 2673 610 2737 est,
643 2675 727 2722 certa
752 2682 786 2723 ac
816 2659 916 2720 solida
938 2662 1066 2719 veritate
1084 2658 1162 2719 sub-

87 2748 205 2831 nixum,
227 2743 362 2806 oraculis
382 2756 413 2804 et
432 2744 587 2805 miraculis
607 2746 753 2805 divinitus
775 2765 969 2827 persuasum,
992 2742 1162 2805 stabilitum

88 2840 122 2891 et
144 2842 357 2891 consecratum
380 2841 475 2911 partu
492 2829 627 2911 virginis,
648 2832 795 2914 sanguine
815 2828 1037 2913 redemptoris,
1062 2826 1163 2911 gloria
1205 2878 1209 2885 .

90 2916 289 2999 resurgentis.
331 2914 518 2974 Testimonia
540 2916 597 2974 ista
613 2915 775 2975 credibilia
792 2912 874 2974 facta
893 2926 966 2975 sunt
987 2915 1085 2973 nimis.
1128 2910 1162 2971 si
1174 2910 1237 3003 2⁸¹¹·
1250 2921 1286 3004 ἲν
1302 2912 1324 3007 2

91 3018 159 3081 qno
183 3001 301 3075 miuus,
323 3002 388 3082 ipse
407 3012 566 3081 postremo
586 3000 713 3083 spiritus
740 2996 846 3059 reddit
865 3000 1073 3058 testimonium
1097 2997 1163 3063 sni·
1195 2974 1240 3003 ω’
1268 2976 1325 3011 '¹'

93 3083 170 3143 ritui
194 3097 320 3157 nostro,
343 3083 430 3164 quod
458 3080 514 3142 filii
542 3081 600 3141 Dei
624 3104 737 3144 snmus.
783 3082 954 3158 Quomodo
975 3103 1049 3164 ergo
1068 3078 1163 3141 sidem

93 3168 165 3250 quis
188 3167 300 3229 audeat
321 3166 425 3227 dicere
447 3168 705 3243 aestimationem,
739 3169 798 3229 nisi
823 3168 878 3247 qui
902 3168 1048 3249 spiritum
1069 3167 1162 3225 istum

90 3253 234 3313 nondum
254 3253 391 3334 accepit,
425 3252 517 3333 quire
538 3250 737 3334 Evangelium
759 3263 812 3311 aut
832 3254 973 3333 ignoret,
995 3262 1049 3311 aut
1071 3247 1164 3309 fabu-
1176 3229 1252 3273 ¹²¹³·
1266 3243 1287 3281 ⁸⁹
1304 3244 1338 3278 ¹¹·

92 3332 157 3396 lam
175 3332 282 3421 putetl
302 3336 374 3395 Scio
397 3356 448 3395 cm
470 3334 599 3413 credidi,
622 3346 654 3395 et
674 3348 775 3396 certus
799 3356 876 3409 sum,
899 3332 1164 3419 clamatAposto—
1195 3403 1201 3413 ,
1284 3402 1315 3413 ‚.

92 3418 161 3481 lus:
192 3433 224 3482 et
249 3433 286 3481 tu
306 3419 382 3479 milii
415 3418 599 3498 subsibilas,
632 3418 709 3480 fides
731 3431 776 3479 est
798 3419 987 3479 aestimatio?
1017 3418 1068 3479 Tu
1087 3400 1327 3492 mibiffsssslffl

91 3504 273 3589 ambignum
293 3506 410 3589 garris,
445 3526 509 3586 quo
539 3502 619 3564 nibil
651 3517 696 3566 est
723 3503 873 3583 certius?¹
891 3503 953 3563 Sed
975 3502 1164 3586 Augustinus
1174 3514 1251 3555 ΒΜ·

91 3590 185 3653 aliter
205 3588 299 3667 fides,
315 3591 380 3665 ¹ait,
410 3610 474 3649 non
498 3589 706 3669 conjectando
727 3588 776 3648 vel
798 3588 957 3670 opinando
978 3588 1111 3649 habetur
1132 3590 1165 3645 iu

53 3708 58 3715 ·
93 3674 193 3737 eorde
215 3676 247 3733 iu
269 3694 333 3755 quo
353 3685 414 3748 est,
437 3673 476 3733 ab
499 3694 536 3733 co
559 3677 649 3755 cujus
670 3686 731 3750 cst,
763 3672 818 3731 sed
841 3685 925 3733 certa
947 3675 1090 3749 scientia,
1112 3692 1166 3731 ao-

95 3758 246 3821 clamaute
267 3759 462 3819 conscientie.
505 3756 597 3818 Absit
618 3779 709 3841 ergo,
732 3758 832 3833 absit,
853 3768 890 3817 ut
910 3756 969 3819 bos
991 3754 1067 3817 fines
1088 3752 1165 3817 fides

94 3840 210 3905 babeat
236 3840 420 3903 Christiana.
463 3840 718 3904 Academicorum
746 3844 810 3903 sint
835 3842 910 3903 istac
930 3842 1165 3916 aestimationes,

95 3946 235 4011 quorum
256 3938 302 3987 est
330 3924 473 3987 dubitare
506 3925 544 3985 de
573 3924 733 4005 omnibus,
768 3927 847 3987 scire
868 3924 958 3987 nibil.
999 3924 1069 4026 Epo
1090 3944 1165 3985 vero

93 4032 222 4074 secum
243 4013 275 4071 in
366 4012 434 4071 'stri
455 4011 590 4094 gentiam
609 4013 790 4073 sententiam
809 4030 925 4096 pergo,
946 4023 978 4072 et
998 4031 1066 4073 ecto
1086 4030 1168 4092 qno-

94 4098 177 4158 niam
197 4116 262 4159 non
283 4117 343 4158 con
358 4093 469 4156 undar.
509 4093 618 4159 Placet
637 4094 731 4173 mibi,
764 4094 884 4173 fateor,
916 4094 1000 4159 illius
1032 4094 1072 4155 de
1104 4090 1168 4153 lide
1178 4087 1283 4132 ΝΜ·
1298 4095 1319 4127 ¹·

96 4178 252 4261 definitio,
270 4184 328 4245 eoi
349 4182 407 4245 ists
423 4182 514 4243 etiam
530 4181 628 4266 ipsam
642 4180 774 4243 latentm
788 4178 952 4243 insimulet
995 4178 1090 4242 Fides
1112 4190 1168 4239 est.

1278 1980 1284 2005 Ι

1259 2015 1310 2057 flio·
