2768 4762
439 394 777 463 SYMBOLO.
967 458 974 463 .
1099 402 1152 472 43

82 584 261 667 Recogitate
294 583 376 644 enim
406 603 490 663 enm,
524 586 581 669 qui
619 585 711 649 talem
731 583 877 647 sustinuit
899 578 1154 665 :peccatoribus

83 693 244 753 adversum
265 692 463 774 semetipsum
483 692 775 755 contradictionem:
797 703 836 753 ut
850 710 890 753 ne
899 690 1068 775 fatigemini
1085 690 1154 749 ani-

87 800 141 861 mis
173 799 284 861 vestris
321 797 510 863 deficientes.
564 798 711 862 Nondum
741 803 822 862 enim
847 798 1007 883 usquead
1028 798 1154 882 saepsi-

84 932 152 971 nem
171 911 343 985 restitistis,
365 908 510 970 adversus
528 920 689 991 peceatum
713 919 928 993 repugnantes.

167 1038 328 1125 Philip.
350 1040 411 1101 IL:
434 1038 614 1101 Humilisrit
639 1039 855 1121 semetipsum,
885 1036 986 1099 factm
1005 1029 1153 1097 obediens

83 1169 185 1233 usque
209 1147 249 1211 ad
269 1159 423 1226 mertem,
455 1158 587 1233 mortem
614 1158 716 1209 autem
740 1144 851 1205 erucis.

168 1280 278 1343 Rom.
299 1276 357 1357 V„
379 1292 414 1341 ut
437 1297 541 1363 snpra.

89 1396 92 1405 ’
168 1392 321 1475 Mattb.
342 1405 494 1469 xmus
530 1407 573 1469 Et
589 1418 721 1491 serapte
743 1422 899 1491 corpore,
916 1399 1034 1487 ioseph
1057 1394 1159 1461 invol-

84 1516 130 1577 vit
152 1515 231 1577 iilud
253 1518 286 1577 in
304 1511 435 1575 sindone
466 1510 597 1573 munda:
635 1524 666 1575 et
682 1514 790 1597 posuit
802 1511 884 1577 ittad
906 1513 940 1573 in
959 1516 1159 1572 monumento

89 1643 149 1682 suo
170 1642 274 1697 noro,
297 1618 385 1701 quod
393 1614 561 1681 §sciderat
583 1621 615 1679 in
638 1630 737 1702 petra.

99 1736 102 1741 ⁵
173 1748 253 1809 Tit.
284 1747 343 1808 IL:
388 1748 450 1826 Qui
472 1747 778 1834 dedit-semetipsum
809 1768 870 1831 pro
892 1745 1007 1823 nobis,
1042 1754 1080 1803 nt
1103 1728 1185 1801 nos'

92 1850 258 1915 redimeret
282 1852 324 1915 nb
354 1857 437 1918 omni
458 1857 643 1939 iniquitate,
677 1868 710 1921 et
737 1854 902 1918 mundaret
922 1852 985 1917 sihi
1004 1847 1161 1937 populum

90 1958 326 2043 acceptabilem,
346 1974 530 2024 sectatorem
548 1961 705 2025 bonorum
731 1982 872 2048 operum.

173 2066 262 2128 Gai,
283 2066 327 2128 L:
364 2070 429 2147 Qui
459 2069 548 2135 dedit
562 2074 758 2158 semetipsum
779 2082 839 2154 p'ro
872 2067 1008 2153 peccetis
1031 2063 1158 2140 nostris,

88 2186 125 2235 ut
147 2173 281 2257 eriperet
300 2196 357 2237 nos
375 2175 414 2237 de
434 2182 588 2260 praesenti
604 2180 730 2243 saeculo
753 2196 887 2261 nequam
908 2173 1079 2240 secundnm
1104 2192 1161 2233 vo·

90 2278 239 2341 luntatem
256 2280 316 2341 Dei
340 2295 371 2343 et
394 2283 498 2347 Petris
522 2288 634 2349 nostri.

172 2384 279 2448 Esai.
301 2386 401 2449 ult:
426 2390 499 2472 Ipse
523 2404 650 2474 peccate
672 2390 843 2454 multorum
865 2389 950 2452 tutia

80 2534 85 2543 -
177 2493 204 2552 1.
220 2492 331 2552 Petr.
351 2494 398 2553 L:
429 2494 567 2558 Scientes
595 2495 682 2578 qnod
706 2516 770 2556 non
793 2493 1054 2576 corruptibilibus
1080 2510 1159 2552 auro

87 2599 140 2663 rei
162 2610 294 2683 argento
315 2599 467 2685 redempti
486 2603 558 2663 estis
572 2601 613 2663 de
640 2621 717 2663 vana
741 2613 844 2662 restra
858 2600 1163 2679 conversationepa-
1215 2662 1220 2669 ,

90 2722 199 2771 ternae
219 2705 419 2771 traditionis:
449 2708 504 2771 sed
532 2710 672 2793 pretioso
692 2711 840 2794 sanguine
861 2708 949 2793 qnasi
968 2706 1038 2791 agui
1056 2705 1164 2765 imma-

93 2815 190 2876 culati
208 2812 326 2876 Christi
349 2828 382 2903 et
401 2818 643 2882 incontaminati.

176 2921 337 2983 Llonn.
359 2924 404 2985 L:
438 2924 472 2986 st
500 2938 602 2989 autem
627 2927 659 2985 in
681 2925 749 2987 lnce
784 2921 998 3000 ambulamus,
1030 2919 1113 2981 sient
1132 2926 1165 2978 et

96 3031 163 3114 ipse
183 3039 230 3090 est
253 3029 286 3089 in
312 3028 402 3091 inec:
435 3033 611 3094 societatem
634 3031 782 3094 hahemus
800 3030 840 3091 ad
860 3031 1009 3107 invicem,
1044 3039 1075 3088 et
1092 3044 1164 3087 san-

95 3137 164 3219 guis
186 3135 262 3233 iesu
282 3134 399 3199 Christi
425 3134 484 3201 titii
508 3141 576 3221 ejus
599 3138 744 3201 emundat
767 3159 825 3201 nos
851 3136 892 3198 ab
919 3137 1002 3197 omni
1024 3143 1163 3218 peccato.
1283 3190 1288 3201 ,

182 3242 306 3327 Apoe.
328 3244 372 3306 L:
404 3243 471 3321 Qui
506 3244 614 3311 dilexit
643 3267 722 3327 nos,
758 3258 789 3309 et
814 3246 890 3309 lavit
913 3242 1164 3328 nosspeceetis
1255 3300 1277 3305 ,,

95 3350 218 3412 nostris
239 3351 274 3412 in
295 3353 445 3437 sanguine
466 3372 536 3416 ene.

174 3455 325 3543 Ephss.
345 3460 390 3523 L:
408 3460 462 3523 .1n
489 3481 556 3544 quo
580 3459 730 3523 habemns
748 3460 993 3545 redemptionem
1010 3478 1068 3544 per
1091 3476 1170 3533 san-p

95 3564 224 3649 guinem
255 3567 324 3649 ejus
358 3566 583 3652 (remissionem
606 3569 820 3654 peecatorum)
844 3567 1013 3633 secundnm
1043 3566 1166 3630 divitis:

96 3673 215 3755 gratioe
234 3674 313 3755 ejus.

182 3778 289 3841 Rom.
311 3779 417 3842 Vnt:
452 3782 522 3866 Ipse
556 3785 636 3845 enim
664 3782 798 3866 Spiritus
830 3784 1037 3865 testimonium
1062 3779 1168 3843 reddit

98 3886 223 3968 spiritui
262 3901 390 3967 nostro,
421 3891 509 3973 quod
533 3892 638 3952 snmus
669 3887 726 3952 filit
753 3892 822 3954 Dei.
871 3889 905 3953 si
926 3902 1027 3955 autem
1045 3886 1103 3953 filii
1110 3934 1120 3968 ,
1135 3901 1167 3952 et

101 3986 268 4055 haeredes:
289 3993 436 4058 haeredes
454 3998 581 4081 quidem
603 3998 681 4078 Dei,
704 3996 890 4061 cohaeredes
914 4011 1018 4063 entem
1034 3997 1166 4060 Christi:

96 4098 123 4161 si
161 4110 264 4163 tamen
293 4107 519 4187 compatimur,
551 4118 589 4169 nt
623 4118 656 4169 et
686 4103 966 4190 conglorificemur.
1017 4107 1168 4171 Existimo

94 4206 196 4287 mim,
217 4210 306 4292 quad
330 4232 396 4276 non
417 4227 489 4277 sunt
509 4214 682 4300 condignae
700 4214 859 4300 passiones
879 4225 938 4277 stc.
