2768 4762
191 367 196 381 '
246 390 326 465 ,ω
509 399 533 450 μ
561 382 632 449 nn
665 381 927 449 caumana
959 382 1025 444 nn

211 645 214 648 ⁴
335 571 474 635 Matth.
513 570 633 635 xvm.
647 586 661 630 ε’
690 570 821 648 Videte,
864 589 908 631 ne
938 571 1143 630 contemnatis
1170 591 1271 634 unum
1303 599 1341 639 ex

249 680 390 768 pusillis:
431 680 504 743 dico
541 682 623 741 enim
659 677 769 758 vobis,
813 679 887 760 quia
917 675 1018 759 angeli
1050 696 1156 737 eorum
1190 683 1340 748 incaelis

250 807 370 874 semper
391 788 498 850 vident
520 789 630 851 faciem
651 789 750 873 patris
771 788 851 863 mei,
883 786 992 867 quiin
1018 783 1109 845 caelis
1130 799 1186 847 est.
1224 802 1228 807 ·

333 919 364 980 Η
379 917 427 982 cb
440 941 465 980 r.
488 918 533 981 1.=
554 916 667 981 Nonne
689 937 793 980 omnes
817 914 953 999 (angelD
973 928 1047 976 sunt
1079 917 1339 985 administratorii

251 1028 400 1113 spiritus,
423 1029 455 1087 in
476 1028 683 1088 ministerium
703 1028 787 1088 missi
808 1036 944 1110 propter
970 1044 1023 1085 eos
1032 1067 1045 1103 ‚
1085 1027 1140 1108 qui
1161 1024 1341 1094 haerediu-

249 1146 312 1197 tem
333 1137 457 1219 capient
478 1134 606 1196 salutis?

332 1264 435 1327 T'ob.
456 1266 552 1327 xli:
584 1265 721 1344 Quando
754 1263 865 1328 orabas
888 1285 956 1325 cum
980 1263 1114 1326 lacrimis
1151 1278 1182 1330 et
1203 1266 1338 1353 sepelie-

248 1373 304 1436 bas
340 1369 500 1450 mortuos}
536 1385 567 1435 et
589 1373 829 1457 derelinquebas
851 1372 1020 1458 prandium
1042 1384 1153 1451 tuum,
1193 1387 1224 1434 et
1246 1397 1336 1437 mor.

247 1494 319 1544 tuos
350 1471 563 1543 abscondebas
586 1504 643 1565 per
668 1482 749 1543 diem
772 1486 802 1542 in
826 1481 919 1542 domo
942 1493 1012 1559 tun,
1036 1493 1066 1541 et
1088 1493 1180 1541 nocte
1204 1484 1338 1566 sepelie-

246 1586 303 1650 bas
337 1610 407 1667 eos,
449 1610 505 1673 ego
539 1589 640 1651 obtuli
682 1591 855 1651 orationem
889 1601 976 1650 tuam
1004 1589 1152 1651 Domino.
1196 1588 1239 1650 Et
1260 1594 1336 1674 quia

247 1711 394 1783 acceptus
416 1719 483 1758 eras
505 1698 592 1776 Deo,
628 1697 749 1760 neccsse
772 1698 857 1775 suit,
899 1708 936 1760 ut
965 1704 1097 1760 tentatio
1118 1696 1268 1783 probaret
1288 1711 1332 1762 te.

246 1804 290 1866 Et
311 1826 394 1865 nunc
416 1807 498 1892 misit
520 1826 569 1867 me
586 1806 763 1883 Dominus,
799 1818 836 1866 ut
856 1813 999 1866 curarem
1022 1817 1075 1883 tc,
1110 1819 1143 1868 et
1163 1805 1271 1870 Seram
1289 1829 1331 1869 u-

248 1934 354 1974 xorem
374 1900 433 1972 'filii
454 1914 502 1972 tui
534 1911 736 1975 adaemonio
761 1912 938 1980 liberarem.
981 1913 1050 1998 Ego
1073 1914 1153 1974 enim
1174 1935 1242 1977 sum
1268 1915 1332 1977 Ra·

248 2021 343 2106 phnel
381 2018 507 2104 angelus
541 2039 621 2080 unus
653 2041 688 2081 ex
720 2032 857 2106 septem,
894 2022 950 2104 qui
984 2020 1135 2083 adstamus
1167 2033 1240 2083 ante
1261 2023 1334 2086 Do·

249 2149 376 2188 minum.
1055 2208 1058 2212 ι

334 2233 431 2295 Luc.
453 2232 543 2295 XV.:
577 2233 660 2295 Dico
688 2232 800 2314 vobis,
838 2237 926 2318 quod
964 2239 1008 2299 ita
1039 2234 1184 2322 gandium
1205 2237 1267 2297 erit
1298 2239 1336 2299 in

251 2341 337 2404 caelo
363 2363 459 2426 super
483 2362 546 2403 uno
566 2353 731 2424 peccatore
753 2348 974 2427 poenitentiam
996 2358 1121 2429 agente,
1156 2365 1250 2429 quam
1279 2365 1335 2406 su·

246 2471 306 2537 per
326 2452 495 2535 nonaginta
518 2469 627 2510 novem
648 2451 760 2531 justis,
803 2454 858 2535 qui
881 2459 946 2512 nou
967 2453 1106 2538 indigent
1129 2455 1329 2552 poenitentia.

331 2556 413 2620 Act.
437 2557 475 2619 V.
489 2583 502 2617 :v
525 2557 661 2642 Angelus
685 2573 788 2621 autem
815 2560 942 2621 Domini
966 2575 1168 2644 pernoctem
1190 2564 1330 2645 aperiens

246 2668 355 2747 januas
379 2668 535 2745 carceris,
565 2679 596 2727 et
618 2666 752 2743 educens
774 2690 848 2745 eos,
884 2668 978 2730 dixit:
999 2669 1069 2747 Ite,
1091 2682 1122 2746 ct
1145 2682 1258 2730 stantes
1278 2666 1330 2729 lo-

246 2775 378 2856 quimini
401 2777 431 2837 iu
454 2773 571 2857 templo
601 2772 687 2857 plebi
711 2778 812 2834 omnia
835 2774 929 2834 vcrba
951 2777 1032 2836 uitae
1053 2776 1161 2859 hujus.
1235 2774 1242 2787 '

328 2881 380 2941 Et
401 2880 496 2940 Xll.:
532 2881 571 2943 Et
607 2903 677 2941 ecce
700 2880 824 2964 angelus
848 2882 976 2943 Domini
998 2882 1135 2962 adstitit,
1171 2883 1332 2945 etlumen

247 2987 371 3048 refulsit
393 2991 424 3047 in
446 2987 647 3049 habitaculo:
680 3009 891 3072 percussoque
915 2989 1012 3051 latere
1031 2991 1118 3053 Petri
1141 3004 1199 3053 etc.

331 3091 455 3176 Apnc.
478 3095 518 3156 V.
551 3117 646 3179 supra
678 3093 736 3155 hac
766 3095 832 3158 ead.
856 3112 973 3178 quaest.

332 3201 385 3262 Et
406 3202 513 3266 Vnt:
542 3204 584 3263 Et
607 3201 684 3264 alius
707 3203 833 3288 angelus
867 3208 950 3266 venit
971 3217 1002 3267 et
1023 3205 1108 3267 stetit
1129 3219 1200 3268 ante
1220 3205 1330 3285 altare,

247 3298 364 3372 liabens
387 3311 585 3371 thuribulum
608 3330 759 3376 aureum:
792 3325 823 3374 et
845 3313 916 3375 data
937 3326 1011 3375 sunt
1032 3313 1079 3374 illi
1102 3316 1225 3376 incensa
1248 3315 1332 3376 mul-

245 3432 292 3494 ta,
328 3433 365 3478 ut
386 3418 475 3480 daret
499 3419 536 3481 dc
559 3422 754 3483 orationibus
795 3437 975 3485 sanctorum
1006 3424 1142 3483 omnium
1155 3444 1260 3506 super
1280 3421 1330 3482 al-

245 3537 312 3586 tare
342 3548 487 3587 aureum:
523 3528 610 3611 quod
643 3544 688 3590 est
715 3543 786 3591 ante
818 3532 970 3592 thronum
1002 3531 1072 3590 Dei.
1128 3531 1171 3591 Et
1192 3528 1331 3591 ascendit

247 3632 350 3695 fumus
373 3636 571 3695 incensorum
605 3636 643 3697 de
666 3637 862 3700 orationibus
897 3651 1077 3699 sanctorum
1100 3638 1138 3700 de
1159 3659 1252 3700 manu
1273 3657 1333 3697 an-

246 3759 306 3825 gen
333 3764 438 3803 conam
459 3743 538 3803 Deo.

329 3851 369 3914 1).
413 3852 502 3910 Gen.
525 3850 669 3912 XLVIII.
700 3854 742 3913 ait
763 3853 877 3914 Jacob:
910 3854 1067 3940 Angelus,
1097 3857 1151 3938 qui
1173 3856 1257 3916 eruit
1281 3873 1331 3913 me

246 3955 283 4016 de
306 3958 424 4016 cunctis
448 3957 553 4035 malis,
588 3958 751 4020 benedicat
771 3964 875 4043 pueris
900 3965 977 4023 istis.

329 4063 419 4124 lob.
441 4063 498 4125 V.:
534 4065 624 4129 voca
646 4089 740 4153 ergo,
772 4075 797 4130 si
821 4083 883 4146 cst,
907 4072 961 4152 qui
984 4069 1042 4132 tibi
1067 4070 1275 4158 respondeat,
1300 4082 1333 4131 et

246 4169 285 4231 ad
306 4169 441 4252 aliquem
462 4187 641 4236 sanctorum
670 4193 860 4238 convertere.

330 4280 469 4343 Genes.
503 4282 661 4346 xxxii:
701 4284 743 4344 Et
775 4303 847 4346 ecce
876 4287 923 4346 uir
959 4286 1138 4351 luctabatur
1186 4308 1259 4349 cum
1291 4305 1332 4347 eo
