2768 4762
388 301 440 366 An
458 300 627 364 Lucrum
646 295 838 364 Paurano.
1065 301 1146 377 1111

75 497 159 573 hinc
185 493 274 570 odia
306 507 346 565 et
377 489 525 573 fureres
552 488 865 578 adversariorum,
898 485 938 559 in
951 485 1052 561 libri
1075 492 1146 563 hu·

72 624 132 724 jus
169 595 371 723 Auctorem
407 615 458 686 ita
489 612 821 702 debacchantium,
855 627 897 684 ut
922 613 1042 687 omnis
1066 640 1146 688 rno-

72 746 241 832 destiae,
274 738 463 822 caritatis,
506 755 543 810 et
573 736 722 837 pietatis
753 736 1000 832 Evangelicae
1036 762 1145 837 pror.

71 893 136 941 sus
175 864 283 938 obliti
320 888 404 937 esse
441 861 644 934 rideantur.
710 863 831 956 Aegre
867 858 991 933 ferunt
1028 862 1145 936 invidi

70 992 255 1079 homines,
282 989 463 1088 optimum
489 987 685 1059 Caesarem
711 983 750 1053 in
773 984 924 1055 Austris
948 985 1021 1058 hoc
1047 1012 1143 1087 opus

70 1116 229 1214 primum
257 1111 485 1212 publicasse,
509 1126 588 1181 tum
612 1110 755 1201 Reges,
778 1105 970 1205 Principes
996 1134 1041 1182 ac
1065 1115 1142 1182 Ma.
1169 1194 1173 1201 ‚

73 1239 248 1337 gistratus
275 1225 450 1309 maximos
475 1257 546 1331 pro
573 1254 641 1304 sua
667 1227 817 1324 quidem
838 1232 1055 1305 auctoritate
1083 1260 1142 1306 cu·

69 1385 176 1434 rasse
201 1359 355 1443 scdulo,
388 1375 431 1428 ut
455 1356 520 1424 hic
545 1356 751 1421 Caesareus
773 1350 1025 1450 Cateehismns
1049 1357 1142 1455 pub.

70 1484 146 1556 lice
174 1483 374 1556 doceaturt
415 1491 453 1545 et
487 1475 526 1564 in
561 1472 679 1543 varias
713 1495 863 1567 quoque
894 1473 1037 1571 linguas
1069 1497 1145 1549 tra.

73 1607 228 1692 ductus,
265 1624 400 1693 magno
435 1595 621 1665 bonorum
660 1618 844 1664 consensu
879 1596 986 1666 simul
1022 1617 1057 1670 et
1083 1625 1149 1698 ap·
1245 1664 1248 1671 .
1296 1570 1301 1577 ¹

74 1729 213 1826 plausu
244 1721 382 1823 passim
420 1717 630 1816 excipiatur.
679 1720 841 1814 Pergam
867 1720 979 1817 igitur
1001 1723 1085 1813 isti,
1114 1724 1148 1796 si

75 1875 185 1923 secus
210 1846 289 1919 fieri
314 1870 388 1915 non
412 1858 557 1942 potest,
595 1859 776 1940 pergant,
803 1841 979 1939 inquam,
1006 1847 1144 1922 latrare
1231 1929 1233 1932 Α

72 1991 183 2070 atquc
207 1967 408 2042 mordere:
447 1966 595 2064 rideant
619 1982 657 2034 et
683 1983 941 2050 contemnant,
976 1971 1078 2068 quod
1104 1975 1143 2044 in

71 2096 190 2167 Curiis
217 2090 495 2192 prudentissimi
519 2089 776 2184 Magistratus,
804 2108 841 2161 et
866 2093 902 2161 in
930 2093 1141 2191 Gymnasiis

70 2197 141 2290 riri
164 2217 401 2288 eruditissimi
427 2212 726 2310 comprobarunt.
779 2215 888 2313 Quod
915 2218 946 2285 si
972 2245 1047 2290 non
1075 2221 1141 2292 uni
1208 2220 1217 2235 ‘

70 2341 228 2415 credunt
266 2340 391 2436 operis
427 2339 537 2435 hujus
575 2337 751 2421 ductori,
791 2337 928 2408 saltem
947 2342 1137 2433 Patribus,

69 2490 168 2564 qnos
196 2464 259 2533 ille
291 2463 404 2532 duces
440 2463 486 2532 dc
519 2448 693 2534 consulto
725 2460 917 2554 sequitur,
953 2480 1015 2532 aut
1041 2483 1141 2545 certe
1192 2500 1196 2505 >

70 2589 224 2686 quidem
250 2584 440 2655 Ecclesiae
465 2587 582 2671 matri,
611 2610 720 2680 quam
748 2585 986 2655 CHRISTUS
1013 2588 1316 2662 audiremusnnr.
1344 2656 1353 2667 ,

70 2710 276 2810 praecepit,
304 2706 414 2777 fidem
442 2724 479 2777 et
505 2711 757 2779 auctoritatem
783 2708 895 2778 velint
919 2709 1137 2813 concedere.
1175 2700 1178 2705 ⁴

71 2834 249 2930 Alioquin
277 2831 379 2903 caeci
405 2848 491 2900 sunt
517 2848 553 2900 ct
578 2831 762 2903 obstinate
790 2833 999 2921 praefracti,
1023 2831 1063 2901 ni
1088 2832 1140 2904 ri·

70 2957 184 3028 deant
218 2973 254 3026 et
279 2954 473 3025 admittant
497 2953 701 3052 scripturae
729 2957 950 3051 Patrumque
974 2957 1137 3029 testimo-

68 3080 157 3163 nia,
195 3102 291 3174 quae
325 3076 423 3148 bona
455 3074 528 3148 fide
561 3078 720 3150 collecta
753 3095 1022 3173 proponuntur.
1081 3085 1140 3153 ln·

70 3198 345 3300 spiciant'suos
372 3199 446 3297 ipsi
471 3200 635 3289 codices,
664 3199 798 3271 adeant
821 3199 957 3288 sontes,
986 3220 1022 3273 et
1050 3228 1139 3276 con·
1234 3291 1241 3304 .
1279 3276 1284 3283 ,

68 3325 193 3398 ferant
218 3325 364 3411 omnia„
393 3348 489 3423 quac¹
516 3323 578 3392 hic
616 3346 637 3392 e
675 3323 843 3395 Patribus
883 3324 1137 3409 adducuntur:

68 3447 208 3522 deinde
233 3449 415 3546 judicent,
457 3445 524 3518 sed
551 3445 619 3527 ita,
644 3459 699 3516 'ut
724 3449 954 3521 venerandae
981 3451 1136 3549 antiqui.

65 3573 155 3646 tatis
188 3573 337 3670 potius,
372 3597 481 3668 quam
516 3570 694 3677 profanae
729 3573 902 3645 novitatis
928 3600 969 3646 sc
996 3576 1137 3649 studio·

65 3721 133 3769 sos
165 3720 248 3766 csse
284 3693 482 3766 declarent.
516 3695 613 3766 ‘Jam
654 3721 741 3765 vcro
777 3697 808 3767 si
844 3699 1048 3770 communis
1082 3717 1138 3773 cst

64 3822 214 3892 Petrum
231 3819 424 3905 sententia,
452 3818 483 3889 si
509 3815 611 3888 firma
639 3836 675 3889 ct
701 3815 799 3890 certa
825 3822 1017 3893 Ecclesiae
1046 3821 1134 3896 doc·
1212 3869 1222 3880 a

68 3942 185 4026 trina,
226 3967 335 4037 quarn
368 3942 430 4014 hic
467 3936 565 4012 liber
597 3944 732 4040 repetit
774 3961 884 4041 atque
919 3943 1135 4033 confirmat,

67 4065 192 4163 inique
216 4065 389 4164 profecto
415 4065 577 4150 faciunt,
605 4068 669 4162 qui
694 4068 766 4138 hoc
791 4070 855 4139 uni
883 4069 1028 4141 auctori
1061 4071 1133 4142 cri·

63 4210 155 4260 rnen
185 4189 435 4290 exprobrants
472 4189 573 4289 qued
596 4191 629 4264 si
653 4191 803 4301 omnino
830 4193 973 4266 crimen
994 4192 1134 4268 haben·
