2768 4762
326 419 328 422 ’
390 404 794 488 nnc'stoou-
1046 426 1157 501 sss·

128 605 237 674 Psoi·
269 605 429 697 cxvme
454 604 541 671 Beati
561 606 818 685 immaculati-in
841 605 911 687 vis,
940 608 997 693 qni
1014 607 1126 672 ombu-

50 723 117 786 lunt
140 722 175 782 in
201 717 268 802 iege
289 716 428 781 Domini.
469 719 520 779 Tu
539 717 707 795 mandasti,
728 714 879 778 'mandute
903 727 958 779 tua
984 717 1126 779 custodi·

48 831 78 891 ri
111 827 215 890 nimis.
266 823 446 902 Maledicti,
482 829 538 908 qui
560 823 717 886 declinant
740 845 761 887 u
791 823 941 887 mendatis
967 825 1040 886 tuis.
1119 882 1122 891 ,

133 956 160 1018 Ι.
191 955 436 1018 Joonn.111.:
472 954 589 1016 Ethoc
609 967 656 1016 est
676 953 851 1015 mandatum
871 953 956 1036 ejus,
999 965 1128 1014 utere-

49 1067 158 1130 datnut
185 1065 218 1125 in
247 1065 372 1125 nomine
399 1060 457 1123 filii
484 1064 552 1145 ejus
570 1062 668 1122 JESU
694 1060 877 1138 CHRISTI,
910 1073 941 1123 et
964 1061 1126 1144 diligamus

50 1174 260 1244 alterutrum,
283 1172 387 1232 'sicut
417 1169 503 1231 dedit
538 1159 714 1239 mandatum
739 1167 842 1229 nobis.
885 1168 928 1229 Et
956 1171 1010 1250 qui
1027 1181 1127 1229 ses-vot

50 1281 196 1346 mandute
223 1280 311 1359 ejus,
355 1279 388 1338 in
424 1275 481 1339 illo
506 1291 624 1354 manet,
658 1289 689 1338 et
713 1277 779 1359 ipse
799 1277 832 1337 in
855 1295 903 1336 eo.
946 1273 990 1335 Et
1009 1276 1041 1333 in
1063 1273 1127 1334 hoc

51 1392 191 1464 scimus,
219 1388 368 1468 quonism
388 1397 491 1449 manet
513 1387 546 1444 in
572 1383 686 1458 nobis,
724 1383 763 1444 de
785 1385 901 1467 spiritu
910 1402 924 1461 ,·
958 1402 1050 1464 quem
1071 1380 1130 1441 de-

54 1498 105 1560 dit
122 1492 228 1556 nobis.
261 1522 264 1527 ·
921 1476 923 1483 ¹

138 1602 247 1664 Rom.
281 1597 391 1660 VI11.=
428 1598 565 1682 Spiritus
595 1596 723 1679 adjuvet
749 1594 960 1660 infirmitatem
980 1612 1129 1664 nostrum.
1176 1664 1180 1673 ,

139 1708 279 1771 Ioann.
304 1707 351 1788 Le
373 1706 420 1766 De
434 1705 629 1789 plenitudine
653 1707 721 1786 ejus
742 1724 800 1765 nos
815 1716 921 1766 omnes
942 1712 1131 1791 accepimus‚'

59 1830 93 1880 et
110 1815 233 1901 gretiam
253 1818 314 1896 prd
337 1802 454 1895 gratia:
485 1814 560 1894 quia
588 1810 635 1872 lex
651 1832 709 1895 per
731 1812 862 1889 Moysen
885 1811 956 1875 data
973 1828 1035 1889 est,
1055 1820 1132 1900 ‚gra-¹

60 1912 171 1986 tin'et'
196 1925 306 1983 veritus
334 1940 397 2004 per
422 1919 556 1982 JESUM
586 1919 898 2001 cumsuuntncm
914 1932 968 1983 est
1060 1946 1065 1955 ·
1119 1926 1134 1955 ²²

139 2028 296 2114 Philip.
329 2028 402 2093 lV.=
437 2029 560 2092 ·0mniu
583 2047 711 2111 possum
737 2029 778 2087 in
812 2046 869 2108 eo,
906 2031 962 2112 qni
982 2050 1031 2092 me
1051 2036 1134 2091 con-¹

58 2139 163 2221 fortnt.
779 2146 782 2151 ’
974 2174 977 2180 ·

135 2246 189 2309 Ps
201 2244 286 2306 alm.
311 2247 504 2307 imum
536 2244 659 2305 Etenim
684 2243 916 2310 henedictiones
934 2244 1022 2308 dabit
1038 2245 1135 2331 legis·-

56 2354 166 2426 istor,
193 2351 285 2409 ibunt
303 2350 343 2407 de
365 2353 477 2409 virtute
497 2351 529 2406 in
554 2351 709 2409 virtutem,
1130 2394 1134 2407 .

143 2458 267 2513 Deut.
287 2451 451 2511 xxV111.2
479 2450 513 2511 Si
535 2452 668 2511 audieris
691 2473 813 2541 vocem¹
832 2457 956 2518 Domini
989 2440 1049 2518 Dei
1070 2463 1130 2536 tui,

57 2578 94 2628 ut
119 2562 333 2640 fecissetque
367 2555 524 2617 custodias
555 2556 658 2616 omnia
684 2559 826 2620 mandato
849 2563 918 2640 ejus
926 2604 936 2636 ,
969 2582 1046 2643 quae
1073 2585 1131 2646 ego

60 2669 224 2758 praecipio
239 2664 299 2727 tibi
325 2662 443 2739 hodie,
475 2663 569 2724 societ
599 2673 630 2722 te
653 2661 805 2724 Dominus
829 2664 914 2727 Deus
937 2678 1012 2731 tuus
1033 2669 1133 2729 excel-

62 2784 179 2840 siorem
201 2774 320 2834 cunctis
337 2769 491 2855 gentibus,
521 2790 601 2854 quae
615 2780 777 2830 versantur
794 2773 826 2832 in
848 2784 940 2833 terra.
984 2771 1135 2836 Venient-

43 2886 124 2968 'que
153 2902 250 2965 super
282 2892 312 2941 te
336 2882 495 2946 universae
522 2877 754 2940 benedictiones
784 2879 875 2957 istae,
906 2893 937 2941 et
959 2879 1135 2964 apprehen÷

63 2993 138 3053 deut
155 3003 207 3051 te:
240 2989 267 3047 si
285 3000 395 3048 ttamen
411 2999 591 3071 'praecepte
620 2984 687 3067 ejus
709 2985 853 3049 audieris.
896 2989 1080 3053 Benedictus
1097 3000 1137 3069 tn

64 3101 259 3174 incivitate,
290 3107 321 3156 et
341 3093 522 3156 benedictus
546 3096 577 3154 in
597 3114 685 3177 agro.
716 3093 1041 3160 Benedictussructus
1059 3117 1137 3161 ren·

63 3208 120 3267 tris
154 3207 220 3281 tui,
249 3213 280 3262 et
309 3201 429 3262 fructus
460 3213 561 3262 terrae
592 3214 686 3275 tuae,
716 3200 900 3282 fructusque
923 3203 1136 3283 jumentorum

62 3324 217 3407 tuorumz
247 3328 351 3392 greges
381 3321 590 3369 armentorum
613 3321 741 3371 tuorum
766 3319 797 3368 et
818 3307 924 3369 esulae
945 3311 1050 3370 ovium
1065 3321 1138 3371 tut·

63 3440 146 3481 rum.
189 3415 356 3478 Benedicta
381 3415 495 3477 horrea
520 3428 594 3509 tun,
625 3427 656 3476 et
686 3413 866 3476 benedictae
886 3415 1136 3515 reliquisseque.

61 3523 249 3586 Benedictus
281 3525 341 3583 eris
370 3523 545 3607 ingrediens
580 3534 612 3583 et
638 3520 807 3605 egrediens.
858 3521 955 3583 Dabit
983 3523 1138 3587 Dominus

63 3633 206 3692 inimicos
226 3643 315 3707 tuos,
348 3632 404 3712 qui
424 3641 616 3712 consurgunt
644 3629 807 3689 adversum
824 3640 873 3704 te,
904 3643 1085 3691 corruentes
1105 3631 1139 3691 iu

64 3749 236 3820 conspectu
256 3750 333 3797 tuo:
370 3757 428 3819 per
456 3756 547 3796 unam
578 3738 657 3796 viam
683 3739 806 3797 venient
826 3749 937 3798 contre
958 3750 1006 3815 tc,
1033 3749 1065 3797 ct
1081 3757 1140 3820 per

66 3856 185 3929 septem
214 3843 376 3927 fugiente
408 3843 486 3903 secie
506 3854 567 3903 tus
621 3844 752 3905 Emittet
768 3841 921 3905 Dominus
943 3842 1140 3913 benedictio,-

68 3970 135 4012 uem
165 3972 262 4033 super
289 3949 414 4022 cellaria
449 3963 515 4027 tue,
555 3962 587 4011 et
618 3951 847 4033 superomnia
880 3971 976 4033 opera
995 3972 1140 4012 manuum

66 4069 209 4119 tuorum:
233 4057 457 4140 benedicetque
477 4057 536 4119 tibi
554 4059 587 4118 in
608 4071 714 4136 terra,
737 4078 831 4141 qnam
857 4061 1021 4141 occeperis.
1067 4059 1142 4118 Sus-

65 4164 180 4227 citnbit
212 4177 241 4226 te
264 4166 417 4226 Dominus
443 4165 503 4226 sibi
524 4166 556 4224 in
578 4165 732 4249 populum
758 4160 915 4244 sunctum,
947 4168 1029 4227 sicut
1052 4167 1143 4247 jurn-

64 4274 111 4335 rit
123 4273 208 4350 tibi,
239 4274 266 4335 si
287 4272 473 4335 custodieris
490 4272 632 4335 mandate
643 4273 771 4334 Domini
792 4272 953 4351 DEIatni,
986 4285 1019 4335 et
1033 4271 1145 4335 ombu-
