2768 4762
1 691 3 693 >
84 654 167 702 letti.
176 655 211 707 sd.
220 661 254 705 tt.

168 458 182 503 ·.
263 406 341 483 m
561 403 627 469 na
659 402 921 472 saurauer.
947 399 1012 488 nr

263 591 354 671 tilla,
387 589 492 654 neseio
521 609 620 675 quae,
647 591 732 674 jacet
754 588 928 653 linteamine
948 587 1136 666 convoluta,
1152 601 1195 665 ¹ut
1213 590 1341 676 polluta

265 679 369 740 omnia
391 675 532 761 polluat,
562 687 594 737 et
615 676 702 757 quasi
731 675 874 759 sepulcra
899 672 1076 737 Pharisaica
1095 676 1173 738 foris
1197 675 1351 740 dealbata

265 767 346 840 siut,
380 781 452 823 oum
480 761 564 821 intus
578 757 736 821 immundo
756 767 858 822 cinere
877 761 965 842 juxta
987 773 1036 833 te,
1058 761 1213 823 immunda
1236 764 1342 826 omnis

266 846 372 910 oleant
393 857 487 927 atque
506 843 664 906 sordeant.
708 844 750 904 Et
771 857 845 928 post
872 844 952 906 haec·
969 844 1008 905 de
1028 843 1179 907 barathro
1242 844 1341 909 cteris

265 935 314 994 tui
339 948 504 992 coenosam
531 929 712 1011 spurcatiam
733 948 894 1007 evomens,
927 929 1021 991 sudes
1044 929 1163 991 dicere:
1214 952 1272 1014 rgo
1296 933 1343 992 ci·

88 1014 355 1108 {22⁸²{'2,2⁰,‡¹¹el0⁸
377 1035 451 1076 suos
477 1025 579 1073 amant
615 1014 732 1074 animae
765 1026 937 1089 martyrum
968 1026 999 1074 et
1027 1014 1252 1077 circumvolant
1277 1036 1343 1094 eos,

148 1078 193 1119 μ
269 1118 451 1184 semperque
494 1109 644 1158 raeseutes
667 1106 749 1173 suut,
770 1119 810 1158 ue
832 1098 924 1177 forte,
948 1101 973 1160 si
996 1096 1107 1180 aliquis
1127 1100 1346 1182 precatored·

268 1185 407 1261 venerit,
449 1118 588 1244 absentes
631 1183 737 1242 audire
772 1202 837 1242 non
893 1183 1011 1244 ossintl
1054 1183 1288 1268 Oporteutnm
1310 1187 1344 1247 in

112 1337 115 1347 ¹
269 1282 368 1332 terras
390 1265 512 1327 ultimas
537 1265 774 1348 deportandum.
816 1205 912 1328 Riafes
934 1268 973 1328 ds
994 1265 1133 1349 reliquiis
1161 1280 1344 1347 martyrum,

93 1354 303 1431 maenus-esti
330 1373 402 1413 cnm
423 1362 552 1413 auctore
571 1349 668 1433 hujus
688 1349 849 1413 haereseos
874 1352 1031 1413 Eunomia
1061 1352 1196 1413 ecclesiis
1226 1352 1346 1414 Christi

91 1439 162 1481 “⁸¹⁸-
271 1437 454 1499 calumuiam
476 1437 587 1495 struis:
610 1456 667 1495 nec
688 1433 743 1495 tali
761 1437 907 1497 societate
928 1438 1076 1514 terreris,
1097 1448 1133 1496 ut
1154 1436 1349 1497 cademcon-

163 1516 167 1525 ⁴
271 1535 322 1584 tra
358 1541 416 1582 nos
452 1518 613 1601 loquaris,
656 1536 735 1602 qaae
768 1518 821 1580 ille
851 1533 960 1581 eontra
991 1520 1166 1595 Ecclesiam,
1183 1521 1348 1604 loquitur?

273 1606 388 1670 Omnes
409 1605 674 1748 ‘nlmfoefflf'm
700 1606 785 1686 ejus,
805 1603 947 1749 b³l{ll⁰⁸⁸
969 1602 1196 1690 Apostolorum
1213 1618 1244 1665 et
1261 1627 1348 1748 aggar-

448 1709 469 1748 n
492 1709 524 1748 ru
637 1711 655 1747 n
672 1709 711 1747 ur
1305 1710 1347 1747 u-

118 1790 233 1834 n...
273 1703 446 1837 illl?
465 1701 708 1856 saluii..
724 1701 858 1834 alif
861 1690 1345 1859 .f:.?.⁰⁰.⁰.f.¹.¹‡¹t.1l.’.‘.⁸1¹‘,..

97 1849 231 1895 myrea.
274 1861 306 1921 iu
325 1857 461 1920 basilicis
483 1870 654 1934 martyrum
677 1855 773 1917 liunt:
796 1870 827 1919 ct
848 1857 925 1919 dicit
946 1878 994 1919 eas
1018 1859 1186 1920 incredulis
1215 1857 1350 1942 prodes-

274 1962 327 2021 se,
359 1962 424 2003 nou
460 1940 674 2002 credentibus:
709 1945 797 2023 quasi
823 1964 905 2003 nuno
930 1941 992 2004 hoo
1012 1957 1194 2025 quaeratur,
1232 1941 1347 2025 quibus

273 2025 371 2105 fiant,
406 2036 438 2087 et
457 2046 543 2104 non,
579 2045 640 2108 qua
662 2026 776 2087 virtute
797 2024 881 2087 fiant.
925 2026 1009 2088 Nolo
1030 2027 1104 2087 mibi
1126 2027 1229 2086 dicas:
1252 2027 1350 2108 Signa

274 2109 447 2174 infidelium
466 2121 558 2171 sant:
589 2109 644 2172 sed
665 2111 839 2193 responde,
870 2111 1031 2193 quomodo
1052 2113 1083 2171 in
1104 2110 1249 2170 vilissimo
1272 2110 1354 2191 pul·

275 2216 348 2256 vere
368 2205 400 2255 et
420 2193 542 2271 favilla,
564 2196 670 2256 nesoio
694 2215 765 2277 qua,
790 2207 873 2256 tanta
894 2199 935 2257 sit
956 2199 1114 2280 signorum
1133 2197 1352 2275 virtutumque

123 2270 460 2364 wulupmesentia.
515 2277 645 2357 Sentio,
680 2281 779 2341 sentio
809 2278 1017 2342 infelicissime
1045 2277 1236 2355 mortalium,
1272 2278 1350 2359 quid

100 2334 402 2440 inpelllllllddoleas,
438 2362 516 2507 quid
538 2363 652 2425 timeas.
697 2363 913 2448 Spiritussiste
932 2364 1124 2441 immundus,
1146 2365 1201 2445 qui
1223 2362 1298 2422 baec
1317 2372 1347 2419 te

104 2471 158 2512 aaa·
176 2443 318 2522 ”laqueo
340 2450 365 2510 it
384 2449 444 2508 sori
469 2468 538 2525 ere,
559 2469 649 2525 saepe
670 2447 733 2510 hoo
751 2448 898 2510 vilissimo
915 2461 1016 2510 tortus
1041 2463 1089 2509 cst
1124 2447 1238 2524 ulverc,
1258 2449 1348 2505 immo

102 2432 226 2564 :pugneo
320 2470 338 2533 g
1101 2471 1121 2532 p

142 2523 243 2562 suetae.
277 2533 436 2614 hodieque
452 2543 642 2614 torquetur,
664 2545 695 2593 et
716 2535 769 2615 qui
791 2535 824 2593 iu
845 2546 876 2594 te
896 2534 1001 2618 plagas
1025 2531 1214 2604 dissimulat,
1237 2533 1268 2590 iu
1282 2550 1352 2589 cae·

278 2620 352 2680 teris
373 2613 550 2678 confitetur.
593 2614 658 2677 Nisi
683 2618 765 2678 forte
786 2620 818 2677 in
848 2639 965 2678 morem
987 2617 1145 2701 gentilium
1168 2617 1354 2699 impiorum-

278 2723 339 2785 que
360 2700 533 2785 Porphyrii
554 2713 586 2762 et
606 2702 752 2763 Eunomii
764 2745 773 2779 ,
805 2702 859 2763 has
882 2705 1061 2786 praestigias
1083 2704 1267 2786 daemonum
1289 2719 1353 2757 esse

274 2784 450 2868 confingas,
484 2797 515 2846 et
534 2805 599 2846 non
621 2807 692 2847 vere
716 2786 846 2847 clamare
869 2786 1047 2863 daemones,
1077 2787 1130 2848 scd
1152 2805 1207 2847 sun
1228 2780 1355 2846 simula-

276 2891 311 2932 re
339 2880 503 2931 tormenta.
546 2869 597 2930 Do
620 2871 800 2930 consilium:
824 2873 985 2955 ingredere
1007 2870 1149 2931 basilicas
1171 2881 1353 2943 martyrum,

279 2967 311 3017 et
325 2951 494 3038 aliquando
517 2953 718 3038 purgaberis:
741 2957 874 3015 invenies
899 2955 943 3016 ibi
994 2955 1077 3017 ultos
1098 2956 1201 3016 socios
1220 2965 1303 3026 tuos,
1327 2961 1358 3009 et

280 3058 475 3121 nequaquam
491 3041 586 3099 cereis
607 3052 795 3116 martyrum,
832 3042 886 3122 qui
909 3039 955 3101 tib
1012 3039 1171 3125 ispliceut,
1193 3037 1248 3097 sed
1268 3033 1359 3095 flam-

282 3126 339 3185 mis
373 3121 582 3185 invisibilibus
625 3123 836 3185 combureris:
881 3136 915 3185 et
950 3137 1025 3186 tunc
1059 3122 1222 3199 fateberis,
1266 3117 1358 3202 quod

282 3228 366 3270 nuuc
386 3227 487 3292 negas.

370 3304 400 3360 2.
443 3291 552 3353 IDEM
580 3291 787 3368 Hieronymus
816 3293 915 3377 Epist
939 3307 990 3362 53.
1025 3293 1064 3354 ad
1085 3292 1191 3376 Ripar.
1213 3285 1360 3362 Presbyt.

59 3436 64 3448 ,
108 3374 357 3481 nomsransses⁸d'‘
378 3374 490 3474 Vigila
511 3375 585 3452 Ais,
608 3375 831 3520 lggilautium,
853 3381 907 3460 qui
926 3376 988 3434 κατ’
1008 3377 1158 3521 gainem·
1181 3372 1243 3433 boc
1265 3391 1364 3516 ggqa-

109 3473 598 3540 a011,„1.mturuom1ne,.uam
652 3465 848 3523 ormrtautius
868 3464 983 3524 rectius
1031 3464 1184 3535 iceretur,
1207 3477 1243 3517 os
1314 3475 1366 3535 ,17

108 3543 262 3641 gzfflfflh
289 3545 362 3605 dum
385 3566 508 3605 rursum
529 3546 672 3628 aperire,
695 3560 726 3606 et
744 3559 888 3628 putorem
909 3547 1139 3631 spurcissimum
1151 3553 1260 3603 contra
1272 3560 1367 3599 sauo-

288 3643 393 3691 torum
415 3642 586 3706 martyrum
606 3630 751 3711 proferre
773 3630 937 3712 reliquias,
968 3645 998 3690 et
1017 3650 1096 3708 nos,
1117 3629 1170 3710 qui
1195 3646 1243 3685 eas
1265 3625 1367 3684 susci·

312 3714 389 3776 imus
401 3758 411 3791 ,
433 3712 590 3796 appellare
617 3713 793 3775 Ciuerarios
814 3727 845 3775 et
868 3715 1065 3789 idololatras,
1088 3714 1143 3795 qui
1165 3721 1366 3770 mortuorum

288 3736 449 3860 bominum
467 3817 534 3858 ossa
554 3817 744 3858 veneremur.
799 3800 828 3861 Ο
851 3800 1004 3861 infelicem
1027 3799 1203 3872 homiuem,
1224 3805 1254 3852 ct
1278 3793 1368 3852 omni

109 3882 484 4027 ¹d⁰¹⁰mnmlacrqqnarum
516 3882 603 4024 forge
632 3881 872 4027 plangendum,J
896 3888 949 3967 qui
983 3883 1058 3944 baec
1079 3884 1204 3952 diceus,
1239 3897 1304 3935 non
1334 3894 1370 3937 se

123 3998 135 4010 ··
207 3999 212 4009 ·
293 3970 299 3983 '
381 3969 388 3982 '
649 3968 672 4024 r'
731 3988 750 4024 n
1087 3970 1093 3982 ‘
1223 3980 1369 4021 ramor-

109 3978 839 4140 segaga222³..pr5:⁵3.;t³..¹3⁸l.f..t‘,
874 3971 1019 4114 3:¹33
1036 3984 1237 4131 dimili.
1257 4047 1290 4105 r.
1315 4066 1370 4105 ..-

133 4107 155 4150 ⁵⁸
292 4136 361 4197 dem
383 4135 478 4194 domo
501 4133 634 4211 fuerint,
657 4135 758 4218 pollui
780 4140 999 4222 suspicantur,
1031 4146 1192 4219 sequentes
1217 4130 1370 4192 occiden-

135 4232 351 4307 uenatore-¹⁰⁰¹
373 4218 515 4295 literam,
537 4231 568 4280 et
588 4240 652 4280 uon
674 4217 879 4284 vivificantem
899 4223 1051 4306 spiritum.
1094 4220 1159 4281 Nos
1181 4228 1286 4277 autem
1299 4234 1366 4273 nou

108 4324 160 4356 ιιι
183 4321 269 4367 mre·
290 4303 362 4366 dico
384 4315 555 4382 martyrum
575 4303 742 4390 reliquias,
774 4304 830 4369 sed
850 4325 902 4366 ue·
920 4305 1017 4368 solem
1044 4304 1172 4389 quidem
1193 4313 1226 4364 et
1246 4299 1370 4376 tumn,
