2768 4762
126 386 129 391 ’
212 376 338 513 ,Q
500 342 1072 499 oeeasnoneurs
1163 442 1167 451 ,

591 563 1020 641 sontenunun.

344 743 429 806 Act.
452 736 544 798 XX.2
574 734 732 797 Attendite
753 731 843 813 vobis
874 744 906 795 et
924 732 1069 797 universo
1093 729 1205 813 gregi,
1229 727 1265 786 in
1284 748 1329 810 qua

262 869 319 912 vos
347 847 483 933 Spiritus
507 856 632 929 sanctus
667 845 775 928 posuit
801 842 996 924 Episcopos,
1032 857 1144 921 regere
1175 834 1332 896 Ecclesiam

262 957 339 1035 Dei,
363 974 455 1038 quam
472 951 637 1043 acquisivit
661 951 808 1035 sanguine
833 970 903 1015 suo.

349 1086 375 1148 1.
409 1083 505 1144 Tim.
534 1078 610 1143 111.=
643 1056 780 1167 Oportet
811 1081 1005 1165 Episcopum
1036 1073 1334 1158 irreprehensibilem

266 1213 334 1256 esse
354 1203 412 1253 etc.
437 1190 610 1254 doctorem.

349 1320 467 1383 Hebr.
489 1319 597 1379 xl11.=
620 1316 754 1380 Obedite
768 1295 955 1401 praepositis
973 1314 1097 1375 vestris.

266 1529 271 1537 .
352 1449 496 1534 Ephes.
518 1447 592 1511 lv.:
613 1449 656 1509 Et
678 1451 744 1533 ipse
768 1447 855 1508 dedit
876 1444 1029 1530 quosdam
1051 1441 1191 1524 quidem
1215 1439 1335 1525 Aposto-

165 1613 167 1617 ,
268 1555 315 1618 los
345 1569 420 1635 eto,
453 1556 530 1618 alios
556 1569 658 1618 autem
679 1557 823 1618 Pastores
848 1565 879 1616 et
899 1554 1056 1625 Doctoses
1085 1549 1128 1610 ad
1155 1567 1333 1609 comumne-

268 1665 385 1727 tionem
415 1678 593 1726 sauctorum
622 1686 656 1746 tp
687 1679 767 1749 opus
802 1662 982 1737 ministerii,
1026 1645 1064 1719 in
1097 1653 1330 1718 aedificationes

269 1772 415 1856 corporis
437 1768 634 1843 CHRISTL‘

353 1900 379 1961 l.
402 1901 490 1963 Cor.
510 1902 600 1963 XH.:
634 1901 794 1983 Quosdam
828 1899 954 1984 quidem
972 1896 1085 1980 posuit
1104 1894 1221 1956 DEUS
1248 1894 1326 1955 inlr·

270 2004 363 2068 clesia
394 2019 453 2068 etc.
476 2012 569 2070 tertio
590 2009 736 2069 doctores
763 2021 841 2084 etc,
864 2005 1018 2089 numquid
1047 2025 1149 2067 omnes
1173 1997 1331 2062 doctores!

352 2113 378 2174 l.
401 2114 490 2181 Cor.
532 2112 605 2175 1V.=
647 2112 698 2174 Sic
727 2137 784 2174 nos
818 2118 967 2176 existimet
990 2111 1096 2187 homo,
1119 2121 1155 2170 ut
1178 2111 1341 2169 ministros

267 2219 449 2298 CHRISTI,
478 2233 509 2282 ct
531 2220 757 2305 dispensatores
785 2219 1105 2299 mysteriorum·DEl.

352 2327 436 2393 Act.
457 2328 545 2392 XV.:
579 2329 622 2391 Et
641 2330 767 2412 quidam
793 2331 1012 2392 descendentes
1034 2325 1230 2402 deludaea,
1255 2321 1337 2383 doce·

269 2433 348 2498 bant
379 2437 507 2500 fratrest
541 2439 624 2515 Quia
648 2440 706 2500 nisi
733 2439 996 2500 circumcidamini
1027 2430 1205 2498 secundum
1237 2451 1336 2492 morsu

270 2544 391 2621 Moysi,
426 2565 491 2606 non
514 2549 645 2630 potestis
665 2548 785 2608 salvari.
830 2547 924 2608 Facta
943 2566 1018 2629 ergo
1031 2544 1196 2605 seditione
1217 2563 1281 2605 uon
1297 2539 1333 2598 ni

271 2654 355 2712 nima
378 2651 479 2715 Paulo
506 2666 536 2714 et
565 2653 723 2715 Barnabae
746 2655 889 2716 adversus
915 2651 1003 2729 illos,
1031 2665 1237 2730 statuerunt,
1259 2664 1332 2711 uta

233 2834 243 2851 κ
272 2757 440 2822 tenderent
463 2759 575 2821 Paulus
604 2773 633 2821 et
659 2762 829 2839 Barnabas,
861 2776 891 2824 et
924 2762 1050 2844 quidam
1068 2760 1121 2821 alii
1152 2784 1190 2824 ex
1207 2752 1331 2834 aliis,rl

271 2864 443 2949 Apostolos
473 2880 504 2927 et
524 2867 729 2944 Presbyteros
750 2874 781 2931 in
809 2870 1015 2946 Hierusalem,
1051 2891 1154 2952 super
1183 2870 1246 2930 hac
1264 2886 1328 2950 qua·

270 2974 381 3034 stione.
432 2971 711 3058 Conveneruntque
741 2975 886 3060 Apostoli
928 2988 960 3038 et
990 2976 1141 3037 Seniores
1161 2968 1280 3038 ⁴ridere
1309 2970 1327 3029 d
1375 2971 1376 2990 ¹

270 3079 368 3140 verbo
390 3078 463 3141 hoc.
507 3082 585 3142 Cum
604 3094 705 3142 autem
725 3104 831 3166 magna
855 3085 1046 3167 conquisitio
1077 3083 1195 3162 lieret,
1231 3094 1324 3166 surge!

269 3186 401 3264 Petrus,
426 3186 502 3249 dixit
526 3190 564 3249 ad
590 3211 657 3270 eos:
680 3189 750 3250 Viri
771 3192 906 3270 fratres,
932 3214 987 3254 vos
1011 3192 1117 3269 scitis,
1142 3186 1319 3276 quoniaml
1366 3174 1376 3209 ⁵

271 3297 408 3378 antiquis
427 3294 538 3356 diebus
551 3296 660 3356 DEUS
677 3299 708 3356 in
724 3296 814 3360 nobis
838 3299 946 3385 elegit,
977 3320 1091 3383 peres
1120 3322 1230 3362 meum
1253 3297 1320 3360 auat
1366 3273 1376 3317 t

222 3406 231 3415 “
272 3416 376 3487 gentes
400 3402 531 3463 verbum
560 3402 719 3487 Evangelii
747 3420 777 3468 et
798 3407 924 3468 credere
960 3402 1017 3468 etc.
1061 3407 1161 3470 Nune
1181 3430 1262 3493 ergo
1373 3392 1376 3398 ³

272 3514 397 3572 tentatis
424 3513 541 3586 Deum,
573 3513 732 3594 imponere
765 3514 876 3598 jugum
895 3536 988 3598 super
1013 3517 1153 3578 cervices
1182 3510 1324 3599 disciprlt
1364 3495 1376 3533 Ε

273 3637 345 3677 rum
377 3618 457 3683 etei
500 3618 610 3677 Taenit
644 3632 745 3680 autem
772 3624 870 3682 omnis
896 3622 1105 3715 multitudo„
1124 3637 1157 3687 et
1190 3620 1323 3687 audiebat
1371 3690 1376 3722 ς

272 3722 446 3785 Barnabam
469 3735 500 3785 et
523 3723 670 3804 Paulum,
692 3741 866 3807 narrantes,
889 3741 1003 3813 quauta
1021 3729 1109 3790 Deus
1127 3729 1326 3811 secissetslt*
1370 3730 1376 3746 “

273 3841 305 3891 et
330 3833 474 3917 prodigia
497 3836 528 3892 in
553 3832 695 3917 gentibus
728 3857 785 3918 per
809 3857 870 3897 eos.
914 3837 957 3897 Et
976 3849 1146 3920 postquam
1161 3840 1327 3903 mannent

273 3940 435 4020 respondit
462 3939 617 4019 Jacobus,
652 3941 773 4002 dicens:
814 3943 884 4004 Viri
918 3944 1051 4021 fratres,
1080 3946 1199 4008 audite
1231 3952 1327 4007 metit

270 4041 409 4129 Propter
429 4048 514 4128 quod
545 4070 602 4133 ego
621 4048 734 4131 judico·
755 4029 819 4110 non
841 4053 1008 4134 inquietari
1025 4074 1096 4130 eos,
1119 4057 1181 4136 qui
1205 4077 1244 4118 ex
1316 4048 1321 4057 ’

270 4145 329 4210 bus
347 4166 573 4216 convertuntur
600 4156 639 4218 ad
660 4158 778 4220 Deum:
806 4160 860 4220 sed
881 4160 1018 4223 seribere
1032 4160 1073 4223 ad
1096 4181 1173 4240 eos,
1197 4176 1239 4225 ut
1317 4156 1320 4161 ¹

269 4269 363 4319 aeaut
396 4277 430 4322 se
459 4271 518 4323 ete.
567 4264 656 4328 Tune
686 4264 806 4353 plrcuit
828 4265 993 4368 Apostolis
1009 4280 1044 4335 et
1060 4266 1263 4337 Senioribus
