2768 4762
404 357 794 461 nucsuoc'o.
1058 372 1154 471 ,ω’
1217 408 1219 413 «

55 579 211 656 Audior,
232 574 352 640 urbem
372 560 474 653 adeo,
496 572 629 637 dextris
648 574 852 638 successibus
880 580 968 657 uter,
1028 612 1033 621 -

103 667 252 728 Domum
276 667 447 737 revertor,
486 660 688 758 Cassianum
715 663 883 740 praedico.

143 807 393 878 PRAETEREA
412 811 447 871 in
468 810 538 873 eod.
558 810 594 874 1.
614 810 794 898 Peristoph.
816 760 922 892 hfmn.
945 829 995 887 10.
1016 819 1049 880 in
1068 816 1136 882 Ro.

57 923 139 964 man.
163 898 332 961 Antioche
691 926 695 933 ·

141 1031 312 1106 Romane,
352 1022 546 1089 CHRISTI
553 1021 661 1110 fortis
685 1034 831 1087 assertor
855 1026 940 1108 Dei,

141 1114 299 1198 Eliuguis
324 1113 390 1175 oris
412 1130 581 1194 organum
595 1106 719 1192 fautor
742 1130 852 1170 moue:

141 1201 286 1284 Largire
306 1204 475 1277 comptum
493 1214 630 1256 carmen
658 1188 904 1277 infantissimo:

143 1287 209 1348 Fac
235 1291 272 1345 ut
299 1289 438 1342 tuarum
458 1279 545 1340 mira
566 1280 705 1341 laudum
733 1279 928 1343 concInamt

144 1371 236 1455 liam
263 1367 328 1427 scis
359 1366 480 1446 etipse
510 1382 609 1445 posse
631 1370 741 1426 mutos
764 1364 882 1446 eloqui
910 1376 912 1383 ’

99 1500 143 1561 Et
163 1510 238 1581 post
259 1495 410 1556 medium:

145 1632 296 1693 Puerum
323 1623 471 1705 poposcit
492 1612 666 1706 carnifex:
690 1630 797 1684 mater
814 1607 924 1702 dedit,
945 1606 949 1615 ’

104 1718 175 1777 Nec
199 1715 377 1773 immorata
403 1718 451 1772 est
457 1709 630 1796 fletibus:
660 1715 793 1768 tantum
819 1712 972 1773 osculum

102 1797 277 1878 Impressit
297 1814 411 1855 unum.
464 1795 562 1871 Vale,
587 1792 650 1868 ait,
677 1792 883 1868 dulcissime,

102 1884 149 1943 Et
173 1901 246 1944 cum
265 1881 379 1940 beatus
396 1896 501 1962 regnu
522 1875 718 1938 CHRISTI
732 1877 926 1957 intraverit,

100 1968 273 2028 Memento
300 1961 420 2024 matris
441 1962 518 2047 jam
536 1970 681 2044 patrone
698 1979 743 2023 esc
755 1958 843 2046 filio.

139 2093 176 2152 In
195 2088 256 2151 fine
277 2110 374 2153 veros

157 2221 295 2299 Vellem,
324 2222 460 2285 sinister
492 2220 581 2282 inter
605 2221 787 2284 hoedorum
808 2242 926 2309 greges

103 2308 148 2367 Ut
181 2316 268 2366 sum'
269 2304 435 2388 futurus,
464 2306 593 2366 eminus
619 2307 855 2388 dignoscerer,

101 2398 212 2469 Atque
233 2389 294 2450 hoc
313 2395 490 2467 precante,
526 2389 649 2449 diceret
672 2409 735 2449 rex
753 2392 919 2464 optimust

103 2474 278 2534 Romanus
302 2479 399 2533 orat:
432 2465 580 2550 transfer
606 2471 694 2531 hunc
717 2472 860 2534 haedum
876 2476 982 2540 milti:

106 2559 156 2620 Sit
174 2559 293 2616 dexter
312 2572 442 2639 agnus,
466 2553 628 2613 induatur
654 2557 787 2616 uellere.

144 2686 182 2746 In
205 2683 368 2769 Hippolyt.
398 2681 438 2743 ull
462 2678 616 2743 Valerian.
638 2680 743 2762 Epise.
765 2681 870 2759 hymn.
895 2696 962 2752 ηε
997 2716 1000 2721 -

60 2817 160 2879 Mira
184 2815 246 2885 ioci
262 2816 385 2894 pietas,
421 2823 453 2877 et
476 2821 633 2895 prompta
652 2814 868 2893 precantibus
888 2834 971 2879 arar

105 2903 186 2980 Spes
219 2900 392 2961 hominum
412 2900 545 2979 placida
570 2899 791 2978 prosperitate
797 2900 907 2984 juvat.

60 2987 148 3048 Heic
169 2985 365 3063 corruptelis
390 2984 556 3066 animique
586 2992 618 3044 et
639 2986 785 3062 corporis
806 3005 906 3069 aeger

107 3070 210 3130 Oraoi
236 3069 363 3151 quoties
389 3077 534 3144 strutus,
574 3087 671 3143 opem
702 3069 821 3132 merui.

65 3153 162 3240 Quod
180 3156 285 3214 lactor
308 3153 439 3230 reditu,
477 3154 564 3235 quod
589 3161 621 3213 te
639 3155 828 3213 venerande
853 3156 1025 3235 sacerdos,
1145 3169 1313 3246 „gruun-

107 3238 288 3316 Complecti
313 3239 441 3299 licitum
464 3245 526 3311 est,
548 3237 657 3297 scribo
675 3241 762 3318 quod
780 3239 878 3312 lraec,
910 3240 1028 3301 eadem
1144 3220 1316 3315 sysumffi

61 3323 249 3402 Hippolyto
271 3322 336 3383 scio
369 3342 423 3383 me
441 3323 581 3385 debere:
616 3321 709 3381 Deus
739 3322 792 3384 cui
817 3321 1050 3386 CHRISTUS
1145 3312 1288 3351 mmm·
1370 3372 1374 3386 ,

102 3407 207 3470 Posse
231 3407 340 3481 dedit,
371 3409 458 3488 quod
484 3406 558 3488 quis
579 3409 742 3482 postulet,
766 3429 924 3474 annuere.

144 3539 182 3598 In
202 3536 348 3618 Cyprisn.
372 3534 478 3596 Carth.
489 3579 500 3634 ,
528 3533 632 3611 hymn.
659 3546 706 3602 13.
730 3536 830 3618 ejusd.
852 3538 888 3600 L.
909 3539 966 3620 εις)
987 3528 1133 3625 morirer:

63 3667 190 3731 Desine
210 3668 300 3754 flere
318 3666 441 3726 bonum
460 3672 610 3728 tantum:
636 3673 725 3729 tenet
751 3669 807 3731 ille
826 3689 931 3754 regna
950 3668 1049 3747 caeli,
1143 3658 1261 3767 {⁵:¹32ss
1274 3679 1314 3756 οξ·

63 3755 133 3816 Nec
157 3752 269 3813 minus
292 3749 447 3811 involitat
470 3750 583 3824 terris,
616 3769 677 3812 nec
696 3752 738 3812 ab
762 3753 822 3817 hoc
844 3754 968 3816 recedit
986 3756 1089 3818 orbe:
1141 3743 1315 3856 mimi&

64 3837 228 3914 Disserit,
272 3832 454 3917 eloquitur,
501 3839 646 3911 tractat,
691 3838 806 3915 docet,
836 3838 1005 3918 instruit,
1052 3859 1130 3922 pro·
1143 3868 1209 3905 me.

65 4004 136 4068 Nec
162 4005 284 4086 Libyae
300 4003 441 4085 populos
458 3919 721 4087 tantumpffgtittt,
745 4004 940 4092 exitusque
961 4007 999 4069 in
1019 4013 1134 4071 ortum

63 4090 169 4175 Solis,
206 4096 238 4154 et
279 4108 383 4173 usque
411 4087 550 4155 obitum.
610 4087 727 4152 Gallos
744 4086 856 4173 fauet,
899 4092 1019 4156 imbuit
1059 4092 1136 4156 Bri-

61 4258 239 4329 Praesidet
260 4256 460 4343 Hesperiae,
491 4181 763 4323 Glshisttsffr'rlrnggr'it
780 4257 910 4325 ultimis
936 4259 1054 4337 Iberis·
1144 4258 1257 4303 ¹¹⁰⁸·10
1275 4259 1316 4307 ‘¹⁰-

1266 4396 1275 4421 h

1263 3676 1290 3707 01

1264 3720 1272 3754 i
