<?xml version="1.0" encoding="UTF-8"?>
<!DOCTYPE html PUBLIC "-//W3C//DTD XHTML 1.0 Transitional//EN"
    "http://www.w3.org/TR/xhtml1/DTD/xhtml1-transitional.dtd">
<html xmlns="http://www.w3.org/1999/xhtml" xml:lang="en" lang="en">
 <head>
  <title>
</title>
<meta http-equiv="Content-Type" content="text/html;charset=utf-8" />
  <meta name='ocr-system' content='tesseract 3.04.00' />
  <meta name='ocr-capabilities' content='ocr_page ocr_carea ocr_par ocr_line ocrx_word'/>
</head>
<body>
  <div class='ocr_page' id='page_1' title='image "./summadoctrinaec00kanigoog_0230.png"; bbox 0 0 2768 4762; ppageno 0'>
   <div class='ocr_carea' id='block_1_1' title="bbox 418 388 1162 504">
    <p class='ocr_par' dir='ltr' id='par_1_1' title="bbox 418 388 1162 504">
     <span class='ocr_line' id='line_1_1' title="bbox 418 388 1162 504; baseline 0.011 -29"><span class='ocrx_word' id='word_1_1' title='bbox 418 396 787 483; x_wconf 74' lang='lat' dir='ltr'><strong>susurres,</strong></span> <span class='ocrx_word' id='word_1_2' title='bbox 1061 388 1162 504; x_wconf 79' lang='lat' dir='ltr'><strong>rra</strong></span> 
     </span>
    </p>
   </div>
   <div class='ocr_carea' id='block_1_2' title="bbox 63 590 1322 4383">
    <p class='ocr_par' dir='ltr' id='par_1_2' title="bbox 63 590 1317 761">
     <span class='ocr_line' id='line_1_2' title="bbox 63 590 1317 682; baseline -0.01 -21"><span class='ocrx_word' id='word_1_3' title='bbox 63 602 141 677; x_wconf 69' lang='lat' dir='ltr'><strong>etet,</strong></span> <span class='ocrx_word' id='word_1_4' title='bbox 173 598 296 681; x_wconf 86' lang='lat' dir='ltr'><strong>lnquit,</strong></span> <span class='ocrx_word' id='word_1_5' title='bbox 328 595 483 658; x_wconf 83' lang='lat' dir='ltr'><strong>Dominus</strong></span> <span class='ocrx_word' id='word_1_6' title='bbox 503 610 619 653; x_wconf 82' lang='lat' dir='ltr'><strong>novum</strong></span> <span class='ocrx_word' id='word_1_7' title='bbox 641 608 737 675; x_wconf 89' lang='lat' dir='ltr'><strong>snper</strong></span> <span class='ocrx_word' id='word_1_8' title='bbox 757 603 883 669; x_wconf 86' lang='lat' dir='ltr'><strong>terram,</strong></span> <span class='ocrx_word' id='word_1_9' title='bbox 916 590 1054 653; x_wconf 80' lang='lat' dir='ltr'><strong>foemina</strong></span> <span class='ocrx_word' id='word_1_10' title='bbox 1074 590 1272 682; x_wconf 52' lang='lat' dir='ltr'><strong>cir-„mm</strong></span> <span class='ocrx_word' id='word_1_11' title='bbox 1286 639 1317 679; x_wconf 44' lang='grc' dir='ltr'><strong>Ἀ,</strong></span> 
     </span>
     <span class='ocr_line' id='line_1_3' title="bbox 65 673 1137 761; baseline -0.013 -13"><span class='ocrx_word' id='word_1_12' title='bbox 65 680 225 748; x_wconf 67' lang='lat' dir='ltr'><strong>madebit</strong></span> <span class='ocrx_word' id='word_1_13' title='bbox 255 684 367 743; x_wconf 80' lang='lat' dir='ltr'><strong>virum.</strong></span> <span class='ocrx_word' id='word_1_14' title='bbox 424 680 452 742; x_wconf 94' lang='lat'>0</span> <span class='ocrx_word' id='word_1_15' title='bbox 487 677 621 738; x_wconf 83' lang='lat' dir='ltr'><strong>foemina</strong></span> <span class='ocrx_word' id='word_1_16' title='bbox 654 695 750 761; x_wconf 89' lang='lat' dir='ltr'><strong>super</strong></span> <span class='ocrx_word' id='word_1_17' title='bbox 781 677 929 738; x_wconf 76' lang='lat' dir='ltr'><strong>foeminas</strong></span> <span class='ocrx_word' id='word_1_18' title='bbox 963 673 1137 751; x_wconf 86' lang='lat' dir='ltr'><strong>benedicta,</strong></span> 
     </span>
    </p>

    <p class='ocr_par' dir='ltr' id='par_1_3' title="bbox 65 760 1138 929">
     <span class='ocr_line' id='line_1_4' title="bbox 65 760 1138 852; baseline -0.008 -24"><span class='ocrx_word' id='word_1_19' title='bbox 65 788 146 852; x_wconf 83' lang='lat' dir='ltr'><strong>qnae</strong></span> <span class='ocrx_word' id='word_1_20' title='bbox 172 768 274 826; x_wconf 82' lang='lat' dir='ltr'><strong>tirum</strong></span> <span class='ocrx_word' id='word_1_21' title='bbox 304 765 432 826; x_wconf 89' lang='lat' dir='ltr'><strong>omnino</strong></span> <span class='ocrx_word' id='word_1_22' title='bbox 468 781 531 821; x_wconf 90' lang='lat' dir='ltr'><strong>non</strong></span> <span class='ocrx_word' id='word_1_23' title='bbox 568 760 672 837; x_wconf 86' lang='lat' dir='ltr'><strong>norit,</strong></span> <span class='ocrx_word' id='word_1_24' title='bbox 707 773 739 821; x_wconf 91' lang='lat' dir='ltr'><strong>et</strong></span> <span class='ocrx_word' id='word_1_25' title='bbox 759 762 859 821; x_wconf 90' lang='lat' dir='ltr'><strong>virum</strong></span> <span class='ocrx_word' id='word_1_26' title='bbox 881 762 937 821; x_wconf 74' lang='lat' dir='ltr'><strong>s‘uo</strong></span> <span class='ocrx_word' id='word_1_27' title='bbox 959 771 1051 820; x_wconf 90' lang='lat' dir='ltr'><strong>utero</strong></span> <span class='ocrx_word' id='word_1_28' title='bbox 1074 760 1138 820; x_wconf 87' lang='lat' dir='ltr'><strong>cir·</strong></span> 
     </span>
     <span class='ocr_line' id='line_1_5' title="bbox 66 842 1138 929; baseline -0.01 -15"><span class='ocrx_word' id='word_1_29' title='bbox 66 849 235 914; x_wconf 87' lang='lat' dir='ltr'><strong>cumdedit.</strong></span> <span class='ocrx_word' id='word_1_30' title='bbox 279 847 462 908; x_wconf 85' lang='lat' dir='ltr'><strong>Circumdat</strong></span> <span class='ocrx_word' id='word_1_31' title='bbox 479 848 581 905; x_wconf 83' lang='lat' dir='ltr'><strong>vitun</strong></span> <span class='ocrx_word' id='word_1_32' title='bbox 602 844 719 921; x_wconf 85' lang='lat' dir='ltr'><strong>Maria,</strong></span> <span class='ocrx_word' id='word_1_33' title='bbox 752 842 871 929; x_wconf 86' lang='lat' dir='ltr'><strong>Angelo</strong></span> <span class='ocrx_word' id='word_1_34' title='bbox 893 842 986 905; x_wconf 87' lang='lat' dir='ltr'><strong>fidem</strong></span> <span class='ocrx_word' id='word_1_35' title='bbox 1008 843 1138 905; x_wconf 85' lang='lat' dir='ltr'><strong>dando:</strong></span> 
     </span>
    </p>

    <p class='ocr_par' dir='ltr' id='par_1_4' title="bbox 65 927 1140 1019">
     <span class='ocr_line' id='line_1_6' title="bbox 65 927 1140 1019; baseline -0.007 -23"><span class='ocrx_word' id='word_1_36' title='bbox 65 940 137 1019; x_wconf 78' lang='lat' dir='ltr'><strong>quie</strong></span> <span class='ocrx_word' id='word_1_37' title='bbox 161 934 226 994; x_wconf 82' lang='lat' dir='ltr'><strong>Eva</strong></span> <span class='ocrx_word' id='word_1_38' title='bbox 253 932 394 1015; x_wconf 83' lang='lat' dir='ltr'>perdidit</span> <span class='ocrx_word' id='word_1_39' title='bbox 421 934 539 1005; x_wconf 82' lang='lat' dir='ltr'><strong>virum,</strong></span> <span class='ocrx_word' id='word_1_40' title='bbox 561 931 697 1012; x_wconf 78' lang='lat' dir='ltr'><strong>serpenti</strong></span> <span class='ocrx_word' id='word_1_41' title='bbox 720 929 953 990; x_wconf 86' lang='lat' dir='ltr'><strong>consentiendo.</strong></span> <span class='ocrx_word' id='word_1_42' title='bbox 998 927 1140 990; x_wconf 81' lang='lat' dir='ltr'><strong>Obeate</strong></span> 
     </span>
    </p>

    <p class='ocr_par' dir='ltr' id='par_1_5' title="bbox 64 1011 1144 1358">
     <span class='ocr_line' id='line_1_7' title="bbox 64 1011 1141 1100; baseline -0.007 -19"><span class='ocrx_word' id='word_1_43' title='bbox 64 1022 181 1092; x_wconf 85' lang='lat' dir='ltr'><strong>Maria,</strong></span> <span class='ocrx_word' id='word_1_44' title='bbox 220 1018 290 1100; x_wconf 87' lang='lat' dir='ltr'><strong>quis</strong></span> <span class='ocrx_word' id='word_1_45' title='bbox 323 1017 383 1076; x_wconf 88' lang='lat' dir='ltr'><strong>tibi</strong></span> <span class='ocrx_word' id='word_1_46' title='bbox 418 1014 509 1098; x_wconf 90' lang='lat' dir='ltr'><strong>digne</strong></span> <span class='ocrx_word' id='word_1_47' title='bbox 541 1012 640 1073; x_wconf 79' lang='lat' dir='ltr'><strong>valeat</strong></span> <span class='ocrx_word' id='word_1_48' title='bbox 672 1016 746 1096; x_wconf 87' lang='lat' dir='ltr'><strong>jura</strong></span> <span class='ocrx_word' id='word_1_49' title='bbox 767 1015 936 1097; x_wconf 85' lang='lat' dir='ltr'><strong>gratiarum</strong></span> <span class='ocrx_word' id='word_1_50' title='bbox 957 1033 992 1075; x_wconf 90' lang='lat' dir='ltr'><strong>ac</strong></span> <span class='ocrx_word' id='word_1_51' title='bbox 1013 1011 1141 1073; x_wconf 88' lang='lat' dir='ltr'><strong>laudum</strong></span> 
     </span>
     <span class='ocr_line' id='line_1_8' title="bbox 65 1097 1140 1190; baseline -0.007 -25"><span class='ocrx_word' id='word_1_52' title='bbox 65 1102 232 1190; x_wconf 84' lang='lat' dir='ltr'><strong>praeconia</strong></span> <span class='ocrx_word' id='word_1_53' title='bbox 264 1100 456 1185; x_wconf 83' lang='lat' dir='ltr'>rependere,</span> <span class='ocrx_word' id='word_1_54' title='bbox 496 1118 575 1183; x_wconf 82' lang='lat' dir='ltr'><strong>qrrae</strong></span> <span class='ocrx_word' id='word_1_55' title='bbox 608 1099 653 1159; x_wconf 88' lang='lat' dir='ltr'><strong>siu</strong></span> <span class='ocrx_word' id='word_1_56' title='bbox 699 1097 756 1157; x_wconf 89' lang='lat' dir='ltr'><strong>lari</strong></span> <span class='ocrx_word' id='word_1_57' title='bbox 787 1110 844 1158; x_wconf 88' lang='lat' dir='ltr'><strong>tuo</strong></span> <span class='ocrx_word' id='word_1_58' title='bbox 879 1119 1002 1158; x_wconf 85' lang='lat' dir='ltr'><strong>assensu</strong></span> <span class='ocrx_word' id='word_1_59' title='bbox 1023 1097 1140 1159; x_wconf 88' lang='lat' dir='ltr'><strong>mundo</strong></span> 
     </span>
     <span class='ocr_line' id='line_1_9' title="bbox 66 1179 1141 1268; baseline -0.007 -19"><span class='ocrx_word' id='word_1_60' title='bbox 66 1187 246 1249; x_wconf 72' lang='lat' dir='ltr'><strong>succurristi</strong></span> <span class='ocrx_word' id='word_1_61' title='bbox 259 1183 408 1268; x_wconf 77' lang='lat' dir='ltr'><strong>perdito?</strong></span> <span class='ocrx_word' id='word_1_62' title='bbox 431 1183 516 1259; x_wconf 85' lang='lat' dir='ltr'><strong>Quas</strong></span> <span class='ocrx_word' id='word_1_63' title='bbox 528 1181 586 1242; x_wconf 91' lang='lat' dir='ltr'><strong>tibi</strong></span> <span class='ocrx_word' id='word_1_64' title='bbox 596 1181 647 1242; x_wconf 85' lang='lat' dir='ltr'><strong>lau</strong></span> <span class='ocrx_word' id='word_1_65' title='bbox 670 1203 701 1243; x_wconf 89' lang='lat' dir='ltr'><strong>es</strong></span> <span class='ocrx_word' id='word_1_66' title='bbox 713 1180 864 1265; x_wconf 76' lang='lat' dir='ltr'><strong>fragilitas</strong></span> <span class='ocrx_word' id='word_1_67' title='bbox 874 1179 1001 1241; x_wconf 91' lang='lat' dir='ltr'><strong>humani</strong></span> <span class='ocrx_word' id='word_1_68' title='bbox 1023 1182 1141 1263; x_wconf 88' lang='lat' dir='ltr'><strong>generis</strong></span> 
     </span>
     <span class='ocr_line' id='line_1_10' title="bbox 65 1263 1144 1358; baseline -0.01 -24"><span class='ocrx_word' id='word_1_69' title='bbox 65 1268 232 1358; x_wconf 83' lang='lat' dir='ltr'><strong>persolvat,</strong></span> <span class='ocrx_word' id='word_1_70' title='bbox 252 1266 408 1351; x_wconf 87' lang='lat' dir='ltr'><strong>quaesolo</strong></span> <span class='ocrx_word' id='word_1_71' title='bbox 421 1279 479 1330; x_wconf 90' lang='lat' dir='ltr'><strong>tuo</strong></span> <span class='ocrx_word' id='word_1_72' title='bbox 493 1268 678 1339; x_wconf 81' lang='lat' dir='ltr'><strong>commercio</strong></span> <span class='ocrx_word' id='word_1_73' title='bbox 693 1265 898 1349; x_wconf 86' lang='lat' dir='ltr'><strong>recuperandi</strong></span> <span class='ocrx_word' id='word_1_74' title='bbox 920 1263 1037 1325; x_wconf 85' lang='lat' dir='ltr'><strong>aditum</strong></span> <span class='ocrx_word' id='word_1_75' title='bbox 1058 1265 1144 1323; x_wconf 82' lang='lat' dir='ltr'><strong>inve·</strong></span> 
     </span>
    </p>

    <p class='ocr_par' dir='ltr' id='par_1_6' title="bbox 65 1347 1144 1435">
     <span class='ocr_line' id='line_1_11' title="bbox 65 1347 1144 1435; baseline -0.008 -19"><span class='ocrx_word' id='word_1_76' title='bbox 65 1355 138 1418; x_wconf 80' lang='lat' dir='ltr'><strong>niti</strong></span> <span class='ocrx_word' id='word_1_77' title='bbox 159 1352 274 1435; x_wconf 81' lang='lat' dir='ltr'><strong>Accipe</strong></span> <span class='ocrx_word' id='word_1_78' title='bbox 291 1355 396 1434; x_wconf 85' lang='lat' dir='ltr'><strong>itaque</strong></span> <span class='ocrx_word' id='word_1_79' title='bbox 414 1369 616 1433; x_wconf 84' lang='lat' dir='ltr'><strong>quascunque</strong></span> <span class='ocrx_word' id='word_1_80' title='bbox 633 1347 734 1426; x_wconf 88' lang='lat' dir='ltr'><strong>exiles,</strong></span> <span class='ocrx_word' id='word_1_81' title='bbox 746 1369 949 1433; x_wconf 87' lang='lat' dir='ltr'><strong>quascunque</strong></span> <span class='ocrx_word' id='word_1_82' title='bbox 957 1348 1073 1409; x_wconf 87' lang='lat' dir='ltr'><strong>meritis</strong></span> <span class='ocrx_word' id='word_1_83' title='bbox 1083 1348 1144 1407; x_wconf 80' lang='lat' dir='ltr'><strong>tuit</strong></span> 
     </span>
    </p>

    <p class='ocr_par' dir='ltr' id='par_1_7' title="bbox 66 1428 1146 1523">
     <span class='ocr_line' id='line_1_12' title="bbox 66 1428 1146 1523; baseline -0.011 -22"><span class='ocrx_word' id='word_1_84' title='bbox 66 1443 199 1523; x_wconf 85' lang='lat' dir='ltr'><strong>impares</strong></span> <span class='ocrx_word' id='word_1_85' title='bbox 220 1436 563 1520; x_wconf 82' lang='lat' dir='ltr'><strong>gratiarum&#39;nctiones:</strong></span> <span class='ocrx_word' id='word_1_86' title='bbox 593 1443 624 1494; x_wconf 88' lang='lat' dir='ltr'><strong>et</strong></span> <span class='ocrx_word' id='word_1_87' title='bbox 646 1452 716 1492; x_wconf 86' lang='lat' dir='ltr'><strong>cum</strong></span> <span class='ocrx_word' id='word_1_88' title='bbox 737 1435 908 1517; x_wconf 85' lang='lat' dir='ltr'><strong>susceperis</strong></span> <span class='ocrx_word' id='word_1_89' title='bbox 928 1443 1017 1506; x_wconf 81' lang='lat' dir='ltr'><strong>vota,</strong></span> <span class='ocrx_word' id='word_1_90' title='bbox 1039 1428 1146 1513; x_wconf 86' lang='lat' dir='ltr'><strong>culpas</strong></span> 
     </span>
    </p>

    <p class='ocr_par' dir='ltr' id='par_1_8' title="bbox 67 1515 1147 1601">
     <span class='ocr_line' id='line_1_13' title="bbox 67 1515 1147 1601; baseline -0.011 -15"><span class='ocrx_word' id='word_1_91' title='bbox 67 1535 192 1586; x_wconf 85' lang='lat' dir='ltr'><strong>nostras</strong></span> <span class='ocrx_word' id='word_1_92' title='bbox 229 1520 349 1580; x_wconf 87' lang='lat' dir='ltr'><strong>orando</strong></span> <span class='ocrx_word' id='word_1_93' title='bbox 380 1538 497 1579; x_wconf 87' lang='lat' dir='ltr'><strong>excusa.</strong></span> <span class='ocrx_word' id='word_1_94' title='bbox 550 1515 687 1576; x_wconf 82' lang='lat' dir='ltr'><strong>Admitte</strong></span> <span class='ocrx_word' id='word_1_95' title='bbox 716 1530 837 1577; x_wconf 87' lang='lat' dir='ltr'><strong>nostras</strong></span> <span class='ocrx_word' id='word_1_96' title='bbox 861 1535 971 1601; x_wconf 89' lang='lat' dir='ltr'><strong>preces</strong></span> <span class='ocrx_word' id='word_1_97' title='bbox 998 1516 1080 1575; x_wconf 86' lang='lat' dir='ltr'><strong>intra</strong></span> <span class='ocrx_word' id='word_1_98' title='bbox 1095 1533 1147 1574; x_wconf 84' lang='lat' dir='ltr'><strong>sa-</strong></span> 
     </span>
    </p>

    <p class='ocr_par' dir='ltr' id='par_1_9' title="bbox 68 1598 1320 2273">
     <span class='ocr_line' id='line_1_14' title="bbox 68 1598 1320 1693; baseline -0.009 -25"><span class='ocrx_word' id='word_1_99' title='bbox 68 1608 206 1668; x_wconf 87' lang='lat' dir='ltr'><strong>crarium</strong></span> <span class='ocrx_word' id='word_1_100' title='bbox 227 1604 453 1678; x_wconf 82' lang='lat' dir='ltr'><strong>exauditionis,</strong></span> <span class='ocrx_word' id='word_1_101' title='bbox 482 1612 513 1661; x_wconf 92' lang='lat' dir='ltr'><strong>et</strong></span> <span class='ocrx_word' id='word_1_102' title='bbox 538 1612 666 1683; x_wconf 88' lang='lat' dir='ltr'><strong>reporta</strong></span> <span class='ocrx_word' id='word_1_103' title='bbox 690 1599 782 1660; x_wconf 91' lang='lat' dir='ltr'><strong>nobis</strong></span> <span class='ocrx_word' id='word_1_104' title='bbox 802 1599 977 1661; x_wconf 80' lang='lat' dir='ltr'><strong>antidotum</strong></span> <span class='ocrx_word' id='word_1_105' title='bbox 999 1598 1278 1693; x_wconf 54' lang='lat' dir='ltr'><strong>reconcillewggv</strong></span> <span class='ocrx_word' id='word_1_106' title='bbox 1292 1603 1320 1647; x_wconf 68' lang='grc' dir='ltr'><strong>Β·</strong></span> 
     </span>
     <span class='ocr_line' id='line_1_15' title="bbox 69 1661 1269 1769; baseline -0.008 -16"><span class='ocrx_word' id='word_1_107' title='bbox 69 1689 219 1753; x_wconf 87' lang='lat' dir='ltr'><strong>liationis.</strong></span> <span class='ocrx_word' id='word_1_108' title='bbox 269 1686 320 1747; x_wconf 86' lang='lat' dir='ltr'><strong>Sit</strong></span> <span class='ocrx_word' id='word_1_109' title='bbox 351 1707 407 1769; x_wconf 92' lang='lat' dir='ltr'><strong>per</strong></span> <span class='ocrx_word' id='word_1_110' title='bbox 433 1699 462 1746; x_wconf 89' lang='lat' dir='ltr'><strong>te</strong></span> <span class='ocrx_word' id='word_1_111' title='bbox 493 1682 686 1760; x_wconf 80' lang='lat' dir='ltr'><strong>excusabile,</strong></span> <span class='ocrx_word' id='word_1_112' title='bbox 710 1683 799 1768; x_wconf 90' lang='lat' dir='ltr'><strong>quod</strong></span> <span class='ocrx_word' id='word_1_113' title='bbox 827 1696 936 1768; x_wconf 89' lang='lat' dir='ltr'><strong>perte</strong></span> <span class='ocrx_word' id='word_1_114' title='bbox 961 1683 1144 1766; x_wconf 78' lang='lat' dir='ltr'><strong>ingerimus:</strong></span> <span class='ocrx_word' id='word_1_115' title='bbox 1180 1661 1213 1704; x_wconf 49' lang='grc' dir='ltr'><strong>η</strong></span> <span class='ocrx_word' id='word_1_116' title='bbox 1261 1678 1269 1693; x_wconf 74' lang='grc'><strong><em>’</em></strong></span> 
     </span>
     <span class='ocr_line' id='line_1_16' title="bbox 71 1763 1147 1852; baseline -0.007 -18"><span class='ocrx_word' id='word_1_117' title='bbox 71 1772 128 1834; x_wconf 88' lang='lat' dir='ltr'><strong>fiat</strong></span> <span class='ocrx_word' id='word_1_118' title='bbox 154 1768 365 1852; x_wconf 86' lang='lat' dir='ltr'><strong>impetrabile,</strong></span> <span class='ocrx_word' id='word_1_119' title='bbox 388 1769 475 1852; x_wconf 89' lang='lat' dir='ltr'><strong>quod</strong></span> <span class='ocrx_word' id='word_1_120' title='bbox 499 1766 563 1829; x_wconf 86' lang='lat' dir='ltr'><strong>fida</strong></span> <span class='ocrx_word' id='word_1_121' title='bbox 585 1781 686 1828; x_wconf 89' lang='lat' dir='ltr'><strong>mente</strong></span> <span class='ocrx_word' id='word_1_122' title='bbox 699 1770 866 1852; x_wconf 87' lang='lat' dir='ltr'><strong>poscimus.</strong></span> <span class='ocrx_word' id='word_1_123' title='bbox 908 1766 1036 1850; x_wconf 83' lang='lat' dir='ltr'><strong>Accipe,</strong></span> <span class='ocrx_word' id='word_1_124' title='bbox 1058 1763 1147 1850; x_wconf 89' lang='lat' dir='ltr'><strong>quod</strong></span> 
     </span>
     <span class='ocr_line' id='line_1_17' title="bbox 74 1844 1320 1955; baseline -0.006 -38"><span class='ocrx_word' id='word_1_125' title='bbox 74 1855 253 1932; x_wconf 84' lang='lat' dir='ltr'><strong>offerimus,</strong></span> <span class='ocrx_word' id='word_1_126' title='bbox 275 1854 414 1929; x_wconf 88' lang='lat' dir='ltr'><strong>redona,</strong></span> <span class='ocrx_word' id='word_1_127' title='bbox 438 1852 525 1935; x_wconf 89' lang='lat' dir='ltr'><strong>quod</strong></span> <span class='ocrx_word' id='word_1_128' title='bbox 543 1872 700 1936; x_wconf 79' lang='lat' dir='ltr'><strong>rogamus,</strong></span> <span class='ocrx_word' id='word_1_129' title='bbox 723 1872 850 1930; x_wconf 87' lang='lat' dir='ltr'><strong>excusa,</strong></span> <span class='ocrx_word' id='word_1_130' title='bbox 873 1850 960 1935; x_wconf 89' lang='lat' dir='ltr'><strong>quod</strong></span> <span class='ocrx_word' id='word_1_131' title='bbox 981 1853 1146 1913; x_wconf 80' lang='lat' dir='ltr'><strong>timemus:</strong></span> <span class='ocrx_word' id='word_1_132' title='bbox 1174 1844 1320 1955; x_wconf 43' lang='lat' dir='ltr'><strong>‘spatiata</strong></span> 
     </span>
     <span class='ocr_line' id='line_1_18' title="bbox 72 1924 1305 2024; baseline -0.003 -26"><span class='ocrx_word' id='word_1_133' title='bbox 72 1942 197 2021; x_wconf 81' lang='lat' dir='ltr'><strong>quintu</strong></span> <span class='ocrx_word' id='word_1_134' title='bbox 221 1958 250 1997; x_wconf 89' lang='lat' dir='ltr'><strong>es</strong></span> <span class='ocrx_word' id='word_1_135' title='bbox 272 1959 340 2024; x_wconf 87' lang='lat' dir='ltr'><strong>spes</strong></span> <span class='ocrx_word' id='word_1_136' title='bbox 356 1940 447 1998; x_wconf 83' lang='lat' dir='ltr'><strong>unica</strong></span> <span class='ocrx_word' id='word_1_137' title='bbox 467 1948 689 2022; x_wconf 83' lang='lat' dir='ltr'><strong>peccatorum,</strong></span> <span class='ocrx_word' id='word_1_138' title='bbox 713 1957 771 2020; x_wconf 91' lang='lat' dir='ltr'><strong>per·</strong></span> <span class='ocrx_word' id='word_1_139' title='bbox 793 1950 825 1998; x_wconf 88' lang='lat' dir='ltr'><strong>te</strong></span> <span class='ocrx_word' id='word_1_140' title='bbox 848 1956 1006 2020; x_wconf 85' lang='lat' dir='ltr'><strong>speramus</strong></span> <span class='ocrx_word' id='word_1_141' title='bbox 1026 1935 1145 1996; x_wconf 76' lang='lat' dir='ltr'><strong>reniam</strong></span> <span class='ocrx_word' id='word_1_142' title='bbox 1157 1924 1305 2015; x_wconf 52' lang='lat' dir='ltr'><strong>{oii&#39;ds‘lss</strong></span> 
     </span>
     <span class='ocr_line' id='line_1_19' title="bbox 72 2008 1228 2104; baseline -0.003 -20"><span class='ocrx_word' id='word_1_143' title='bbox 72 2022 274 2098; x_wconf 80' lang='lat' dir='ltr'><strong>delictorum,</strong></span> <span class='ocrx_word' id='word_1_144' title='bbox 314 2032 344 2082; x_wconf 93' lang='lat' dir='ltr'><strong>et</strong></span> <span class='ocrx_word' id='word_1_145' title='bbox 374 2023 406 2080; x_wconf 91' lang='lat' dir='ltr'><strong>in</strong></span> <span class='ocrx_word' id='word_1_146' title='bbox 427 2033 457 2081; x_wconf 88' lang='lat' dir='ltr'><strong>te</strong></span> <span class='ocrx_word' id='word_1_147' title='bbox 477 2008 651 2082; x_wconf 72' lang='lat' dir='ltr'><strong>biatissima</strong></span> <span class='ocrx_word' id='word_1_148' title='bbox 686 2025 868 2083; x_wconf 76' lang='lat' dir='ltr'><strong>nostrorum</strong></span> <span class='ocrx_word' id='word_1_149' title='bbox 889 2032 936 2082; x_wconf 88' lang='lat' dir='ltr'><strong>est</strong></span> <span class='ocrx_word' id='word_1_150' title='bbox 957 2022 1145 2104; x_wconf 86' lang='lat' dir='ltr'><strong>exspectatio</strong></span> <span class='ocrx_word' id='word_1_151' title='bbox 1158 2019 1228 2056; x_wconf 76' lang='lat'>⁸⁸¹⁸·</span> 
     </span>
     <span class='ocr_line' id='line_1_20' title="bbox 96 2103 1147 2188; baseline -0.002 -22"><span class='ocrx_word' id='word_1_152' title='bbox 96 2107 289 2168; x_wconf 86' lang='lat' dir='ltr'><strong>raemiorurn.</strong></span> <span class='ocrx_word' id='word_1_153' title='bbox 334 2104 445 2167; x_wconf 85' lang='lat' dir='ltr'><strong>Sancta</strong></span> <span class='ocrx_word' id='word_1_154' title='bbox 466 2106 585 2182; x_wconf 86' lang='lat' dir='ltr'><strong>Maria,</strong></span> <span class='ocrx_word' id='word_1_155' title='bbox 618 2126 767 2167; x_wconf 88' lang='lat' dir='ltr'><strong>succurre</strong></span> <span class='ocrx_word' id='word_1_156' title='bbox 787 2107 926 2182; x_wconf 87' lang='lat' dir='ltr'><strong>miseris,</strong></span> <span class='ocrx_word' id='word_1_157' title='bbox 948 2106 1025 2186; x_wconf 84' lang='lat' dir='ltr'><strong>juva</strong></span> <span class='ocrx_word' id='word_1_158' title='bbox 1045 2103 1147 2188; x_wconf 87' lang='lat' dir='ltr'><strong>pusil-</strong></span> 
     </span>
     <span class='ocr_line' id='line_1_21' title="bbox 71 2129 1145 2273; baseline -0.002 -21"><span class='ocrx_word' id='word_1_159' title='bbox 71 2129 217 2267; x_wconf 77' lang='lat' dir='ltr'><strong>lanimes,</strong></span> <span class='ocrx_word' id='word_1_160' title='bbox 250 2189 357 2250; x_wconf 82' lang='lat' dir='ltr'><strong>refove</strong></span> <span class='ocrx_word' id='word_1_161' title='bbox 389 2187 506 2251; x_wconf 87' lang='lat' dir='ltr'><strong>flebiles</strong></span> <span class='ocrx_word' id='word_1_162' title='bbox 531 2201 613 2269; x_wconf 77' lang='lat' dir='ltr'><strong>etc,</strong></span> <span class='ocrx_word' id='word_1_163' title='bbox 644 2203 681 2251; x_wconf 95' lang='lat' dir='ltr'><strong>ut</strong></span> <span class='ocrx_word' id='word_1_164' title='bbox 699 2188 773 2250; x_wconf 81' lang='lat' dir='ltr'><strong>inlr.</strong></span> <span class='ocrx_word' id='word_1_165' title='bbox 794 2203 910 2273; x_wconf 82' lang='lat' dir='ltr'><strong>quaest</strong></span> <span class='ocrx_word' id='word_1_166' title='bbox 936 2202 985 2260; x_wconf 82' lang='grc'><strong>19.</strong></span> <span class='ocrx_word' id='word_1_167' title='bbox 1011 2186 1145 2273; x_wconf 46' lang='grc' dir='ltr'><strong>,Αεεὶεῑε</strong></span> 
     </span>
    </p>

    <p class='ocr_par' dir='ltr' id='par_1_10' title="bbox 73 2273 1147 2361">
     <span class='ocr_line' id='line_1_22' title="bbox 73 2273 1147 2361; baseline -0.001 -27"><span class='ocrx_word' id='word_1_168' title='bbox 73 2287 180 2361; x_wconf 86' lang='lat' dir='ltr'><strong>parata</strong></span> <span class='ocrx_word' id='word_1_169' title='bbox 206 2276 289 2333; x_wconf 74' lang='lat' dir='ltr'><strong>rotis</strong></span> <span class='ocrx_word' id='word_1_170' title='bbox 307 2274 517 2354; x_wconf 88' lang='lat' dir='ltr'><strong>poscentium,</strong></span> <span class='ocrx_word' id='word_1_171' title='bbox 552 2284 584 2332; x_wconf 87' lang='lat' dir='ltr'><strong>at</strong></span> <span class='ocrx_word' id='word_1_172' title='bbox 600 2273 735 2356; x_wconf 86' lang='lat' dir='ltr'><strong>repende</strong></span> <span class='ocrx_word' id='word_1_173' title='bbox 753 2273 899 2335; x_wconf 85' lang='lat' dir='ltr'><strong>omnihus</strong></span> <span class='ocrx_word' id='word_1_174' title='bbox 931 2285 1072 2358; x_wconf 86' lang='lat' dir='ltr'><strong>optatum</strong></span> <span class='ocrx_word' id='word_1_175' title='bbox 1097 2273 1147 2334; x_wconf 87' lang='lat' dir='ltr'><strong>ef·</strong></span> 
     </span>
    </p>

    <p class='ocr_par' dir='ltr' id='par_1_11' title="bbox 75 2355 1149 2442">
     <span class='ocr_line' id='line_1_23' title="bbox 75 2355 1149 2442; baseline -0.001 -23"><span class='ocrx_word' id='word_1_176' title='bbox 75 2359 199 2420; x_wconf 85' lang='lat' dir='ltr'><strong>fectum.</strong></span> <span class='ocrx_word' id='word_1_177' title='bbox 258 2356 328 2414; x_wconf 90' lang='lat' dir='ltr'><strong>Sint</strong></span> <span class='ocrx_word' id='word_1_178' title='bbox 352 2355 411 2414; x_wconf 90' lang='lat' dir='ltr'><strong>tibi</strong></span> <span class='ocrx_word' id='word_1_179' title='bbox 440 2357 542 2415; x_wconf 88' lang='lat' dir='ltr'><strong>studia</strong></span> <span class='ocrx_word' id='word_1_180' title='bbox 571 2357 692 2415; x_wconf 86' lang='lat' dir='ltr'><strong>assidue</strong></span> <span class='ocrx_word' id='word_1_181' title='bbox 717 2377 808 2417; x_wconf 86' lang='lat' dir='ltr'><strong>orare</strong></span> <span class='ocrx_word' id='word_1_182' title='bbox 843 2378 904 2441; x_wconf 87' lang='lat' dir='ltr'><strong>pro</strong></span> <span class='ocrx_word' id='word_1_183' title='bbox 933 2356 1056 2442; x_wconf 89' lang='lat' dir='ltr'><strong>populo</strong></span> <span class='ocrx_word' id='word_1_184' title='bbox 1074 2358 1149 2436; x_wconf 88' lang='lat' dir='ltr'><strong>Dei,</strong></span> 
     </span>
    </p>

    <p class='ocr_par' dir='ltr' id='par_1_12' title="bbox 75 2435 1005 2523">
     <span class='ocr_line' id='line_1_24' title="bbox 75 2435 1005 2523; baseline 0.002 -24"><span class='ocrx_word' id='word_1_185' title='bbox 75 2460 155 2523; x_wconf 86' lang='lat' dir='ltr'><strong>quae</strong></span> <span class='ocrx_word' id='word_1_186' title='bbox 172 2438 310 2498; x_wconf 88' lang='lat' dir='ltr'><strong>meruisti</strong></span> <span class='ocrx_word' id='word_1_187' title='bbox 334 2435 498 2497; x_wconf 88' lang='lat' dir='ltr'><strong>benedicta</strong></span> <span class='ocrx_word' id='word_1_188' title='bbox 532 2436 759 2519; x_wconf 87' lang='lat' dir='ltr'><strong>redemptorem</strong></span> <span class='ocrx_word' id='word_1_189' title='bbox 778 2440 862 2500; x_wconf 87' lang='lat' dir='ltr'><strong>ferre</strong></span> <span class='ocrx_word' id='word_1_190' title='bbox 887 2442 1005 2501; x_wconf 91' lang='lat' dir='ltr'><strong>mundi.</strong></span> 
     </span>
    </p>

    <p class='ocr_par' dir='ltr' id='par_1_13' title="bbox 75 2518 1322 2773">
     <span class='ocr_line' id='line_1_25' title="bbox 163 2518 1322 2615; baseline 0.001 -35"><span class='ocrx_word' id='word_1_191' title='bbox 163 2533 193 2588; x_wconf 75' lang='grc'><strong>1.</strong></span> <span class='ocrx_word' id='word_1_192' title='bbox 237 2518 471 2579; x_wconf 87' lang='lat' dir='ltr'><strong>AMBROSIUS</strong></span> <span class='ocrx_word' id='word_1_193' title='bbox 507 2520 538 2578; x_wconf 91' lang='lat' dir='ltr'><strong>in</strong></span> <span class='ocrx_word' id='word_1_194' title='bbox 568 2539 595 2578; x_wconf 89' lang='lat' dir='ltr'><strong>c.</strong></span> <span class='ocrx_word' id='word_1_195' title='bbox 620 2532 648 2586; x_wconf 84' lang='lat'><strong>1.</strong></span> <span class='ocrx_word' id='word_1_196' title='bbox 666 2521 761 2580; x_wconf 81' lang='lat' dir='ltr'><strong>Luc:</strong></span> <span class='ocrx_word' id='word_1_197' title='bbox 790 2524 890 2583; x_wconf 87' lang='lat' dir='ltr'><strong>Maria</strong></span> <span class='ocrx_word' id='word_1_198' title='bbox 920 2522 1147 2584; x_wconf 87' lang='lat' dir='ltr'><strong>benedictionis</strong></span> <span class='ocrx_word' id='word_1_199' title='bbox 1158 2525 1322 2615; x_wconf 56' lang='lat' dir='ltr'><strong>perueneram.</strong></span> 
     </span>
     <span class='ocr_line' id='line_1_26' title="bbox 75 2581 1306 2686; baseline -0.003 -18"><span class='ocrx_word' id='word_1_200' title='bbox 75 2626 188 2669; x_wconf 85' lang='lat' dir='ltr'><strong>novam</strong></span> <span class='ocrx_word' id='word_1_201' title='bbox 211 2601 376 2663; x_wconf 81' lang='lat' dir='ltr'><strong>formulam</strong></span> <span class='ocrx_word' id='word_1_202' title='bbox 400 2600 589 2680; x_wconf 82' lang='lat' dir='ltr'><strong>mirabatur,</strong></span> <span class='ocrx_word' id='word_1_203' title='bbox 611 2622 690 2685; x_wconf 88' lang='lat' dir='ltr'><strong>quae</strong></span> <span class='ocrx_word' id='word_1_204' title='bbox 707 2625 859 2686; x_wconf 86' lang='lat' dir='ltr'><strong>nusquam</strong></span> <span class='ocrx_word' id='word_1_205' title='bbox 877 2606 956 2665; x_wconf 90' lang='lat' dir='ltr'><strong>lecta</strong></span> <span class='ocrx_word' id='word_1_206' title='bbox 977 2619 1043 2678; x_wconf 88' lang='lat' dir='ltr'><strong>est,</strong></span> <span class='ocrx_word' id='word_1_207' title='bbox 1075 2625 1150 2665; x_wconf 85' lang='lat' dir='ltr'><strong>nus-</strong></span> <span class='ocrx_word' id='word_1_208' title='bbox 1171 2581 1306 2624; x_wconf 57' lang='lat' dir='ltr'><strong>&#39;mm</strong></span> 
     </span>
     <span class='ocr_line' id='line_1_27' title="bbox 77 2684 1148 2773; baseline -0.001 -24"><span class='ocrx_word' id='word_1_209' title='bbox 77 2710 169 2772; x_wconf 84' lang='lat' dir='ltr'><strong>quam</strong></span> <span class='ocrx_word' id='word_1_210' title='bbox 187 2699 257 2748; x_wconf 83' lang='lat' dir='ltr'><strong>ente</strong></span> <span class='ocrx_word' id='word_1_211' title='bbox 275 2699 455 2773; x_wconf 84' lang='lat' dir='ltr'><strong>comperta,</strong></span> <span class='ocrx_word' id='word_1_212' title='bbox 483 2684 543 2748; x_wconf 84' lang='lat' dir='ltr'><strong>soli</strong></span> <span class='ocrx_word' id='word_1_213' title='bbox 564 2687 681 2747; x_wconf 84' lang='lat' dir='ltr'><strong>Mariae</strong></span> <span class='ocrx_word' id='word_1_214' title='bbox 700 2685 776 2748; x_wconf 88' lang='lat' dir='ltr'><strong>haec</strong></span> <span class='ocrx_word' id='word_1_215' title='bbox 794 2688 941 2752; x_wconf 88' lang='lat' dir='ltr'><strong>salutatio</strong></span> <span class='ocrx_word' id='word_1_216' title='bbox 959 2687 1148 2750; x_wconf 84' lang='lat' dir='ltr'><strong>servabatur.</strong></span> 
     </span>
    </p>

    <p class='ocr_par' dir='ltr' id='par_1_14' title="bbox 76 2764 1316 3367">
     <span class='ocr_line' id='line_1_28' title="bbox 76 2764 1149 2858; baseline -0.007 -20"><span class='ocrx_word' id='word_1_217' title='bbox 76 2776 159 2838; x_wconf 85' lang='lat' dir='ltr'><strong>Bene</strong></span> <span class='ocrx_word' id='word_1_218' title='bbox 182 2764 276 2833; x_wconf 79' lang='lat' dir='ltr'><strong>enim¹</strong></span> <span class='ocrx_word' id='word_1_219' title='bbox 292 2772 360 2832; x_wconf 84' lang='lat' dir='ltr'><strong>sola</strong></span> <span class='ocrx_word' id='word_1_220' title='bbox 387 2772 485 2854; x_wconf 85' lang='lat' dir='ltr'><strong>gratia</strong></span> <span class='ocrx_word' id='word_1_221' title='bbox 512 2769 602 2855; x_wconf 89' lang='lat' dir='ltr'><strong>plena</strong></span> <span class='ocrx_word' id='word_1_222' title='bbox 629 2770 764 2843; x_wconf 84' lang='lat' dir='ltr'><strong>dicitur,</strong></span> <span class='ocrx_word' id='word_1_223' title='bbox 806 2792 886 2856; x_wconf 89' lang='lat' dir='ltr'><strong>quac</strong></span> <span class='ocrx_word' id='word_1_224' title='bbox 920 2773 988 2835; x_wconf 86' lang='lat' dir='ltr'><strong>sole</strong></span> <span class='ocrx_word' id='word_1_225' title='bbox 1011 2764 1149 2858; x_wconf 83' lang='lat' dir='ltr'><strong>gratiam,</strong></span> 
     </span>
     <span class='ocr_line' id='line_1_29' title="bbox 79 2854 1300 2952; baseline -0.004 -34"><span class='ocrx_word' id='word_1_226' title='bbox 79 2854 270 2942; x_wconf 81' lang='lat' dir='ltr'><strong>quamnulla</strong></span> <span class='ocrx_word' id='word_1_227' title='bbox 293 2855 352 2917; x_wconf 87' lang='lat' dir='ltr'><strong>alia</strong></span> <span class='ocrx_word' id='word_1_228' title='bbox 374 2868 550 2933; x_wconf 86' lang='lat' dir='ltr'><strong>meruerat,</strong></span> <span class='ocrx_word' id='word_1_229' title='bbox 571 2869 738 2918; x_wconf 86' lang='lat' dir='ltr'><strong>consecuta</strong></span> <span class='ocrx_word' id='word_1_230' title='bbox 771 2871 833 2936; x_wconf 89' lang='lat' dir='ltr'><strong>est,</strong></span> <span class='ocrx_word' id='word_1_231' title='bbox 856 2870 893 2919; x_wconf 92' lang='lat' dir='ltr'><strong>ut</strong></span> <span class='ocrx_word' id='word_1_232' title='bbox 910 2861 1026 2944; x_wconf 86' lang='lat' dir='ltr'><strong>gratiae</strong></span> <span class='ocrx_word' id='word_1_233' title='bbox 1049 2855 1152 2939; x_wconf 90' lang='lat' dir='ltr'><strong>reple·</strong></span> <span class='ocrx_word' id='word_1_234' title='bbox 1178 2856 1300 2952; x_wconf 59' lang='lat' dir='ltr'><strong>grauun</strong></span> 
     </span>
     <span class='ocr_line' id='line_1_30' title="bbox 78 2918 1316 3024; baseline 0 -22"><span class='ocrx_word' id='word_1_235' title='bbox 78 2956 166 3003; x_wconf 88' lang='lat' dir='ltr'><strong>retur</strong></span> <span class='ocrx_word' id='word_1_236' title='bbox 187 2952 323 3002; x_wconf 81' lang='lat' dir='ltr'><strong>anctore.</strong></span> <span class='ocrx_word' id='word_1_237' title='bbox 375 2939 478 3007; x_wconf 81' lang='lat' dir='ltr'><strong>Ibid..·</strong></span> <span class='ocrx_word' id='word_1_238' title='bbox 513 2940 577 3003; x_wconf 87' lang='lat' dir='ltr'><strong>Nec</strong></span> <span class='ocrx_word' id='word_1_239' title='bbox 602 2962 730 3020; x_wconf 77' lang='lat' dir='ltr'><strong>mirum,</strong></span> <span class='ocrx_word' id='word_1_240' title='bbox 751 2944 777 3003; x_wconf 88' lang='lat' dir='ltr'><strong>ai</strong></span> <span class='ocrx_word' id='word_1_241' title='bbox 798 2942 956 3005; x_wconf 87' lang='lat' dir='ltr'><strong>Dominus·</strong></span> <span class='ocrx_word' id='word_1_242' title='bbox 973 2918 1195 3024; x_wconf 71' lang='lat' dir='ltr'><strong>redemptu·irr</strong></span> <span class='ocrx_word' id='word_1_243' title='bbox 1208 2923 1316 3010; x_wconf 59' lang='lat' dir='ltr'><strong>&#39;iiiii&#39;</strong></span> 
     </span>
     <span class='ocr_line' id='line_1_31' title="bbox 77 3015 1291 3108; baseline -0.005 -19"><span class='ocrx_word' id='word_1_244' title='bbox 77 3047 131 3089; x_wconf 84' lang='lat' dir='ltr'><strong>rus</strong></span> <span class='ocrx_word' id='word_1_245' title='bbox 157 3025 306 3087; x_wconf 84' lang='lat' dir='ltr'><strong>mundum</strong></span> <span class='ocrx_word' id='word_1_246' title='bbox 325 3027 536 3108; x_wconf 89' lang='lat' dir='ltr'><strong>operationem</strong></span> <span class='ocrx_word' id='word_1_247' title='bbox 552 3047 638 3087; x_wconf 86' lang='lat' dir='ltr'><strong>suam</strong></span> <span class='ocrx_word' id='word_1_248' title='bbox 660 3024 820 3089; x_wconf 85' lang='lat' dir='ltr'><strong>inchoarit</strong></span> <span class='ocrx_word' id='word_1_249' title='bbox 846 3049 864 3089; x_wconf 86' lang='lat' dir='ltr'><strong>u</strong></span> <span class='ocrx_word' id='word_1_250' title='bbox 887 3039 1004 3104; x_wconf 87' lang='lat' dir='ltr'><strong>matre,</strong></span> <span class='ocrx_word' id='word_1_251' title='bbox 1024 3039 1073 3102; x_wconf 90' lang='lat' dir='ltr'><strong>ut,</strong></span> <span class='ocrx_word' id='word_1_252' title='bbox 1094 3044 1152 3108; x_wconf 91' lang='lat' dir='ltr'><strong>per</strong></span> <span class='ocrx_word' id='word_1_253' title='bbox 1164 3015 1291 3099; x_wconf 64' lang='lat'><strong>22,‚&#39;”&#39;²⁸</strong></span> 
     </span>
     <span class='ocr_line' id='line_1_32' title="bbox 81 3107 1154 3196; baseline 0 -27"><span class='ocrx_word' id='word_1_254' title='bbox 81 3131 173 3192; x_wconf 82' lang='lat' dir='ltr'><strong>quam</strong></span> <span class='ocrx_word' id='word_1_255' title='bbox 199 3107 280 3169; x_wconf 82' lang='lat' dir='ltr'><strong>salus</strong></span> <span class='ocrx_word' id='word_1_256' title='bbox 313 3108 457 3170; x_wconf 88' lang='lat' dir='ltr'><strong>omnibus</strong></span> <span class='ocrx_word' id='word_1_257' title='bbox 481 3108 675 3193; x_wconf 85' lang='lat' dir='ltr'><strong>parabatur,</strong></span> <span class='ocrx_word' id='word_1_258' title='bbox 694 3112 798 3173; x_wconf 90' lang='lat' dir='ltr'><strong>eadem</strong></span> <span class='ocrx_word' id='word_1_259' title='bbox 818 3114 918 3196; x_wconf 90' lang='lat' dir='ltr'><strong>prima</strong></span> <span class='ocrx_word' id='word_1_260' title='bbox 941 3111 1080 3172; x_wconf 87' lang='lat' dir='ltr'><strong>fructum</strong></span> <span class='ocrx_word' id='word_1_261' title='bbox 1103 3128 1154 3170; x_wconf 84' lang='lat' dir='ltr'><strong>sn·</strong></span> 
     </span>
     <span class='ocr_line' id='line_1_33' title="bbox 83 3192 1301 3277; baseline -0.002 -24"><span class='ocrx_word' id='word_1_262' title='bbox 83 3194 158 3254; x_wconf 85' lang='lat' dir='ltr'><strong>lutis</strong></span> <span class='ocrx_word' id='word_1_263' title='bbox 189 3192 329 3253; x_wconf 86' lang='lat' dir='ltr'><strong>hauriret</strong></span> <span class='ocrx_word' id='word_1_264' title='bbox 359 3214 394 3253; x_wconf 92' lang='lat' dir='ltr'><strong>ex</strong></span> <span class='ocrx_word' id='word_1_265' title='bbox 420 3195 560 3277; x_wconf 89' lang='lat' dir='ltr'><strong>pignore.</strong></span> <span class='ocrx_word' id='word_1_266' title='bbox 602 3195 692 3255; x_wconf 91' lang='lat' dir='ltr'><strong>Unde</strong></span> <span class='ocrx_word' id='word_1_267' title='bbox 714 3209 745 3258; x_wconf 92' lang='lat' dir='ltr'><strong>et</strong></span> <span class='ocrx_word' id='word_1_268' title='bbox 764 3199 876 3258; x_wconf 88' lang='lat' dir='ltr'><strong>meruit</strong></span> <span class='ocrx_word' id='word_1_269' title='bbox 896 3196 1024 3257; x_wconf 88' lang='lat' dir='ltr'><strong>audire:</strong></span> <span class='ocrx_word' id='word_1_270' title='bbox 1046 3194 1301 3268; x_wconf 69' lang='lat' dir='ltr'><strong>Bean,u0·1·u·</strong></span> 
     </span>
     <span class='ocr_line' id='line_1_34' title="bbox 82 3276 1154 3367; baseline 0.002 -32"><span class='ocrx_word' id='word_1_271' title='bbox 82 3296 163 3359; x_wconf 88' lang='lat' dir='ltr'><strong>quae</strong></span> <span class='ocrx_word' id='word_1_272' title='bbox 183 3277 354 3338; x_wconf 87' lang='lat' dir='ltr'><strong>credidisti.</strong></span> <span class='ocrx_word' id='word_1_273' title='bbox 396 3276 438 3338; x_wconf 89' lang='lat' dir='ltr'><strong>Et</strong></span> <span class='ocrx_word' id='word_1_274' title='bbox 452 3299 522 3339; x_wconf 86' lang='lat' dir='ltr'><strong>vere</strong></span> <span class='ocrx_word' id='word_1_275' title='bbox 538 3278 638 3356; x_wconf 84' lang='lat' dir='ltr'><strong>beata,</strong></span> <span class='ocrx_word' id='word_1_276' title='bbox 661 3300 740 3360; x_wconf 80' lang='lat' dir='ltr'><strong>quae</strong></span> <span class='ocrx_word' id='word_1_277' title='bbox 754 3280 1154 3367; x_wconf 78' lang='lat' dir='ltr'><strong>secerdotepraestantior:</strong></span> 
     </span>
    </p>

    <p class='ocr_par' dir='ltr' id='par_1_15' title="bbox 81 3360 947 3447">
     <span class='ocr_line' id='line_1_35' title="bbox 81 3360 947 3447; baseline 0.001 -24"><span class='ocrx_word' id='word_1_278' title='bbox 81 3381 155 3423; x_wconf 89' lang='lat' dir='ltr'><strong>cum</strong></span> <span class='ocrx_word' id='word_1_279' title='bbox 178 3360 322 3422; x_wconf 87' lang='lat' dir='ltr'><strong>sacerdos</strong></span> <span class='ocrx_word' id='word_1_280' title='bbox 346 3382 383 3420; x_wconf 89' lang='lat' dir='ltr'><strong>ne</strong></span> <span class='ocrx_word' id='word_1_281' title='bbox 405 3373 503 3440; x_wconf 85' lang='lat' dir='ltr'><strong>asset,</strong></span> <span class='ocrx_word' id='word_1_282' title='bbox 524 3364 615 3447; x_wconf 75' lang='lat' dir='ltr'><strong>virgo</strong></span> <span class='ocrx_word' id='word_1_283' title='bbox 639 3366 775 3426; x_wconf 86' lang='lat' dir='ltr'><strong>correxit</strong></span> <span class='ocrx_word' id='word_1_284' title='bbox 798 3385 947 3427; x_wconf 83' lang='lat' dir='ltr'><strong>errorem.</strong></span> 
     </span>
    </p>

    <p class='ocr_par' dir='ltr' id='par_1_16' title="bbox 80 3382 1157 3928">
     <span class='ocr_line' id='line_1_36' title="bbox 173 3382 1154 3532; baseline 0 -23"><span class='ocrx_word' id='word_1_285' title='bbox 173 3458 203 3513; x_wconf 77' lang='lat' dir='ltr'><strong>o.</strong></span> <span class='ocrx_word' id='word_1_286' title='bbox 245 3382 405 3509; x_wconf 66' lang='lat' dir='ltr'><strong>Putaui</strong></span> <span class='ocrx_word' id='word_1_287' title='bbox 429 3444 642 3532; x_wconf 86' lang='lat' dir='ltr'><strong>Chrysologm</strong></span> <span class='ocrx_word' id='word_1_288' title='bbox 677 3445 773 3509; x_wconf 88' lang='lat' dir='ltr'><strong>Serm.</strong></span> <span class='ocrx_word' id='word_1_289' title='bbox 798 3462 868 3519; x_wconf 78' lang='grc'><strong>110.</strong></span> <span class='ocrx_word' id='word_1_290' title='bbox 889 3461 921 3510; x_wconf 88' lang='lat' dir='ltr'><strong>et</strong></span> <span class='ocrx_word' id='word_1_291' title='bbox 940 3443 1154 3531; x_wconf 87' lang='lat' dir='ltr'><strong>sequentibus,</strong></span> 
     </span>
     <span class='ocr_line' id='line_1_37' title="bbox 81 3530 1155 3616; baseline 0.001 -26"><span class='ocrx_word' id='word_1_292' title='bbox 81 3531 211 3616; x_wconf 80' lang='lat' dir='ltr'><strong>exponit</strong></span> <span class='ocrx_word' id='word_1_293' title='bbox 253 3530 455 3616; x_wconf 85' lang='lat' dir='ltr'><strong>Evangelium</strong></span> <span class='ocrx_word' id='word_1_294' title='bbox 491 3530 530 3593; x_wconf 93' lang='lat' dir='ltr'><strong>de</strong></span> <span class='ocrx_word' id='word_1_295' title='bbox 567 3530 704 3595; x_wconf 84' lang='lat' dir='ltr'><strong>Annunt.</strong></span> <span class='ocrx_word' id='word_1_296' title='bbox 749 3533 907 3596; x_wconf 80' lang='lat' dir='ltr'><strong>Dominis.</strong></span> <span class='ocrx_word' id='word_1_297' title='bbox 950 3544 1042 3615; x_wconf 87' lang='lat' dir='ltr'><strong>atque</strong></span> <span class='ocrx_word' id='word_1_298' title='bbox 1073 3532 1155 3592; x_wconf 87' lang='lat' dir='ltr'><strong>iuter</strong></span> 
     </span>
     <span class='ocr_line' id='line_1_38' title="bbox 81 3612 1157 3684; baseline -0.003 -6"><span class='ocrx_word' id='word_1_299' title='bbox 81 3626 205 3678; x_wconf 82' lang='lat' dir='ltr'><strong>caetera</strong></span> <span class='ocrx_word' id='word_1_300' title='bbox 238 3612 334 3675; x_wconf 88' lang='lat' dir='ltr'><strong>Serm.</strong></span> <span class='ocrx_word' id='word_1_301' title='bbox 358 3627 429 3684; x_wconf 77' lang='lat' dir='ltr'><strong>llo.</strong></span> <span class='ocrx_word' id='word_1_302' title='bbox 449 3614 494 3676; x_wconf 91' lang='lat' dir='ltr'><strong>sic</strong></span> <span class='ocrx_word' id='word_1_303' title='bbox 523 3616 585 3678; x_wconf 77' lang='lat' dir='ltr'><strong>ait.-</strong></span> <span class='ocrx_word' id='word_1_304' title='bbox 613 3617 709 3679; x_wconf 86' lang='lat' dir='ltr'><strong>Facta</strong></span> <span class='ocrx_word' id='word_1_305' title='bbox 729 3630 865 3680; x_wconf 75' lang='lat' dir='ltr'><strong>estsere</strong></span> <span class='ocrx_word' id='word_1_306' title='bbox 885 3637 970 3680; x_wconf 90' lang='lat' dir='ltr'><strong>nuno</strong></span> <span class='ocrx_word' id='word_1_307' title='bbox 990 3629 1088 3677; x_wconf 88' lang='lat' dir='ltr'><strong>mater</strong></span> <span class='ocrx_word' id='word_1_308' title='bbox 1107 3616 1157 3675; x_wconf 81' lang='lat' dir='ltr'><strong>vi·</strong></span> 
     </span>
     <span class='ocr_line' id='line_1_39' title="bbox 80 3700 1157 3784; baseline -0.001 -25"><span class='ocrx_word' id='word_1_309' title='bbox 80 3701 221 3760; x_wconf 71' lang='lat' dir='ltr'><strong>sendum</strong></span> <span class='ocrx_word' id='word_1_310' title='bbox 250 3719 307 3783; x_wconf 81' lang='lat' dir='ltr'><strong>per·</strong></span> <span class='ocrx_word' id='word_1_311' title='bbox 340 3701 485 3784; x_wconf 86' lang='lat' dir='ltr'><strong>gratiam,</strong></span> <span class='ocrx_word' id='word_1_312' title='bbox 507 3721 586 3784; x_wconf 91' lang='lat' dir='ltr'><strong>quae</strong></span> <span class='ocrx_word' id='word_1_313' title='bbox 612 3713 710 3761; x_wconf 90' lang='lat' dir='ltr'><strong>mater·</strong></span> <span class='ocrx_word' id='word_1_314' title='bbox 731 3714 801 3763; x_wconf 90' lang='lat' dir='ltr'><strong>ante</strong></span> <span class='ocrx_word' id='word_1_315' title='bbox 824 3703 937 3763; x_wconf 85' lang='lat' dir='ltr'><strong>exstitit</strong></span> <span class='ocrx_word' id='word_1_316' title='bbox 959 3700 1157 3762; x_wconf 88' lang='lat' dir='ltr'><strong>morientium</strong></span> 
     </span>
     <span class='ocr_line' id='line_1_40' title="bbox 85 3784 1157 3928; baseline 0 -85"><span class='ocrx_word' id='word_1_317' title='bbox 85 3804 144 3928; x_wconf 73' lang='lat' dir='ltr'><strong>per</strong></span> <span class='ocrx_word' id='word_1_318' title='bbox 177 3794 329 3844; x_wconf 82' lang='lat' dir='ltr'><strong>naturam.</strong></span> <span class='ocrx_word' id='word_1_319' title='bbox 384 3785 526 3861; x_wconf 84' lang='lat' dir='ltr'><strong>Quantus</strong></span> <span class='ocrx_word' id='word_1_320' title='bbox 553 3787 594 3846; x_wconf 90' lang='lat' dir='ltr'><strong>sit</strong></span> <span class='ocrx_word' id='word_1_321' title='bbox 626 3785 731 3865; x_wconf 90' lang='lat' dir='ltr'><strong>Deus,</strong></span> <span class='ocrx_word' id='word_1_322' title='bbox 767 3789 839 3848; x_wconf 85' lang='lat' dir='ltr'><strong>satis</strong></span> <span class='ocrx_word' id='word_1_323' title='bbox 858 3789 983 3869; x_wconf 87' lang='lat' dir='ltr'><strong>ignorat</strong></span> <span class='ocrx_word' id='word_1_324' title='bbox 1003 3784 1077 3861; x_wconf 91' lang='lat' dir='ltr'><strong>ille,</strong></span> <span class='ocrx_word' id='word_1_325' title='bbox 1100 3784 1157 3866; x_wconf 87' lang='lat' dir='ltr'><strong>qui</strong></span> 
     </span>
    </p>

    <p class='ocr_par' dir='ltr' id='par_1_17' title="bbox 88 3868 1165 4383">
     <span class='ocr_line' id='line_1_41' title="bbox 111 3868 1157 3954; baseline 0.002 -28"><span class='ocrx_word' id='word_1_326' title='bbox 111 3869 186 3950; x_wconf 84' lang='lat' dir='ltr'><strong>ujus</strong></span> <span class='ocrx_word' id='word_1_327' title='bbox 216 3868 345 3952; x_wconf 75' lang='lat' dir='ltr'><strong>virginit</strong></span> <span class='ocrx_word' id='word_1_328' title='bbox 372 3882 503 3931; x_wconf 86' lang='lat' dir='ltr'><strong>ruentem</strong></span> <span class='ocrx_word' id='word_1_329' title='bbox 533 3890 598 3932; x_wconf 90' lang='lat' dir='ltr'><strong>non</strong></span> <span class='ocrx_word' id='word_1_330' title='bbox 619 3881 740 3954; x_wconf 89' lang='lat' dir='ltr'><strong>stupet,</strong></span> <span class='ocrx_word' id='word_1_331' title='bbox 761 3872 895 3931; x_wconf 87' lang='lat' dir='ltr'><strong>animum</strong></span> <span class='ocrx_word' id='word_1_332' title='bbox 918 3891 982 3931; x_wconf 91' lang='lat' dir='ltr'><strong>non</strong></span> <span class='ocrx_word' id='word_1_333' title='bbox 1003 3871 1157 3930; x_wconf 84' lang='lat' dir='ltr'><strong>miratur:</strong></span> 
     </span>
     <span class='ocr_line' id='line_1_42' title="bbox 89 3952 1159 4039; baseline 0.001 -27"><span class='ocrx_word' id='word_1_334' title='bbox 89 3963 181 4035; x_wconf 76' lang='lat' dir='ltr'><strong>pavet</strong></span> <span class='ocrx_word' id='word_1_335' title='bbox 200 3952 332 4030; x_wconf 88' lang='lat' dir='ltr'><strong>caelum,</strong></span> <span class='ocrx_word' id='word_1_336' title='bbox 352 3963 490 4015; x_wconf 89' lang='lat' dir='ltr'><strong>tremunt</strong></span> <span class='ocrx_word' id='word_1_337' title='bbox 503 3952 620 4039; x_wconf 88' lang='lat' dir='ltr'><strong>angeli,</strong></span> <span class='ocrx_word' id='word_1_338' title='bbox 650 3968 791 4017; x_wconf 89' lang='lat' dir='ltr'><strong>ereatura</strong></span> <span class='ocrx_word' id='word_1_339' title='bbox 813 3976 877 4017; x_wconf 90' lang='lat' dir='ltr'><strong>non</strong></span> <span class='ocrx_word' id='word_1_340' title='bbox 897 3955 1046 4028; x_wconf 87' lang='lat' dir='ltr'><strong>sustinet,</strong></span> <span class='ocrx_word' id='word_1_341' title='bbox 1067 3964 1159 4013; x_wconf 89' lang='lat' dir='ltr'><strong>natu·</strong></span> 
     </span>
     <span class='ocr_line' id='line_1_43' title="bbox 89 4036 1159 4124; baseline 0.001 -30"><span class='ocrx_word' id='word_1_342' title='bbox 89 4054 126 4094; x_wconf 83' lang='lat' dir='ltr'><strong>ra</strong></span> <span class='ocrx_word' id='word_1_343' title='bbox 156 4056 221 4098; x_wconf 93' lang='lat' dir='ltr'><strong>non</strong></span> <span class='ocrx_word' id='word_1_344' title='bbox 245 4036 379 4102; x_wconf 82' lang='lat' dir='ltr'><strong>sullicrt:</strong></span> <span class='ocrx_word' id='word_1_345' title='bbox 411 4052 442 4100; x_wconf 90' lang='lat' dir='ltr'><strong>et</strong></span> <span class='ocrx_word' id='word_1_346' title='bbox 471 4060 534 4100; x_wconf 90' lang='lat' dir='ltr'><strong>una</strong></span> <span class='ocrx_word' id='word_1_347' title='bbox 565 4037 671 4124; x_wconf 88' lang='lat' dir='ltr'><strong>puella</strong></span> <span class='ocrx_word' id='word_1_348' title='bbox 693 4042 739 4103; x_wconf 82' lang='lat' dir='ltr'><strong>sio</strong></span> <span class='ocrx_word' id='word_1_349' title='bbox 771 4041 873 4101; x_wconf 90' lang='lat' dir='ltr'><strong>Deum</strong></span> <span class='ocrx_word' id='word_1_350' title='bbox 896 4040 929 4101; x_wconf 90' lang='lat' dir='ltr'><strong>in</strong></span> <span class='ocrx_word' id='word_1_351' title='bbox 951 4041 1000 4100; x_wconf 91' lang='lat' dir='ltr'><strong>sui</strong></span> <span class='ocrx_word' id='word_1_352' title='bbox 1021 4037 1159 4122; x_wconf 86' lang='lat' dir='ltr'><strong>pectoris</strong></span> 
     </span>
     <span class='ocr_line' id='line_1_44' title="bbox 88 4118 1161 4210; baseline 0.001 -32"><span class='ocrx_word' id='word_1_353' title='bbox 88 4121 195 4201; x_wconf 83' lang='lat' dir='ltr'><strong>cepit,</strong></span> <span class='ocrx_word' id='word_1_354' title='bbox 216 4123 346 4206; x_wconf 91' lang='lat' dir='ltr'><strong>recipit,</strong></span> <span class='ocrx_word' id='word_1_355' title='bbox 369 4123 509 4186; x_wconf 86' lang='lat' dir='ltr'><strong>oblectat</strong></span> <span class='ocrx_word' id='word_1_356' title='bbox 536 4122 691 4210; x_wconf 82' lang='lat' dir='ltr'><strong>hospitio,</strong></span> <span class='ocrx_word' id='word_1_357' title='bbox 723 4135 760 4186; x_wconf 90' lang='lat' dir='ltr'><strong>ut</strong></span> <span class='ocrx_word' id='word_1_358' title='bbox 797 4145 904 4210; x_wconf 91' lang='lat' dir='ltr'><strong>pacem</strong></span> <span class='ocrx_word' id='word_1_359' title='bbox 928 4124 1038 4198; x_wconf 88' lang='lat' dir='ltr'><strong>terris,</strong></span> <span class='ocrx_word' id='word_1_360' title='bbox 1068 4118 1161 4182; x_wconf 84' lang='lat' dir='ltr'><strong>caelis</strong></span> 
     </span>
     <span class='ocr_line' id='line_1_45' title="bbox 92 4201 1164 4292; baseline 0.003 -31"><span class='ocrx_word' id='word_1_361' title='bbox 92 4201 241 4287; x_wconf 87' lang='lat' dir='ltr'><strong>gloriam,</strong></span> <span class='ocrx_word' id='word_1_362' title='bbox 274 4205 403 4269; x_wconf 81' lang='lat' dir='ltr'><strong>salutem</strong></span> <span class='ocrx_word' id='word_1_363' title='bbox 428 4208 582 4292; x_wconf 89' lang='lat' dir='ltr'><strong>perditis,</strong></span> <span class='ocrx_word' id='word_1_364' title='bbox 624 4210 718 4271; x_wconf 81' lang='lat' dir='ltr'><strong>vitam</strong></span> <span class='ocrx_word' id='word_1_365' title='bbox 755 4211 910 4287; x_wconf 87' lang='lat' dir='ltr'><strong>mortuis,</strong></span> <span class='ocrx_word' id='word_1_366' title='bbox 944 4207 1074 4270; x_wconf 87' lang='lat' dir='ltr'><strong>terrenis</strong></span> <span class='ocrx_word' id='word_1_367' title='bbox 1093 4220 1164 4287; x_wconf 82' lang='lat' dir='ltr'><strong>curu</strong></span> 
     </span>
     <span class='ocr_line' id='line_1_46' title="bbox 92 4286 1165 4383; baseline -0.009 -27"><span class='ocrx_word' id='word_1_368' title='bbox 92 4286 280 4359; x_wconf 69' lang='lat' dir='ltr'><strong>caelestibus</strong></span> <span class='ocrx_word' id='word_1_369' title='bbox 296 4294 501 4379; x_wconf 81' lang='lat' dir='ltr'><strong>parentelam,</strong></span> <span class='ocrx_word' id='word_1_370' title='bbox 538 4294 636 4383; x_wconf 82' lang='lat' dir='ltr'><strong>ipsius</strong></span> <span class='ocrx_word' id='word_1_371' title='bbox 653 4292 713 4359; x_wconf 87' lang='lat' dir='ltr'><strong>Dei</strong></span> <span class='ocrx_word' id='word_1_372' title='bbox 735 4315 805 4358; x_wconf 89' lang='lat' dir='ltr'><strong>curn</strong></span> <span class='ocrx_word' id='word_1_373' title='bbox 830 4313 923 4360; x_wconf 83' lang='lat' dir='ltr'><strong>carne</strong></span> <span class='ocrx_word' id='word_1_374' title='bbox 946 4288 1165 4355; x_wconf 84' lang='lat' dir='ltr'><strong>commercium</strong></span> 
     </span>
    </p>
   </div>
   <div class='ocr_carea' id='block_1_3' title="bbox 877 4382 957 4459">
    <p class='ocr_par' dir='ltr' id='par_1_18' title="bbox 877 4382 957 4459">
     <span class='ocr_line' id='line_1_47' title="bbox 877 4382 957 4459; baseline 0.025 -2"><span class='ocrx_word' id='word_1_375' title='bbox 877 4382 957 4459; x_wconf 73' lang='lat'><strong>12&#39;</strong></span> 
     </span>
    </p>
   </div>
   <div class='ocr_carea' id='block_1_4' title="bbox 0 0 1413 4762">
    <p class='ocr_par' dir='ltr' id='par_1_19' title="bbox 0 0 1413 4762">
     <span class='ocr_line' id='line_1_48' title="bbox 0 0 1413 4762; baseline 0 0"><span class='ocrx_word' id='word_1_376' title='bbox 0 0 1413 4762; x_wconf 95' lang='lat' dir='ltr'><strong> </strong></span> 
     </span>
    </p>
   </div>
  </div>
 </body>
</html>
