2768 4762
421 376 815 482 nncsaoco.
1056 414 1154 493 aas

75 624 134 669 nos
163 622 270 666 eoram
295 622 354 669 me.
408 602 481 665 Non
502 603 595 665 facies
625 598 689 667 tibi
707 596 875 686 sculptile,
907 618 1009 684 neque
1032 619 1153 663 omnem

74 712 330 789 similitudinem,
353 731 433 794 qnae
452 712 546 772 estin
562 708 650 773 caelo
676 708 827 795 desuper,
858 720 991 793 atquae
1011 715 1043 769 in
1067 719 1152 771 terra

76 823 244 900 deorsum,
265 840 323 881 nec
344 840 470 896 eorum,
494 836 575 901 qnae
602 816 730 879 suntin
750 816 840 901 aquis
859 815 920 879 sub
941 830 1034 883 terra·
1077 816 1152 881 Non

75 926 223 993 adorabis
256 946 312 1004 eu,
343 946 443 1009 nequo
471 919 572 1005 coiest
603 922 674 1010 Ego
703 906 776 987 sum
798 925 951 988 Dominus
974 925 1062 989 Deus
1078 937 1151 989 tuus

75 1038 190 1114 fortis,
210 1034 343 1111 zelotes,
366 1035 492 1093 visitans
513 1030 709 1115 iniquitatem
727 1042 855 1119 patrm
869 1035 902 1097 iu
920 1030 1005 1097 filios
1030 1034 1063 1096 in
1082 1046 1151 1097 ter.

73 1146 147 1206 tiam
162 1154 196 1204 et
217 1153 356 1226 quartam
378 1141 607 1226 generationem
639 1160 767 1221 eorum,
799 1141 854 1223 qui
874 1139 1013 1205 oderunt
1030 1161 1093 1207 me:
1119 1154 1153 1207 et
1274 1228 1277 1233 .

73 1252 188 1313 faciens
216 1249 462 1310 misericordiam
491 1250 525 1309 in
552 1246 650 1310 miliia
686 1243 761 1325 bis,
794 1245 852 1331 qui
880 1244 1016 1330 diligunt
1034 1266 1099 1327 me,
1117 1243 1153 1311 'et
1184 1325 1190 1333 .

73 1359 256 1423 custodiunt
288 1367 454 1441 praecepta
484 1377 561 1419 mea.
620 1354 693 1417 Non
723 1372 858 1417 amumes
887 1370 1002 1416 nomen
1021 1352 1151 1421 Domini

73 1470 121 1530 tui
143 1472 178 1529 in
199 1485 332 1527 vanum:
364 1482 423 1523 nec
445 1463 526 1523 enim
554 1459 686 1525 hebebit
711 1463 865 1523 insontem
891 1460 1047 1524 Dominus
1069 1480 1152 1544 eum,

73 1578 129 1658 qui
145 1572 346 1654 assumpserit
366 1589 479 1631 nomen
495 1564 624 1631 Domini
644 1568 721 1629 DEI
744 1572 792 1629 sui
811 1567 938 1631 frustra·
981 1569 1150 1649 Memento,

75 1695 113 1744 nt
140 1681 222 1742 diem
247 1674 377 1738 Sabbati
401 1673 582 1737 sanctifices.
624 1672 684 1736 Sex
704 1673 814 1736 diebus
835 1673 1033 1759 operaberis,
1055 1689 1087 1739 et
1102 1677 1153 1739 ss·
1257 1660 1262 1667 ¹

76 1791 138 1849 cies
163 1787 265 1846 omnia
285 1804 382 1871 opera
404 1796 466 1844 tua·
510 1781 650 1866 Septimo
673 1793 773 1845 autem
791 1780 842 1844 dre
854 1781 1024 1847 Sabbatum
1039 1782 1152 1848 Domi·
1217 1802 1220 1807 ·

75 1895 107 1953 ni
134 1892 210 1960 DEI
238 1895 285 1955 tui
310 1904 375 1954 est:
407 1912 472 1953 nou
501 1891 596 1953 facies
618 1908 709 1951 omne
727 1907 808 1971 opus
821 1889 855 1949 in
871 1909 932 1967 eo,
961 1902 999 1955 tu
1016 1903 1048 1955 et
1063 1888 1151 1969 fliius
1287 1916 1290 1927 ·

75 2011 175 2076 tuus,
208 2011 240 2060 et
267 1995 332 2058 filia
359 2010 433 2073 tus,
465 2016 570 2059 servus
593 2008 665 2058 tuns
701 2007 734 2067 et
751 1995 865 2060 ancilia
884 2010 956 2078 tua,
974 1999 1150 2083 jumentum

71 2118 181 2183 tuum,
216 2115 248 2167 ct
281 2102 418 2184 advena,
451 2111 508 2190 qui
533 2115 582 2167 est
611 2090 696 2167 intra
727 2116 835 2188 portas
864 2116 944 2169 tum.
985 2106 1156 2201 serenius.

71 2213 180 2275 diebus
208 2212 284 2273 iecit
306 2213 458 2273 Dominus
485 2213 606 2277 caelum
628 2224 659 2275 ct
683 2224 818 2293 terram,
839 2225 872 2276 et
886 2234 994 2295 mare,
1015 2226 1049 2279 et
1078 2202 1150 2295 pm·

72 2323 147 2397 nia,
169 2338 249 2400 quae
276 2319 310 2376 in
333 2320 378 2377 cis
397 2330 491 2396 sunt,
510 2331 544 2380 et
561 2319 717 2400 requierit
737 2320 770 2381 in
801 2318 853 2381 die
873 2298 1029 2406 septimot
1049 2321 1150 2388 idcir·

74 2447 113 2487 co
136 2421 296 2483 benedixit
322 2422 478 2483 Dominus
500 2422 559 2483 ‘die
594 2422 740 2502 sabbati,
774 2434 807 2486 et
843 2425 1048 2492 sanctificavit
1069 2450 1150 2501 eum.

72 2532 206 2594 Honora
230 2539 351 2613 patrem
379 2539 469 2589 tuum
498 2540 532 2589 et
558 2539 687 2589 matrem
709 2541 816 2607 tuam,
850 2542 887 2592 ut
917 2534 959 2595 sit
983 2531 1164 2621 longaevus

72 2658 168 2721 super
203 2648 335 2712 terram,
367 2655 460 2717 quam
482 2635 635 2695 Dominus
658 2633 746 2695 Deus
769 2647 844 2697 tuus
864 2634 953 2700 dabit
967 2639 1038 2703 tibi.
1079 2642 1152 2706 Non

58 2738 218 2809 'occidess
249 2742 322 2804 Non
354 2741 588 2804 moechaberiss
609 2740 688 2815 Non,
703 2740 825 2805 furtum
845 2742 955 2809 faciest
994 2747 1068 2811 Non
1100 2749 1152 2814 io·

73 2855 178 2938 queris
191 2863 301 2914 contra
310 2852 485 2935 proximum
496 2862 583 2913 tuum
603 2849 716 2913 salsum
728 2852 939 2919 testimouium
952 2880 960 2917 ε
990 2855 1063 2920 Non
1072 2877 1151 2920 con·

72 2980 211 3045 cupisces
229 2958 356 3020 domum
374 2959 507 3042 prorimi
528 2958 594 3021 tuiz
622 2978 681 3021 nec
701 2958 893 3045 desiderabis
907 2982 1037 3031 uxorem
1063 2967 1149 3049 ejuss

71 3066 145 3130 Nou
168 3086 312 3143 servum,
343 3086 408 3126 non
427 3064 593 3147 ancillam,
614 3086 681 3129 non
699 3066 811 3132 bovem
817 3112 829 3149 ,
850 3089 916 3133 non
932 3071 1071 3151 minum,
1092 3081 1151 3136 uec

73 3175 193 3253 omnis,
216 3192 293 3255 quae
314 3170 399 3234 illius
417 3184 503 3236 sunt.
1036 3158 1041 3169 ⁸

157 3303 210 3364 Et
231 3323 258 3364 c.
279 3301 445 3365 xxxma
476 3302 565 3366 Dixit
590 3303 745 3368 Dominus
781 3306 821 3369 ad
855 3308 1008 3386 Moysens
1040 3305 1151 3370 Scribe

71 3412 134 3476 tibi
160 3411 255 3473 rerba
282 3408 379 3488 baec,
410 3409 526 3494 quibus
549 3423 582 3473 et
597 3423 698 3474 tecum
713 3427 745 3476 et
760 3436 829 3476 cum
846 3415 942 3478 Israel
951 3417 1060 3500 pepigi
1079 3414 1152 3479 fos·

71 3518 144 3581 dns.
186 3517 262 3579 Fuit
286 3538 361 3602 ergo
381 3516 427 3579 ibi
453 3538 524 3580 cum
543 3517 682 3583 Domino
708 3521 913 3611 quadraginta
938 3522 1005 3586 dies
1020 3535 1054 3587 et
1070 3544 1151 3607 qna·
1196 3580 1201 3589 .

73 3624 219 3710 draginta
233 3636 363 3690 noctes:
385 3645 495 3709 panem
521 3646 586 3689 non
608 3627 767 3707 eomedit,
790 3642 821 3692 et
840 3650 953 3714 aquam
969 3650 1034 3693 non
1054 3629 1148 3712 bibit,

75 3744 108 3794 et
127 3733 255 3817 scripsit
292 3736 324 3793 in
347 3731 462 3794 tabulis
477 3732 575 3796 rerba
600 3732 738 3799 foederis
760 3736 875 3817 decem.
917 3737 1059 3829 Cumque
1078 3736 1150 3801 des·
1275 3794 1280 3805 .

77 3833 226 3925 conderet
252 3840 376 3916 Moyses
404 3840 443 3901 de
457 3854 563 3903 monte
584 3838 691 3920 Sinai,
711 3841 838 3906 tenebat
859 3844 935 3910 dues
957 3847 1150 3913 tabulas'te-

78 3947 236 4026 stimonii,
268 3958 301 4008 et
324 3946 504 4031 ignorabat,
542 3948 630 4034 quod
662 3962 796 4015 cornuta
818 3960 899 4018 esset
924 3954 1017 4020 facies
1036 3979 1093 4023 suu
1114 3982 1151 4025 es

79 4054 240 4114 consortio
263 4061 413 4118 sermonis
444 4055 582 4119 Domini.
865 4056 868 4061 ’

160 4158 296 4224 Lerit
318 4162 425 4230 ML:
446 4164 584 4227 Locutus
609 4175 656 4227 est
679 4164 834 4231 Dominus
854 4167 895 4232 ad
916 4171 1068 4253 Moysen,
1103 4177 1154 4239 dii-

72 4282 166 4371 esus:
194 4266 341 4353 Loquere
366 4269 408 4335 ud
427 4290 549 4336 omnem
580 4285 705 4338 coetum
722 4272 863 4341 filiorum
883 4278 998 4361 lsmsl,
1019 4292 1051 4344 st
1071 4281 1154 4345 dices

863 4352 949 4473 is*
