2768 4762
79 804 171 853 utris·
180 803 229 847 eal.

65 862 104 896 tus
122 855 168 895 soli
179 856 229 902 Deo

96 2740 220 2793 corporali

72 2796 192 2834 erraturae

72 2853 118 2878 non
127 2839 213 2884 sacrifi.

69 2888 175 2936 sardum·
189 2939 192 2945 y

234 345 313 421 ιω
349 338 356 349 ·
536 334 604 405 ua
639 334 910 405 enarrare
942 334 1007 401 aa
1064 288 1070 300 ’

547 474 999 602 rorans

324 711 353 770 t·
375 694 410 761 B·
452 683 713 761 AUGUSTINUS
734 696 769 760 L.
787 695 828 758 X.
850 692 890 760 de
909 696 967 757 eia.
991 693 1051 755 Dei
1064 711 1134 781 cap.
1156 706 1203 763 1.:
1225 694 1318 772 Quae

240 787 349 864 tetgri-
372 799 482 866 graeoe
500 794 700 868 nuncupatur
712 824 722 859 ,
755 792 785 843 et
810 779 903 843 latine
928 782 1152 862 iuterpretatur
1169 782 1319 849 servitust

242 866 296 931 sed
320 885 376 943 ea,
397 886 460 951 qua
481 865 612 927 colimus
631 865 754 943 Deum,
777 863 825 928 vel
840 885 920 949 quae
952 865 1219 948 &gerusiffigraeeffi
1246 864 1321 926 lati·

242 973 281 1016 ne
311 962 412 1014 autem
429 948 540 1038 religio
565 951 696 1014 diciture
718 949 772 1011 sed
795 971 847 1027 ea,
867 970 947 1033 quae
959 946 1052 1009 nobis
1065 962 1111 1010 est
1121 970 1193 1032 erga
1204 950 1320 1028 Deum,

242 1035 292 1100 vel
313 1055 406 1122 quam
431 1034 478 1099 illi
495 1038 657 1112 testinatur,
690 1055 748 1097 nos
776 1055 851 1096 vero
875 1055 938 1096 non
962 1053 1026 1094 uno
1048 1032 1146 1094 verbo
1165 1034 1320 1117 exprime-

242 1134 304 1199 re‚'
329 1118 384 1181 sed
408 1120 468 1182 Dei
497 1117 616 1181 cultum
646 1138 811 1206 possumus
835 1117 1012 1205 appellare:
1046 1114 1128 1177 hane
1153 1119 1181 1177 ei
1199 1130 1320 1179 tantum

241 1205 311 1270 Deo
340 1203 449 1266 deberi
480 1202 626 1278 dicimus,
676 1205 732 1287 qui
764 1205 853 1266 v'erus
875 1214 921 1264 est
939 1203 1044 1278 Deus,
1081 1201 1219 1282 facitque
1245 1222 1322 1263 suas

242 1288 378 1383 cultqres
401 1289 495 1349 Deos.
541 1288 732 1370 Quicunque
752 1289 848 1371 igitur
869 1290 992 1350 suntin
1019 1285 1202 1349 caelestibus
1226 1285 1321 1347 habi-

240 1371 412 1439 tationibus
431 1372 618 1449 immortales
635 1384 666 1436 et
685 1371 790 1448 beati,
812 1373 838 1433 si
853 1393 909 1433 nos
930 1392 995 1433 non
1016 1383 1134 1448 amant,
1165 1392 1223 1432 nee
1244 1371 1322 1432 bea·

241 1460 292 1523 to's
327 1477 393 1522 esse
420 1478 478 1520 nos
503 1454 633 1533 volunt,
668 1455 792 1520 colendi
815 1458 924 1539 utique
949 1476 1013 1518 non
1036 1468 1117 1517 sunt.
1162 1456 1196 1517 Si
1218 1468 1322 1518 autem

242 1551 365 1618 emant,
398 1553 430 1603 et
460 1540 569 1602 beatos
598 1539 730 1616 volunt,
766 1540 907 1624 perfeeto
934 1539 1161 1618 indevotum,
1183 1539 1266 1602 unde
1290 1551 1322 1603 et

242 1618 303 1716 spi
335 1639 429 1690 sunta
465 1646 503 1688 an
524 1625 680 1687 aliundei
705 1628 731 1688 si
759 1624 862 1703 beati,
884 1622 1011 1688 aliunde
1033 1625 1112 1685 nosi
1184 1662 1187 1667 -

266 1778 269 1783 ,
327 1724 357 1782 2.
380 1711 436 1773 ΕΤ
458 1712 547 1795 epist
570 1723 621 1783 49.
640 1647 1028 1795 adlieogratquaest.3.=
1050 1708 1158 1791 Neque
1172 1707 1321 1769 illinoex-

243 1807 354 1861 emant
376 1796 463 1878 impii
482 1816 538 1855 sua
553 1795 700 1878 sacrilega
720 1797 808 1857 sacra
831 1807 863 1857 et
878 1793 1062 1872 simulacra,
1086 1793 1173 1876 quod
1198 1793 1322 1877 elegan-

244 1892 294 1952 ter
315 1880 583 1963 interpretantur,
608 1881 686 1961 quid
706 1900 848 1962 qrneque
864 1870 1048 1964 significent.
1092 1879 1199 1941 Omnis
1226 1880 1322 1961 quip-

243 1982 288 2048 pe
304 1962 358 2029 illa
376 1966 599 2045 interpretatio
625 1962 665 2023 ad
684 1977 855 2026 ereaturam
874 1963 1025 2040 refertur,
1048 1984 1112 2024 nou
1134 1963 1173 2023 ad
1198 1974 1322 2023 creato-

245 2069 336 2122 rem,
365 2048 417 2109 eui
444 2048 498 2108 uni
531 2046 665 2119 debetur
700 2049 832 2109 servitus
864 2048 1024 2133 religionis
1046 2047 1120 2123 illa,
1157 2067 1238 2128 qnae
1255 2066 1321 2106 uno

244 2132 371 2197 nomine
387 2131 493 2195 Latria
509 2152 617 2216 graece
637 2131 823 2217 appellatur.
865 2131 930 2194 Neo
957 2154 1016 2195 nos
1039 2131 1168 2193 dicimus
1192 2142 1321 2206 terram,

245 2217 359 2294 maria,
394 2212 533 2293 caelum,
568 2213 686 2295 solem,
716 2217 839 2291 lunam,
861 2217 964 2280 stellas
990 2230 1020 2279 et
1037 2215 1182 2299 quasdam
1200 2215 1322 2276 nonin

245 2311 398 2387 promptu
419 2302 492 2361 sitas
514 2300 657 2361 caelestes
677 2313 863 2386 potestates,
894 2323 959 2365 esse
980 2301 1154 2363 daemonia:
1174 2297 1228 2359 sed
1247 2318 1322 2358 cnm

246 2385 345 2449 omnis
373 2396 515 2449 ereatura
540 2387 654 2469 partim
684 2387 859 2471 corporalis
881 2388 942 2465 sit,
976 2386 1090 2474 partim
1119 2405 1193 2445 vero
1214 2385 1324 2442 incor-

245 2466 383 2556 poralis,
404 2486 496 2551 quam
516 2473 605 2532 etiam
619 2471 790 2555 spiritalem
810 2492 974 2546 vocamus,
995 2469 1189 2532 manifestum
1205 2480 1259 2544 est,
1277 2467 1321 2544 id,

266 2554 332 2618 uod
356 2574 375 2616 a
399 2552 491 2617 nobis
513 2555 621 2641 pieac
645 2554 790 2641 religiose
807 2555 864 2635 fit,
898 2555 1100 2627 avoluutate
1126 2553 1217 2614 animi
1244 2572 1324 2634 pro·

244 2576 360 2717 leisci,
381 2660 461 2726 quae
487 2650 631 2703 ereatura
647 2640 796 2724 spiritalis
821 2655 886 2718 est,
908 2651 940 2704 et
963 2640 1047 2703 omni
1070 2635 1231 2722 corporali
1244 2656 1324 2720 pro-

247 2723 402 2809 ponenda.
455 2723 544 2788 Unde
565 2723 747 2810 colligitur,
779 2724 938 2812 corporali
970 2735 1128 2787 creaturae
1159 2743 1224 2783 non
1260 2738 1324 2779 esse

249 2805 494 2874 sacrificandum.
544 2808 651 2873 Restat
683 2809 848 2894 spiritalis,
878 2830 956 2896 quae
976 2808 1026 2870 vel
1046 2810 1115 2893 pia,
1147 2806 1196 2867 vel
1229 2805 1325 2888 impia

250 2906 305 2958 est.
346 2891 413 2963 Pia,
428 2891 546 2957 scilieet
574 2896 606 2956 iu
629 2892 810 2957 hominibus
836 2904 868 2955 et
889 2894 1003 2978 angelis
1023 2894 1114 2976 justis
1136 2905 1167 2954 et
1187 2891 1256 2950 Deo
1279 2892 1327 2949 ri-

249 2990 281 3041 to
313 2975 542 3042 servientibus:
579 2978 679 3063 impia
701 3000 774 3045 vero
810 2979 841 3039 in
864 2976 1045 3041 hominibus
1074 2989 1106 3038 et
1126 2974 1240 3060 angelis
1263 2974 1328 3034 ini·

74 3057 122 3107 Μ
130 3056 238 3118 'thimi-
250 3063 339 3147 quis,
362 3082 442 3147 quos
465 3065 555 3125 etiam
576 3062 740 3127 daemones
763 3063 904 3127 dicimus.
947 3065 993 3124 Ac
1014 3083 1073 3147 per
1087 3060 1150 3122 1¹⁰0
1173 3080 1230 3120 ¹¹⁰⁰
1256 3058 1326 3141 ⁸Pl'

71 4241 236 4340 uteru*

250 3145 356 3225 rituli,
392 3149 530 3230 quamvis
551 3148 674 3233 justae,
696 3159 856 3212 creaturae
876 3145 1115 3212 sacrificandum
1136 3157 1190 3206 est.
1230 3141 1326 3217 Quo-

248 3232 332 3308 nisu
361 3242 480 3314 quanto
508 3233 603 3318 magis
641 3235 693 3314 pia
720 3246 766 3295 est
791 3245 823 3297 et
841 3231 968 3297 subdite
990 3234 1082 3308 Deo,
1111 3241 1199 3292 tanto
1221 3231 1326 3290 minus

248 3337 281 3378 se
307 3314 363 3399 tuli
384 3314 507 3379 honore
529 3315 690 3399 dignatur,
728 3340 821 3403 quem
841 3321 902 3381 scit
922 3339 987 3381 non
1009 3316 1141 3390 deberi,
1163 3313 1222 3373 nisi
1241 3312 1323 3372 Deo.

250 3402 377 3484 Quanto
399 3420 474 3484 ergo
498 3403 704 3482 perniciosius
724 3417 770 3465 est
792 3401 967 3468 sacrificare
988 3395 1183 3465 daemoniisl

334 3496 364 3553 δ.
406 3483 517 3551 IDEM
537 3484 574 3550 L.
598 3499 646 3556 10.
669 3487 699 3548 d.
731 3491 788 3548 cir.
810 3488 870 3549 Dei
906 3499 1002 3557 c.1.:
1035 3484 1128 3550 Nune
1157 3478 1324 3544 ridendum

249 3589 286 3629 ao
309 3567 520 3632 disserendam
543 3580 605 3648 est,
646 3583 795 3652 quantum
815 3572 899 3634 Deus
929 3570 1047 3648 donat,
1080 3565 1269 3631 immortales
1288 3582 1325 3623 sc

247 3652 332 3720 beati
354 3656 386 3719 in
408 3653 590 3719 caelestibus
611 3656 759 3733 sedibus,
783 3654 1059 3735 dominationibus,
1083 3648 1325 3736 principatibus,

247 3737 455 3825 potestatibus
474 3741 654 3817 constituti,
676 3762 757 3824 quos
782 3742 834 3801 isti
854 3740 945 3819 deos,
976 3751 1008 3804 et
1029 3760 1064 3799 ex
1089 3734 1203 3818 quibus
1227 3754 1328 3816 quos-

248 3823 318 3888 dam
342 3822 512 3890 valbones
533 3822 717 3902 daemones,
749 3826 797 3888 vel
819 3824 984 3887 nobiscum
1005 3821 1130 3909 angelos
1150 3821 1324 3894 nominant,

248 3917 396 3990 quoniam
440 3907 587 3971 credendi
621 3911 683 3973 aiot
704 3909 782 3970 velle
803 3929 822 3971 a
844 3909 937 3972 nobis
958 3904 1140 3993 religionem
1163 3907 1329 3989 pietatem·

249 4013 311 4072 que
331 3994 469 4069 serrari,
491 3991 554 4055 hoo
577 4005 644 4070 est,
679 4005 715 4057 ut
736 3997 873 4077 apertius
896 3993 1016 4071 dicam,
1039 4005 1145 4053 utrum
1168 3990 1258 4050 etiam
1283 3988 1329 4045 si-

247 4073 304 4156 bi,
325 4097 364 4138 an
386 4088 507 4142 tautum
526 4077 595 4138 Deo
615 4098 694 4156 suo,
726 4081 782 4161 qui
798 4082 888 4140 etiam
912 4093 1019 4141 noster
1037 4092 1103 4152 est,
1127 4074 1249 4159 placeat
1271 4072 1328 4147 eis,

247 4171 285 4223 ut
312 4180 400 4222 sacra
428 4161 594 4236 faciamus,
625 4174 656 4223 et
676 4162 903 4242 sacrificemus,
934 4164 982 4225 vel
1005 4163 1110 4244 aliqua
1138 4172 1246 4220 nostra
1273 4176 1329 4220 seu

248 4242 306 4308 rios
328 4245 413 4333 ipsos
436 4243 594 4334 religionis
614 4247 729 4314 ritibus
746 4269 971 4317 consecremus.
1023 4249 1083 4314 Hie
1104 4256 1153 4310 est
1174 4244 1255 4308 enim
1277 4240 1330 4307 di·
