2768 4762
259 401 311 468 03
628 387 707 452 on
742 387 874 450 rme
912 387 979 451 ar

259 579 338 640 faeie
358 578 485 637 Domini
511 576 610 637 omnis
638 588 732 637 terra.
788 571 1059 636 denuntiaverunt
1088 574 1167 637 eneli
1185 579 1340 661 justitiam

161 662 167 667 “
259 687 348 768 ejus,
371 697 401 747 et
427 685 573 744 viderunt
591 702 696 743 omnes
722 670 833 767 populi
858 680 989 765 gloriam
1008 684 1084 764 ejus.
1279 667 1282 671 ²

340 810 445 874 Esai.
466 813 543 874 111.=
567 812 719 875 Dominus
744 809 783 874 ad
810 810 964 894 judicium
988 811 1090 874 reniet
1113 836 1182 875 eum
1211 819 1339 883 senibus

258 920 371 1007 populi
393 922 464 996 sui,
487 933 518 982 et
542 918 738 1004 principibus
758 922 836 1001 ejus.
892 918 961 980 Stat
982 921 1022 980 ad
1042 919 1249 1007 judicandum
1268 928 1340 990 Do·

232 1082 236 1089 .
259 1004 381 1105 miuus,
404 1041 436 1088 et
456 1043 516 1090 stat
536 1028 781 1111 adjudicandos
803 1024 948 1111 populos.

345 1145 418 1209 Esa
430 1150 450 1207 i.
473 1127 607 1208 LXVl.:
631 1145 712 1207 Eece
735 1143 888 1206 Dominus
902 1146 934 1205 in
949 1148 1019 1230 igne
1038 1148 1160 1226 reniet,
1193 1156 1226 1211 'et
1247 1156 1335 1234 quasi

259 1253 357 1317 turbo
372 1255 541 1338 quadrigae
554 1255 637 1336 ejus:
661 1253 792 1314 reddere
806 1254 838 1311 in
851 1250 1063 1337 indignatione
1076 1257 1215 1316 furorem
1234 1279 1335 1337 suum,

260 1374 291 1425 et
315 1365 559 1446 increpationem
591 1382 677 1434 suam
700 1359 872 1421 inflamma
896 1363 991 1444 ignis:
1025 1365 1097 1445 quia
1119 1365 1151 1422 in
1177 1363 1247 1447 igue
1268 1365 1340 1427 Do·

258 1472 360 1532 minus
386 1468 594 1550 dijudicabit,
617 1483 649 1530 et
674 1471 705 1530 in
729 1467 834 1552 gladio
854 1488 911 1528 suo
925 1466 965 1528 ad
986 1490 1107 1529 omnem
1125 1490 1270 1557 carnem,
1308 1487 1340 1536 et

260 1576 553 1661 multiplicabuntur
582 1577 738 1638 interfecti
761 1598 779 1636 a
803 1577 950 1635 Domino.

344 1686 361 1745 J
373 1706 454 1745 oan.
478 1685 538 1746 V.=
559 1684 669 1767 Neque
692 1687 771 1745 enim
794 1695 883 1768 pater
901 1681 1025 1764 judicat
1049 1703 1250 1766 quemquam:
1283 1686 1338 1748 sed

239 1813 353 1871 ¹omne
382 1790 537 1873 judicium
574 1790 661 1851 dedit
687 1784 772 1869 lilio,
804 1803 840 1852 ut
872 1787 1209 1885 omnesbonorifieent
1230 1786 1339 1873 fllium,

263 1902 345 1961 sieut
368 1896 581 1991 honorificant
601 1911 732 1980 patrem.
774 1892 817 1958 Et
837 1895 1044 1981 paulopost:
1077 1894 1166 1961 Sicut
1184 1902 1264 1960 enim
1283 1922 1341 1985 pa-

263 2018 313 2068 ter
338 2004 433 2069 babet
456 2007 550 2066 vitam
571 2007 805 2087 insemetipso,
827 2005 871 2063 sic
894 2001 981 2064 dedit
1003 2015 1035 2064 et
1057 2000 1124 2064 filio
1150 2004 1265 2067 habere
1291 2008 1342 2068 ri·

263 2125 326 2174 tam
359 2113 391 2173 in
422 2114 602 2197 semetipso:
639 2125 670 2174 et
687 2122 872 2195 potestatem
905 2108 993 2171 dedit
1018 2111 1046 2171 ei
1070 2114 1160 2172 etiam
1182 2113 1340 2195 judicium

263 2219 382 2296 iacere,
415 2222 489 2301 quia
526 2218 610 2280 filius
648 2218 783 2281 bominis
810 2229 864 2278 est
906 2216 1012 2279 Nolite
1033 2219 1139 2279 mirari
1160 2216 1238 2294 boe,
1262 2225 1339 2303 quia

263 2328 348 2388 venit
371 2326 471 2403 bora,
502 2327 534 2386 in
561 2348 623 2411 qua
650 2347 775 2404 omnes,
808 2326 865 2408 qui
881 2325 914 2387 in
938 2329 1142 2393 monumentis
1166 2338 1256 2405 suut,
1279 2348 1339 2389 au-

264 2433 351 2495 dient
371 2454 479 2496 vocem
501 2430 560 2496 filii
578 2435 648 2495 Dei.
1106 2418 1109 2425 ⁴

350 2538 527 2625 Sopbou.
562 2540 609 2602 1.=
643 2541 735 2605 Juxta
758 2553 804 2604 est
824 2541 898 2604 Dies
923 2541 1050 2604 Domini
1070 2561 1214 2626 magnus,
1249 2543 1339 2625 juxta

71 2730 75 2743 ι
154 2644 157 2649 ’
262 2659 310 2710 est
338 2661 369 2710 et
401 2648 490 2710 velox
512 2650 620 2709 nimis:
653 2671 713 2710 vox
735 2650 796 2711 diei
819 2651 946 2711 Domini
973 2668 1096 2726 amara,
1132 2647 1340 2710 tribulabitur

263 2753 309 2816 ibi
329 2748 433 2817 ¹fortis.
475 2754 550 2816 Dies
573 2756 637 2816 irae
670 2756 735 2818 dies
765 2756 835 2834 illa,
873 2753 1169 2818 diestribulationis
1188 2766 1219 2818 et
1240 2777 1340 2841 angu-

263 2865 359 2940 stiae,
384 2863 448 2923 dies
473 2862 653 2923 calamitatis
672 2875 704 2926 et
727 2850 885 2943 miseriae,
917 2861 983 2925 dres
1011 2861 1209 2924 tenebrarum
1233 2877 1264 2925 et
1287 2885 1340 2925 ea-

263 2966 385 3052 liginis,
420 2968 486 3033 dies
526 2969 659 3031 nebulae
683 2982 716 3031 et
746 2969 898 3048 turbinis,
920 2970 986 3032 dies
1009 2969 1105 3031 tubae
1125 2984 1155 3033 et
1181 2970 1338 3056 clangoris

263 3095 360 3159 super
377 3079 516 3139 civitates
548 3080 682 3139 munitus
706 3090 737 3138 et
764 3097 859 3161 super
879 3078 1008 3162 angulos
1026 3076 1170 3139 excelsos.
1216 3077 1258 3140 Et
1279 3083 1339 3140 tri-

263 3181 383 3246 bulabo
412 3182 574 3263 homines,
595 3197 627 3246 et
648 3183 806 3245 ambulant
824 3197 861 3246 ut
881 3164 984 3261 caeci,
1007 3185 1081 3266 quie
1103 3182 1241 3248 Domino
1264 3208 1340 3270 pee-

264 3305 429 3355 caverunt:
451 3305 483 3355 et
501 3288 678 3355 effundetur
701 3295 825 3379 sanguis
847 3314 956 3354 eorum
972 3293 1052 3354 sicut
1064 3290 1197 3371 humus,
1221 3308 1251 3354 et
1264 3316 1340 3355 eor-

263 3380 345 3482 pora
374 3421 482 3461 eorum
517 3401 599 3462 sieut
628 3414 786 3466 stercora:
825 3401 879 3461 sed
915 3412 946 3461 et
972 3412 1130 3485 argentum
1155 3422 1284 3477 eorum,
1308 3414 1340 3461 et

264 3525 375 3565 aurum
395 3528 504 3568 eorum
527 3528 591 3569 non
610 3506 729 3593 poterit
749 3506 882 3568 liberare
913 3529 966 3569 eos
990 3510 1021 3567 iu
1046 3508 1096 3567 die
1113 3509 1176 3568 irae
1193 3507 1338 3568 Domini:

265 3610 298 3670 in
315 3611 384 3693 igne
409 3609 465 3671 zeli
486 3615 554 3695 ejus
577 3614 782 3676 devorabitur
799 3616 896 3674 omnis
918 3628 1019 3697 terra,
1052 3615 1124 3696 quia
1144 3612 1340 3674 eonsumma-

263 3717 382 3777 tionem
408 3738 478 3780 cum
503 3721 700 3784 festinatione
718 3720 810 3782 saciet
831 3721 952 3782 eunetis
975 3714 1188 3782 babitantibus
1212 3732 1338 3781 terram.

348 3825 405 3885 Ma
418 3824 540 3889 lach.:
562 3829 636 3892 lV.:
658 3830 739 3890 Eece
762 3831 843 3889 enim
869 3829 938 3919 dies,
952 3831 1054 3891 reniet
1074 3849 1237 3907 succensa,
1260 3850 1342 3911 qua-

264 3932 290 3993 si
312 3933 468 3993 eaminus:
505 3948 537 3997 et
565 3952 658 3999 erunt
681 3959 786 4000 omues
821 3937 950 4020 superbi
984 3952 1015 3999 et
1032 3998 1034 4003 ,
1051 3959 1155 4001 omnes
1193 3936 1340 3999 iacientes

264 4040 472 4123 impietatem,
494 4044 624 4126 stipula:
647 4059 677 4108 et
703 4042 903 4107 inflammabit
922 4067 975 4107 eos
995 4042 1061 4106 dies
1087 4044 1230 4118 veniens,
1261 4043 1341 4107 dicit

262 4144 416 4207 Dominus
438 4152 641 4229 exercituum,
676 4175 754 4236 quae
774 4174 838 4213 non
857 4151 1053 4237 derelinquet
1079 4153 1122 4213 eis
1148 4149 1283 4237 radicem
1310 4164 1343 4213 et

262 4273 395 4340 permen
435 4255 481 4319 Et
504 4260 628 4329 orietur
648 4259 739 4323 vobis
762 4257 941 4323 timentibus
957 4280 1071 4325 nomen
1093 4278 1195 4323 meum
1214 4258 1263 4323 sol
1285 4259 1343 4342 ju·
