2768 4762
262 380 320 452 ,34
631 370 701 433 aa
741 367 876 434 arna
916 370 984 437 er

265 560 414 638 merdin
441 559 627 649 eontinet,
662 572 890 656 uestraeque
922 572 981 631 est
1003 552 1125 629 forma
1142 544 1375 658 regenam}¹

94 675 392 771 ttlrtffflaona.
442 686 528 787 Qua
548 678 613 768 fit,
636 697 678 754 ut
694 680 887 757 auertat
904 678 1012 754 auae
1033 677 1100 751 fita
1121 679 1170 755 aa
1184 683 1345 758 immun.

94 812 260 907 lillis&
271 810 321 886 do
340 806 483 884 eamiue
498 804 712 903 ⁸eoneepti,
739 822 777 880 et
796 805 876 895 irae
896 800 964 875 iiiii
976 801 1066 885 nati,
1091 799 1344 903 purificemur,

95 878 259 1016 &iffi-‘'2⁵'‘
267 954 345 1009 tum
375 944 419 1007 ut
448 922 707 1005 anamalibus
743 922 956 1031 spirituales
981 948 1026 998 ae
1045 922 1159 1026 plane
1181 924 1248 999 lilii
1270 928 1345 1003 Dei

269 1055 474 1134 efficiamur
497 1053 539 1126 in
571 1051 743 1139 Christo,
776 1052 838 1125 eui
862 1054 971 1125 Pater
995 1066 1167 1125 aeternue
1189 1050 1343 1125 coufor-

269 1207 346 1257 mer
359 1179 441 1253 lieri
459 1176 578 1269 voluit
598 1174 759 1269 eleetos,
785 1192 828 1247 ut
843 1174 892 1249 eit
910 1173 1005 1274 ipae,
1031 1172 1344 1272 quemadmodum

98 1292 428 1383 anonam-‘Paulus
452 1301 531 1390 ait,
556 1299 596 1373 in
612 1298 738 1373 mubie
760 1297 941 1371 iratribus
959 1297 1241 1397 primogenitus.

1094 1420 1121 1457 .·

535 1476 1078 1622 scu-mmm

353 1716 477 1779 Mieb.
499 1716 555 1778 V.:
587 1717 630 1779 Et
648 1731 686 1779 tu
714 1713 871 1799 Bethleem
898 1711 1056 1803 Ephrata,
1071 1710 1241 1801 ,paruulus
1261 1736 1292 1777 es
1313 1718 1345 1777 in

271 1821 411 1886 millibus
430 1822 529 1901 Iuda,
550 1844 588 1883 ex
599 1836 630 1884 te
655 1822 734 1883 mihi
755 1820 949 1905 egredietur,
981 1820 1036 1904 qui
1054 1823 1095 1884 sit
1113 1822 1290 1885 dominator
1312 1827 1344 1886 in

273 1930 387 2007 Israel,
410 1942 442 1991 et
465 1949 604 2013 egressus
623 1929 690 2011 ejus
713 1926 752 1989 ab
775 1926 885 2004 initio,
909 1950 928 1989 a
952 1928 1063 1990 diebus
1086 1932 1283 2017 aeternitatis.

357 2035 470 2098 Joan.
491 2037 532 2101 1.=
563 2018 601 2099 Iu
620 2037 779 2121 principio
807 2046 875 2096 erat
896 2034 1050 2116 verbum,
1079 2049 1111 2098 et
1131 2034 1260 2098 verbum
1279 2052 1349 2101 erat

274 2141 360 2227 apud
383 2143 507 2221 Deum,
530 2156 562 2205 et
581 2143 667 2205 Deus
690 2154 759 2207 erat
772 2140 923 2205 verbum:
943 2144 1014 2206 Hoe
1039 2156 1106 2207 erat
1131 2146 1164 2207 in
1185 2147 1346 2233 principie

274 2249 359 2335 apud
395 2250 508 2315 Deum.

356 2354 467 2417 Ibid.
489 2356 591 2422 XVbe
613 2356 701 2419 Exivi
722 2371 870 2443 epatre,
905 2370 936 2421 et
957 2359 1026 2419 veni
1050 2359 1083 2420 in
1103 2358 1267 2430 mundum
1288 2362 1348 2422 ite-

274 2482 346 2525 rum
377 2461 524 2547 relinquo
558 2464 729 2544 mundum,
761 2477 793 2527 et
824 2464 904 2526 vado
934 2464 974 2526 ad
996 2465 1133 2529 Patrem.
1177 2468 1298 2531 Dicunt
1317 2472 1347 2532 ei

274 2567 422 2654 discipuli
440 2581 498 2632 ete.
541 2570 581 2632 Jn
606 2568 669 2633 boe
693 2571 866 2652 eredimus,
888 2575 962 2655 quia
981 2594 1000 2635 a
1017 2574 1086 2636 Deo
1111 2574 1209 2641 existi.

356 2678 463 2744 Esai.
483 2678 587 2740 Lm:
609 2680 848 2743 (venerationem
877 2681 946 2763 ejue
971 2681 1041 2763 quia
1064 2680 1243 2743 enarrabit?

357 2785 376 2846 J
385 2804 468 2847 eeu.
489 2783 567 2850 Vt:
600 2786 683 2847 Haeo
712 2798 758 2847 est
783 2785 928 2848 voluntas
947 2788 1045 2871 patris
1071 2788 1151 2861 mei,
1182 2790 1239 2871 qui
1265 2790 1349 2852 misit

269 2912 330 2956 me.
372 2892 471 2952 Itemz
494 2888 659 2975 Nonquia
680 2890 806 2954 Patrem
828 2892 909 2953 vidit
928 2894 1109 2977 quisquam,
1139 2896 1198 2955 nisi
1225 2896 1268 2973 is,
1291 2900 1347 2980 qui

271 3010 320 3081 eet
337 3018 356 3059 a
376 2998 465 3078 Deo,
485 2996 538 3059 bie
560 2996 640 3061 vidit
657 3012 786 3084 patrem.
830 2998 929 3079 Item,
951 2998 1021 3086 Ego
1047 3022 1115 3064 aum
1135 3004 1224 3089 panis
1249 3005 1349 3081 vivus,

273 3107 330 3191 qui
352 3104 392 3168 de
413 3104 501 3170 eaelo
527 3104 681 3169 descendi.

358 3216 413 3276 Ga
425 3214 436 3275 l
447 3226 495 3276 at.
523 3214 600 3277 Νη
622 3215 684 3276 Ubi
705 3216 790 3276 venit
802 3211 968 3299 plenitudo
981 3208 1149 3300 temporie,
1170 3218 1350 3278 miaitDeue

272 3320 374 3387 filium
395 3344 488 3387 auum
516 3321 632 3385 laetum
656 3342 692 3385 ex
714 3322 860 3403 muliere,
892 3322 1009 3385 seeum
1027 3323 1088 3386 tub
1107 3324 1184 3409 lege.

357 3432 462 3493 Rom.
482 3430 527 3493 b:
561 3429 659 3509 Quod
682 3443 753 3493 ente
771 3433 958 3515 promiserat
992 3452 1050 3516 per
1071 3430 1249 3516 Prophetas
1273 3451 1348 3491 auor

273 3540 307 3599 iu
322 3540 487 3622 seripturis
508 3539 620 3601 unctis
644 3536 684 3599 de
705 3536 774 3600 lilio
792 3559 872 3616 auo,
893 3540 949 3621 qui
967 3537 1068 3601 sactus
1089 3552 1136 3602 ert
1159 3541 1186 3600 ei
1205 3560 1242 3601 ex
1254 3540 1349 3601 aemi-

273 3666 313 3708 ne
331 3645 433 3707 David
455 3645 625 3708 seeundum
653 3666 785 3707 earnem.

357 3752 392 3813 Μ
400 3750 503 3813 etth.
534 3749 580 3813 bt
615 3750 692 3812 Cum
718 3762 797 3813 esset
829 3748 1014 3836 desponsata
1041 3764 1139 3813 mater
1158 3752 1228 3835 ejus
1248 3748 1350 3835 bieria

273 3858 389 3944 Josepb
400 3904 409 3938 ,
429 3870 592 3941 antequam
613 3862 831 3937 convenirent,
853 3860 976 3921 inventa
992 3871 1039 3921 est
1055 3860 1088 3919 in
1112 3856 1347 3921 utero'bubeus

274 3967 314 4027 do
351 3966 471 4049 Spiritu
503 3980 610 4028 saneto
642 3980 699 4029 etc.
756 3966 852 4043 Quod
881 3970 961 4028 euim
991 3968 1023 4026 in
1042 3988 1076 4027 eu
1096 3976 1201 4029 nutum
1217 3976 1286 4043 eat,
1307 3962 1351 4025 de

273 4072 396 4156 Spiritu
420 4082 528 4133 saneto
560 4085 615 4135 est.
671 4073 778 4135 Periet
798 4086 901 4135 autem
923 4071 1041 4152 lilium,
1074 4086 1107 4137 et
1136 4070 1264 4135 vocabit
1291 4092 1354 4133 uo-

273 4199 343 4239 meu
363 4180 430 4259 ejus
451 4177 565 4241 Jeaum.
