2768 4762
405 340 808 443 accaasr'na
895 370 898 375 ·
1063 383 1145 463 43³

154 565 204 628 Et
222 560 329 624 XlIl.=
350 559 393 619 Ut
410 579 474 619 non
493 576 637 641 praesens
658 555 768 619 durius
785 579 872 644 agam
891 562 1061 624 secuudum
1072 554 1143 651 ¹po-

67 685 230 746 testatem,
260 686 352 750 quam
374 665 527 724 Dominus
551 664 638 726 dedit
656 663 732 725 mihi
757 667 789 726 in
818 665 1083 748 aedficartoncm,
1111 684 1142 736 et

71 803 137 843 non
155 783 185 840 in
205 775 454 838 destructionem.
492 797 497 806 ·
826 770 830 777 '

154 882 284 945 lllattlr.
305 877 444 940 XVIII.:
468 877 500 937 si
521 890 622 940 autem
646 880 820 963 peccaverit
839 882 870 941 in
894 894 926 943 te
945 883 1042 944 frater
1055 895 1139 964 tuus,

65 1005 176 1056 etcaet
219 990 252 1074 Si
277 985 444 1047 Ecclesiam
474 1004 537 1045 nen
559 985 716 1062 audierit,
747 988 787 1047 sit
805 986 864 1049 tibi
887 991 967 1051 sicut
984 989 1138 1054 Ethnicus

65 1111 100 1159 ot
119 1095 312 1180 publicanus.
362 1091 458 1153 Arnen
486 1092 557 1153 dico
583 1095 692 1170 vobis,
716 1114 918 1176 quaecunque
943 1095 1138 1183 alligaveritis

55 1212 313 1287 superterram,
336 1210 423 1260 erunt
441 1199 582 1282 ligata'ct
600 1202 632 1260 in
659 1200 760 1262 caclo:
782 1201 826 1261 Et
848 1219 1046 1285 quaecunque
1071 1203 1139 1266 sol-

64 1302 171 1372 veritis
189 1328 283 1390 super
302 1318 433 1376 terram,
458 1318 549 1367 erunt
567 1306 669 1370 soluta
689 1309 770 1370 etin
791 1307 888 1371 caclo.

160 1416 185 1475 1.
209 1414 297 1474 Cor.
319 1412 377 1474 V.=
415 1412 484 1497 Ego
518 1413 643 1496 quidem
673 1413 782 1479 absens
810 1435 962 1499 corpore,
992 1435 1138 1500 praesens

66 1535 171 1586 autem
196 1521 326 1604 spiritu,
348 1521 411 1601 jam
431 1519 567 1602 judicari
591 1533 629 1581 ut
644 1541 810 1604 praesens,
832 1543 901 1583 cum
921 1525 977 1604 qui
995 1525 1041 1585 sic
1059 1544 1138 1608 ope·
1194 1585 1195 1589 ,

66 1643 154 1692 ratus
175 1641 241 1706 cst,
269 1630 300 1688 iu
323 1629 446 1689 nomine
470 1627 596 1689 Domini
619 1633 720 1691 nostri
739 1630 836 1691 JESU
859 1629 1022 1692 CHRISTI
1029 1674 1038 1707 ,
1060 1650 1140 1692 con·

69 1737 202 1822 gregatis
224 1722 313 1797 robis
334 1722 365 1797 et
391 1756 459 1795 meo
483 1735 617 1817 spiritu,
646 1727 716 1796 crim
747 1739 861 1799 virtute
885 1736 1013 1799 Domini
1038 1749 1139 1799 nostri
1203 1742 1206 1748 “

67 1842 168 1902 JESU
190 1842 371 1918 CHRISTI,
403 1842 527 1903 tradere
543 1841 736 1926 ⁸hujusmodi
766 1841 894 1905 Satanae
921 1843 955 1903 iu
983 1845 1140 1907 interitum

67 1968 190 2024 carun,
222 1959 257 2007 ut
278 1951 405 2031 spiritus
434 1948 533 2010 salvus
559 1949 655 2008 sitin
679 1948 729 2008 die
760 1942 886 2010 Domini
912 1950 1015 2011 nostri
1039 1950 1141 2011 J'ESU
1213 2016 1217 2025 ,

66 2052 240 2113 CHRISTI.
282 2053 353 2115 Non
366 2066 432 2149 ..9⁸⁸
456 2053 539 2114 bona
567 2050 715 2147 gloriatio
744 2066 866 2115 vestro.
904 2054 1045 2145 Nescitis,
1064 2055 1139 2138 quia
1224 2114 1227 2121 .

63 2160 224 2224 modicum
245 2159 426 2225 fermentum
445 2173 544 2223 totam
560 2178 688 2221 massam
706 2156 903 2243 corrumpit?

83 2296 86 2301 ·
152 2266 177 2324 l.
192 2265 286 2323 Tim.
299 2268 346 2326 ‘Lr
367 2267 492 2326 Habeas
511 2264 604 2324 fidem
617 2260 773 2324 etb'onam
786 2267 1022 2345 conscientiam,
1043 2289 1137 2352 quam
1203 2286 1207 2295 ’

68 2370 196 2454 quidam
219 2369 413 2451 repellentes,
435 2370 519 2428 circa
543 2367 636 2426 fidem
657 2360 937 2450 nurfragaverumi
959 2373 1005 2433 Ex
1023 2376 1137 2455 quibus

70 2489 117 2536 est
131 2477 320 2551 Hymenaeus
338 2485 368 2537 et
391 2471 579 2547 Alexander,
602 2490 682 2555 quos
706 2472 821 2534 tradidi
842 2473 991 2552 Satanae,
1012 2491 1048 2538 ut
1072 2478 1139 2540 dis-

72 2594 143 2672 cant
163 2602 225 2642 non
243 2578 466 2664 blasphemare.

154 2688 196 2749 II.
215 2687 298 2748 Pet.
316 2687 358 2749 l.:
392 2687 434 2748 Et
454 2684 601 2746 habemus
627 2681 796 2747 firmiorem
821 2685 1045 2772 Prophetiam
1071 2710 1139 2752 ser·

70 2815 206 2870 monem,
230 2795 279 2854 cui
302 2793 381 2854 bene
407 2793 506 2854 facitis
525 2789 732 2869 attendentes,
753 2796 841 2879 quasi
864 2794 1006 2858 lucernae
1023 2795 1138 2859 lucenti

72 2902 105 2963 in
129 2901 298 2985 caliginoso
319 2900 412 2981 loco,
433 2902 531 2963 donec
556 2896 621 2961 dies
646 2896 823 2980 illucescat,
852 2915 884 2964 et
912 2900 1025 2963 lucifer
1052 2905 1139 2965 oria·

72 3021 129 3069 tur
154 3010 186 3066 in
218 3005 372 3067 cordibus
392 3009 520 3069 vestris=
541 3006 611 3069 Hoc
643 3008 775 3091 primum
805 3008 1027 3093 intelligentes,
1050 3009 1138 3092 quod

13 3130 22 3145 *
75 3115 174 3174 omnis
197 3112 362 3201 prophetia
391 3116 560 3198 scripturae
586 3116 714 3199 propria
733 3115 985 3202 interpretatione
1001 3137 1064 3177 non
1090 3114 1136 3179 iit.

13 3220 28 3256 ²
72 3218 146 3281 Non
171 3221 249 3279 enim
268 3218 422 3282 voluntate
442 3218 574 3282 humana
599 3220 689 3282 allata
709 3232 755 3283 est
777 3220 944 3304 aliquando
964 3221 1140 3307 prophetia,

23 3326 32 3369 3
76 3329 131 3390 sed
152 3328 272 3412 Spiritu
289 3339 395 3388 sancto
417 3327 577 3409 inspirati,
600 3326 696 3389 locuti
711 3340 784 3389 sunt
798 3331 894 3391 sancti
907 3328 968 3390 Dei
990 3327 1138 3391 homiues.

13 3422 28 3470 Ι
158 3436 199 3495 ll.
233 3435 323 3494 Tim.
358 3434 433 3494 HL:
465 3433 571 3496 Omnis
611 3436 764 3518 scriptura
796 3433 942 3497 divinitus
972 3435 1139 3519 inspirata,

76 3539 161 3603 utilis
188 3552 233 3602 est
264 3538 303 3600 ad
329 3538 517 3619 docendum,
542 3540 581 3602 ad
602 3540 804 3626 arguendum,
841 3540 881 3602 ad
904 3540 1142 3626 corrigendum,

25 3644 30 3679 l
79 3647 120 3710 ad
143 3647 344 3709 erudiendum
366 3667 397 3707 sn
415 3648 552 3728 justitia:
582 3649 624 3709 Ut
645 3648 802 3734 perfectus
828 3648 869 3708 sit
890 3646 986 3710 homo
1005 3647 1081 3725 Dei,
1103 3645 1144 3711 ad

81 3776 171 3816 omne
195 3776 274 3838 opus
294 3753 411 3815 honum
433 3755 610 3817 instructus.

166 3859 303 3923 Mattlu
328 3860 461 3922 xv111.=
489 3862 551 3923 Dic
573 3858 737 3922 Ecclesiae.
790 3857 824 3919 Si
849 3871 951 3922 autem
979 3857 1148 3923 Ecclesiam

82 3988 149 4031 non
169 3968 321 4046 audierit,
347 3981 403 4029 etc.
929 3970 932 3974 ’

13 4081 25 4115 '
168 4076 186 4137 J
195 4097 277 4136 oan.
294 4074 380 4138 xlv.
397 4070 502 4152 xvi,
524 4087 560 4138 ut
577 4094 645 4158 sup.
669 4084 785 4157 quaest
810 4084 858 4144 10.

20 4178 24 4203 ⁵
170 4179 253 4240 Act.
272 4181 331 4240 IL:
352 4181 481 4241 Etcum
503 4182 731 4267 complerentur
755 4181 819 4243 dics
837 4182 1034 4245 Pentecostes
1053 4188 1111 4239 etc.

175 4283 323 4372 Ephes.
343 4286 423 4352 Νη
444 4287 546 4367 Unum
561 4308 676 4376 corpus
696 4299 732 4352 et
747 4309 827 4351 uuus
850 4290 994 4415 spiritus,
1015 4296 1073 4349 etc·
1136 4302 1139 4311 ·

884 4392 934 4451 Μ
