2768 4762
145 455 148 461 .
235 402 317 477 3³0
494 260 603 457 iou
652 382 1015 454 canturanae

239 605 342 649 remen
370 590 507 646 testeum
539 576 739 641 benedictum
773 594 793 637 a
819 573 891 636 Deo
913 571 1030 653 Israel,
1065 570 1122 657 qui
1156 585 1273 657 regnat
1295 576 1326 636 in

240 692 365 757 eueeula
386 687 592 750 saeculorum.
999 682 1004 701 ''

266 782 270 789 .
326 800 374 860 Et
391 799 454 858 X..-
474 793 592 879 Raguel
614 793 749 855 Tobiam
768 790 885 853 salvum
908 802 1002 873 atque
1023 780 1208 874 gaudeutem
1232 791 1327 852 dimi·

243 912 285 974 ait
316 929 334 969 a
359 927 409 984 se,
444 902 564 964 dicens:
598 904 734 988 Angelus
770 903 908 962 Domini¹
928 911 1050 961 sauctus
1081 903 1124 958 sit
1154 899 1190 958 iu
1212 903 1326 962 itinere

242 1029 370 1092 vestro,
403 1012 620 1098 perducatque
653 1033 709 1073 vos
745 1010 931 1086 incolumes,
969 1020 1000 1068 et
1033 1007 1198 1068 inveniatis
1222 1012 1326 1071 omnia

243 1138 327 1188 reete
356 1124 440 1184 eirea
470 1114 612 1204 parentes
647 1131 785 1199 vestros,
817 1131 849 1181 et
885 1115 1011 1179 videant
1038 1113 1125 1180 oeuli
1153 1118 1218 1181 mei
1242 1114 1326 1180 filios

242 1245 384 1307 uestros,
412 1231 596 1314 priusquam
628 1229 754 1288 moriar.
793 1208 797 1217 ¹

328 1343 421 1402 Gen.
440 1334 574 1397 xxlv.=
597 1335 791 1396 Dimiseruut
811 1353 886 1418 ergo
909 1353 974 1395 eum
995 1343 1027 1392 et
1047 1333 1205 1393 nutricem
1227 1332 1324 1412 illius,

242 1467 429 1529 servumque
454 1442 613 1506 Abraham
650 1457 681 1505 et
711 1444 839 1505 comites
874 1442 960 1521 ejus:
994 1441 1201 1524 imprecantes
1231 1464 1327 1526 proa-

241 1577 318 1642 pere
335 1554 440 1616 sorori
459 1572 556 1639 ¹strae,
580 1564 672 1634 atque
695 1551 850 1612 dieentes:
880 1548 981 1610 Soror
1001 1561 1110 1610 nostra
1127 1569 1182 1626 es,
1205 1570 1325 1612 crescas

243 1666 277 1725 in
310 1660 394 1723 mitte
416 1659 532 1737 millia,
567 1670 598 1721 et
622 1658 782 1743 possideat
805 1677 907 1721 semen
928 1678 1018 1745 suum
1049 1667 1160 1742 portas
1180 1659 1326 1720 inimieo-

246 1792 316 1833 rum
339 1789 479 1830 suorum.

331 1877 356 1938 1.
378 1876 471 1936 Tim.
492 1874 569 1936 vl.=
615 1875 680 1953 Qui
713 1874 825 1936 volunt
855 1872 964 1933 divites
998 1867 1091 1944 fieri,
1126 1871 1270 1935 incidunt
1293 1875 1323 1933 iu

244 1987 446 2047 tentationem
465 1996 497 2043 et
519 1981 664 2064 laqueum
686 1980 823 2056 diaboli,
856 1994 888 2041 et
908 1979 1060 2041 desideria
1083 1978 1178 2040 multa
1201 1980 1323 2042 inutilia

246 2105 278 2153 et
311 2092 443 2166 nociva,
478 2108 559 2169 quae
592 2099 734 2170 mergunt
766 2086 905 2147 homines
928 2089 959 2146 in
982 2088 1136 2147 interitum
1157 2099 1187 2145 et
1207 2087 1318 2168 perdi-

244 2203 370 2259 tionem.
412 2194 511 2256 Radix
535 2197 614 2256 euim
639 2197 775 2257 omnium
799 2193 955 2257 malorum
973 2206 1019 2255 est
1040 2193 1205 2277 eupiditasr
1224 2215 1319 2276 quam

247 2304 373 2388 quidam
405 2315 601 2388 appetentes,
629 2314 812 2363 erraverunt
847 2323 864 2363 a
899 2299 980 2379 fide,
1014 2315 1045 2363 et
1071 2304 1272 2363 inseruerunt
1289 2324 1316 2362 se

249 2411 413 2474 doloribus
434 2410 549 2475 multis.
591 2411 641 2472 Tu
658 2423 774 2490 autem,
797 2431 816 2470 ο
838 2409 934 2472 homo
955 2411 1037 2492 Dei,
1059 2409 1137 2472 haee
1160 2410 1243 2495 fuge.

719 2637 828 2713 XIX.

246 2798 339 2927 Quo
385 2813 556 2898 demum
596 2814 813 2899 referenda
851 2832 946 2896 sunt
974 2813 1169 2900 mandata
1196 2823 1320 2900 Deca-

633 2955 721 3068 logi
751 2954 919 3038 omnia?-

343 3143 389 3215 A.
453 3141 513 3216 Ad
561 3140 770 3231 ceritatem,
824 3166 934 3239 quam
983 3138 1093 3211 nobie
1140 3142 1321 3239 geminam

67 3266 339 3377 i¹ii·r?¹’¹⁸·duae
364 3268 477 3338 illae¹
504 3266 676 3353 tabulae,
715 3264 850 3362 quibua
881 3266 963 3351 DEI
1003 3264 1119 3363 digito
1149 3263 1323 3336 mandate

243 3391 337 3462 haee
367 3391 548 3489 iuscripta
570 3391 696 3476 suere,
733 3388 1002 3461 commendent.
1054 3391 1206 3462 Docent
1228 3391 1323 3464 enim

242 3512 384 3610 primae
411 3512 603 3596 mandata,
645 3538 743 3610 queo
778 3512 827 3584 ad
862 3514 1051 3584 ceritatem
1072 3515 1180 3587 DEI:
1222 3541 1325 3586 man·

243 3635 444 3710 datavere
477 3634 665 3707 secundae
700 3635 876 3726 tabulae,
921 3661 1017 3734 quae
1054 3635 1103 3707 ad
1127 3637 1326 3711 caritatem

239 3756 400 3857 proximi
427 3774 610 3857 spectant.

341 3883 384 3957 Β.
436 3882 552 3980 igitur
586 3909 631 3955 ex
654 3885 714 3957 hia
742 3883 872 3958 deeem
902 3882 976 3957 duo
1006 3881 1157 3982 quidem
1189 3882 1326 3982 priora

239 4001 281 4075 id
310 4002 476 4091 faciunt,
513 4023 578 4089 ut,
607 4031 703 4105 quae
735 4007 824 4081 vitia
856 4006 974 4079 cultui
1007 4005 1221 4105 honorique
1240 4008 1328 4080 DEI

238 4127 396 4200 maxime
433 4126 699 4210 adversantur,
733 4130 948 4221 idololatria
983 4133 1129 4207 ecilieet
1157 4155 1202 4203 eo
1236 4157 1328 4233 per·

238 4250 402 4350 jurium,
428 4252 601 4356 inprimit
618 4279 827 4331 caveamus·
880 4257 1050 4330 Tertium
1071 4281 1190 4358 porro
1214 4282 1327 4333 meu·
