2768 4762
453 392 791 461 senione
1107 390 1159 467 nn

163 581 246 644 Tit.
278 579 337 641 lt:
379 576 535 666 Apparuit
576 583 677 666 gratia
709 577 784 640 DEI
826 573 996 641 salvatoris
1026 586 1086 640 ete.
1123 586 1160 636 nt

79 693 115 753 in
136 700 230 752 tenen

167 815 317 902 Ephes.
351 816 560 903 11.:,1p0iu·
600 814 681 877 enim
715 835 821 878 snmus
861 767 981 879 Inetnra
1023 825 1082 880 ete.
1123 826 1161 876 nt

80 927 116 988 in
138 937 236 987 textu.

167 1032 209 1094 ΙΙ.
233 1032 324 1093 Cor.
345 1029 403 1092 V.:
432 1028 498 1092 Pro
520 1029 665 1095 omnibns
697 1042 841 1091 mortuus
869 1042 914 1090 est
935 1028 1079 1091 Christus
1099 1039 1158 1090 ete.

80 1152 120 1202 ut
141 1144 174 1200 In
197 1152 293 1201 textu.

167 1248 192 1308 1.
215 1247 314 1307 Tim.
338 1245 401 1303 II.:
425 1243 512 1302 Unus
534 1245 616 1303 enim
637 1244 723 1304 Deus
746 1256 805 1306 ete.
827 1255 862 1303 nt
884 1262 987 1325 supra.

168 1355 277 1415 Rom.
300 1353 376 1412 111.:
398 1362 433 1409 ut
454 1370 559 1433 supra.

170 1462 283 1522 Esai.
305 1456 477 1519 xxx111.=
499 1456 653 1516 Dominus
681 1455 777 1536 judex
798 1466 921 1530 noster,
941 1451 1095 1514 Dominus
1118 1448 1164 1511 le-

84 1570 168 1655 gifer
194 1580 326 1641 noster,
348 1564 505 1622 Dominus
527 1582 579 1620 rex
600 1574 721 1622 noster:
748 1565 814 1645 ipsa
835 1560 966 1621 salvabit
987 1579 1055 1618 nos.

173 1676 189 1733 J
203 1695 254 1732 ac.
284 1669 361 1732 IV.:
397 1669 484 1730 Unus
518 1680 565 1729 est
597 1668 755 1753 legislator
775 1681 806 1730 et
827 1667 946 1750 judex,
983 1666 1039 1750 qui
1060 1674 1167 1749 potest

88 1779 224 1864 perdere
246 1791 276 1839 et
296 1777 436 1838 liberare.

173 1887 191 1947 J
199 1907 285 1947 onn.
308 1886 412 1946 XIILs
444 1881 625 1968 Exemplum
658 1883 730 1948 dedi
758 1882 869 1961 vobis,
904 1893 942 1945 ut
961 1876 1167 1967 quenadmo-

86 1991 163 2052 dum
184 2014 241 2076 ego
265 1991 324 2053 feei
346 1991 456 2071 robis,
491 1995 535 2053 ita
562 2004 593 2052 et
622 2013 678 2054 vos
700 1990 830 2054 faciatis.
872 1988 1011 2051 Ibidem:
1031 1988 1165 2050 Manda-

83 2113 153 2161 tnm
172 2121 288 2162 novum
308 2099 351 2161 do
372 2099 481 2178 nobb,
503 2111 541 2160 nt
561 2099 698 2187 diligatis
719 2103 861 2178 invicem,
882 2082 966 2160 nie⁸nt
987 2096 1080 2159 dilexi
1095 2116 1164 2175 vos,

77 2218 123 2271 nt
140 2220 171 2269 et
192 2228 248 2269 vos
268 2207 402 2292 diligatis
428 2208 568 2271 invicem.

171 2312 198 2374 L
218 2314 332 2375 Ioan.
355 2315 418 2376 IL:
441 2314 505 2392 Qui
527 2314 604 2375 dicit
625 2335 658 2377 se
679 2317 712 2377 in
733 2318 803 2401 ipso
824 2334 966 2392 manere,
988 2309 1082 2373 debet
1101 2306 1165 2371 sie&

84 2435 126 2481 nt
145 2419 199 2479 ille
220 2419 409 2496 ambulavit,
432 2423 550 2500 etipse
574 2420 742 2483 ambulare.
786 2423 964 2495 Carissimi,
990 2439 1055 2480 nnn
1077 2437 1166 2478 man-

90 2528 200 2587 datum
222 2546 336 2585 novum
352 2523 456 2584 scribo
480 2522 590 2602 robis,
613 2527 668 2587 ted
688 2527 866 2588 mandatnm
885 2539 988 2600 vetus,
1010 2523 1097 2606 qnod
1107 2523 1166 2585 ha-

87 2633 203 2696 buistis
225 2630 265 2692 ab
288 2632 389 2692 initio.

173 2740 199 2801 Ι.
220 2738 334 2801 Petr.
358 2738 420 2799 IL:
457 2735 545 2815 Quae
565 2749 612 2801 est
628 2738 709 2800 enim
730 2737 855 2824 gloria,
885 2739 911 2800 si
932 2749 1115 2823 peccantes,
1137 2747 1169 2799 et

90 2846 280 2932 colaphizati
312 2845 468 2908 suffertis?
511 2844 572 2907 Sed
594 2848 619 2907 si
643 2846 910 2925 benefacientes,
941 2846 1096 2930 patienter
1115 2865 1170 2903 sn-

93 2957 234 3019 stInetisz
256 2952 335 3015 haee
359 2966 405 3015 est
426 2955 525 3037 gratia
548 2953 633 3039 apud
654 2955 777 3015 DEUM
830 2955 867 3014 In
890 2953 952 3016 hoe
973 2955 1054 3014 enim
1074 2972 1170 3014 voea-

92 3071 119 3124 ti
140 3065 234 3138 eatis,
257 3063 331 3144 qnia
351 3073 382 3122 et
404 3061 548 3122 Christus
567 3080 676 3143 pessus
698 3072 744 3121 est
773 3083 834 3146 pro
862 3061 954 3122 nobis
966 3103 977 3137 ,
1005 3060 1094 3123 vobis
1116 3081 1170 3121 re-

96 3168 239 3252 IInquens
268 3168 455 3253 exemplum,
486 3180 523 3228 ut
546 3171 716 3248 sequamrni
746 3171 874 3253 vestigia
898 3171 984 3250 ejus:
1018 3169 1072 3249 qni
1094 3188 1172 3250 pee-

95 3288 164 3336 cata
192 3289 299 3337 nostra
318 3279 384 3360 ipse
413 3275 546 3361 pertulit
570 3277 602 3335 in
628 3296 763 3359 corpore
786 3296 844 3338 sno
863 3297 958 3361 snper
980 3272 1112 3359 lIgnnm:
1133 3287 1170 3336 nt

95 3385 234 3468 pereatis
249 3385 391 3459 mortui,
414 3384 554 3464 justitiae
575 3384 721 3445 vivamus.

180 3491 222 3551 11.
242 3492 334 3552 Tim.
358 3488 430 3550 IV.:
454 3491 573 3551 Bonum
595 3502 750 3553 certamen
774 3492 910 3567 certari,
945 3508 1071 3551 cursum
1092 3509 1172 3553 eon-

92 3600 265 3675 summnvi,
298 3596 391 3659 fidem
419 3600 556 3659 servavi:
589 3599 625 3658 In
648 3599 771 3681 reliquo
792 3599 929 3681 reposita
950 3609 997 3659 est
1016 3597 1093 3659 mihi
1115 3618 1172 3659 eo·

92 3726 172 3769 rnna
198 3708 353 3789 justitiae,
390 3727 483 3790 quam
506 3704 616 3766 reddet
642 3703 717 3766 mihi
744 3706 898 3768 Dominus
908 3706 952 3765 ‘in
973 3703 1027 3766 illa
1049 3702 1099 3765 die
1119 3706 1173 3787 ju-

93 3824 160 3875 stus
191 3814 303 3897 judex:
335 3813 530 3877 nonnotum
568 3827 669 3887 autem
696 3812 790 3894 mihi,
820 3812 925 3904 sedet
946 3814 1005 3891 iis,
1026 3813 1080 3895 qni
1098 3808 1173 3873 dili·
1293 3820 1296 3825 '

95 3934 173 4004 gunt
196 3921 361 3984 adrentum
379 3924 457 4004 ejus.

159 4026 235 4092 no
248 4052 287 4090 m.
324 4031 384 4091 IL:
421 4026 599 4092 Secundum
628 4026 775 4091 duritiam
805 4040 891 4091 tuam
913 4038 945 4091 et
968 4029 1171 4113 impoenitens

97 4155 173 4216 eor,
195 4137 386 4199 thesaurizas
412 4137 470 4199 tibi
495 4141 572 4199 iram
600 4138 632 4196 in
659 4135 710 4196 die
731 4137 795 4198 Irae
825 4147 856 4199 et
879 4134 1075 4198 revelationis
1092 4137 1172 4220 justi

92 4242 208 4327 judieii
239 4244 320 4306 Dei:
353 4247 408 4329 qni
439 4244 549 4308 reddet
577 4244 749 4328 unicuique
771 4242 943 4309 seeundum
960 4262 1058 4331 opera
1082 4244 1169 4329 ajune
1178 4282 1247 4355 Μ
