2768 4762
210 307 446 374 retrusurus
462 309 504 371 m
517 278 598 371 noc
615 305 740 367 orsae
759 303 962 367 circurne-
1008 304 1131 365 aratu
1192 392 1196 399 Ι

134 482 389 543 ΒΔΜΔδΟΕΝΰὸ
411 482 441 538 ἰιι
463 499 597 538 emmone
620 478 657 537 de
682 478 847 537 defunctio:
874 482 944 537 Post
966 479 1042 535 hunc
1061 479 1130 537 item

65 579 224 652 Gregorius
256 579 305 634 ille
331 579 431 635 divino
457 578 577 653 eloquio
602 587 723 653 potens,
750 575 825 636 adae
848 588 881 634 ιιι
902 577 979 635 inter
1001 574 1076 633 alios
1099 585 1130 633 ot

64 674 205 751 Theologi
219 692 327 731 nomen
344 671 461 729 fortitus
479 673 517 730 sit
536 682 592 729 ete.

300 947 371 1005 vlt
407 944 698 1005 EPRRAEH
734 942 895 1008 ΠΕΟ.

136 1216 390 1298 merome}
413 1216 444 1299 in
460 1217 545 1280 catal.
566 1216 664 1292 ecript
684 1215 864 1277 Ecclesiaste
883 1215 1028 1292 Ephracm
1045 1216 1131 1274 Edet-

62 1333 156 1375 eme
182 1316 328 1373 Ecclesiae
358 1294 518 1377 lis'couus,
545 1314 633 1368 muslta
657 1314 732 1385 Syro
754 1330 889 1370 sermone
908 1312 1085 1386 composuit:
1104 1323 1133 1371 et

60 1412 101 1469 ad
125 1422 236 1468 tanum
253 1410 337 1467 venit
354 1406 577 1473 claritudinem,
604 1418 636 1463 ιιι
655 1416 723 1480 post
738 1407 893 1463 lectionem
911 1409 1133 1482 scripturarum,

61 1507 190 1583 publice
216 1508 247 1563 in
278 1501 451 1580 quibusdam
477 1501 615 1556 Ecclesiia
641 1503 702 1572 ejus
725 1501 832 1576 scripta
861 1504 1031 1565 recitentur.
1066 1502 1136 1578 Legi

63 1604 128 1675 ejus
154 1602 193 1657 de
210 1601 326 1674 Spiritu
347 1609 445 1654 sancto
466 1598 609 1655 Graecum
622 1597 775 1666 volumen,
795 1597 1009 1674 quodquidam
1029 1593 1065 1654 de
1087 1598 1138 1669 8]-

63 1698 147 1755 ritca
164 1697 265 1770 lingua
280 1703 427 1750 verterat:
447 1702 476 1749 et
492 1708 613 1749 acumen
626 1690 755 1749 subluto
772 1694 882 1770 ingenii
895 1694 982 1753 etiam
1000 1694 1031 1750 iu
1045 1703 1137 1752 ιιιιιι·

68 1788 177 1850 hicne
194 1789 332 1864 cognovi.

141 1983 382 2045 mellentinus
403 1984 435 2040 1..
454 1984 504 2045 IX.
528 1979 605 2040 Ecci
624 1982 813 2055 hiat.c.1ls.r
844 1986 932 2045 Multi
947 1982 1138 2063 deniquealii

78 2076 163 2138 aliter
179 2080 298 2155 spectati
317 2079 377 2135 viri
391 2078 499 2136 eisdem
515 2076 597 2133 annis
617 2077 756 2153 viguere,
775 2093 862 2157 atque
881 2082 912 2139 in
931 2076 1070 2138 Eccleeiit
1082 2080 1138 2137 Dei

75 2174 225 2231 enituerat
249 2177 326 2232 inter
344 2192 418 2249 quos
436 2173 594 2248 praecipue
613 2174 779 2257 eruditione
802 2188 832 2234 et
850 2176 1016 2254 eloquentia
1039 2173 1140 2233 floruit

72 2268 218 2325 amacius
242 2270 391 2325 Emisenus
416 2271 595 2343 Episcopum,
623 2269 705 2325 Titus
726 2272 889 2328 Bostrensis
911 2283 967 2332 etc.
1013 2271 1139 2329 Videtur

69 2375 168 2421 antem
191 2382 289 2421 omnes
310 2364 364 2419 hac
393 2364 424 2419 in
443 2375 527 2438 parte
545 2366 638 2439 gloria
655 2366 850 2441 praecellere,
874 2376 962 2441 atque
984 2366 1140 2423 Ecclesiam

73 2457 272 2517 uuiversum
296 2476 439 2515 exornare
470 2461 608 2533 Ephraim
636 2462 734 2533 Syrus.
776 2463 814 2518 Et
835 2467 938 2523 c.16.=
958 2460 1067 2517 Eadem
1087 2463 1141 2517 bac

74 2564 169 2611 aetate
185 2564 215 2611 et
233 2552 372 2628 Ephraim
396 2553 483 2624 syrus
499 2556 666 2628 praeclarus
683 2555 757 2621 luit,
786 2555 836 2630 qui
852 2553 972 2630 quidem
992 2555 1079 2632 longo
1100 2555 1142 2611 in·

74 2650 200 2707 tervallo
221 2667 322 2706 omncs
340 2649 514 2722 praecessit:
543 2662 571 2707 et
590 2661 700 2708 tantum
719 2649 750 2705 in
768 2648 867 2724 lingua
883 2650 1024 2724 Syrorum
1043 2649 1142 2725 prole·
1226 2701 1232 2715 ,

75 2745 131 2815 tit,
150 2756 185 2801 ιιι
206 2762 272 2801 cum
288 2744 405 2818 pietatis
427 2744 565 2800 exercitio
587 2746 625 2802 ad
644 2764 785 2802 summum
804 2732 1055 2820 contemplationia
1077 2761 1143 2819 per·

78 2841 209 2909 venerit,
234 2850 297 2896 tum
316 2838 490 2914 splendore,
519 2838 657 2897 facilitate
680 2851 710 2896 et
731 2840 873 2897 curvitate
894 2842 1071 2911 verborum,
1089 2858 1144 2897 nec

77 2954 136 2992 non
158 2935 303 2993 densitate
326 2946 356 2991 et
376 2935 518 3009 gravitate
537 2937 765 3006 sententiarum,
793 2935 880 2992 etiam
897 2920 1144 3011 prieclariasimos

78 3049 212 3107 quotque
241 3034 440 3103 Graecorum,
473 3030 524 3106 qui
554 3031 719 3106 eloquentia
746 3031 904 3107 antiquitus
928 3031 1145 3098 monuissent,

76 3127 271 3201 superaverit.
307 3127 416 3183 Mirum
438 3126 555 3202 quidem
583 3126 682 3183 auditu
704 3139 765 3198 est,
794 3122 917 3184 eundem
939 3137 969 3184 et
989 3127 1099 3184 Graece
1118 3136 1148 3182 et

80 3220 198 3292 Syriaca
214 3221 283 3295 legi.
320 3224 412 3302 Quam
436 3222 475 3278 ol)
501 3239 616 3278 causam
633 3240 751 3297 magnus
768 3222 817 3279 ille
836 3235 866 3280 et
885 3221 1020 3279 oratione
1039 3232 1069 3277 et
1089 3220 1148 3275 vir·

79 3324 140 3372 tots
162 3316 302 3385 Basilius,
322 3318 372 3393 qui
391 3317 594 3391 Cappadocum
610 3318 795 3391 metropolim
807 3319 984 3393 Episcopatu
999 3334 1052 3372 suo
1066 3332 1147 3372 eror-

80 3412 183 3479 navit,
209 3428 390 3487 summopere
412 3415 508 3468 virum
529 3424 573 3469 est
586 3412 760 3481 admiratus,
780 3414 960 3491 eundemque
975 3411 1149 3469 eruditioni·

78 3509 200 3566 nomine
219 3490 335 3566 beatum
352 3510 476 3577 censuit,
501 3520 534 3566 ut
553 3510 626 3566 tanti
644 3509 704 3564 viri
723 3521 781 3565 tam
803 3520 885 3566 certo
909 3508 1075 3566 testimonio
1092 3524 1149 3562 ma·

80 3602 222 3660 tristatum
243 3604 297 3672 sit,
326 3606 517 3663 communiter
541 3623 659 3682 quoque
685 3605 852 3674 aGraecis,
881 3606 932 3682 qui
957 3616 1018 3663 tum
1042 3606 1151 3660 clarum

84 3696 115 3755 in
126 3699 295 3774 eloquentia
303 3701 456 3758 obtinuere
463 3719 579 3769 nomen,
595 3701 872 3775 praestantissimum
881 3700 1009 3759 omnium
1015 3700 1153 3777 Ephraim

84 3794 245 3864 indicatum
267 3815 338 3855 esse.
379 3799 446 3853 Vox
463 3813 530 3852 eane
551 3798 651 3853 Basilii
671 3800 736 3856 talia
757 3816 817 3854 non
833 3809 943 3855 temere
962 3799 1077 3874 prolata
1092 3815 1155 3855 eece

86 3891 277 3952 neumis
288 3905 341 3958 est.
378 3890 485 3950 Eadem
493 3891 580 3952 habet
593 3894 770 3954 sozomenus
783 3895 816 3953 L.
830 3894 884 3959 111.
902 3892 979 3960 Eccl.
991 3893 1058 3955 hist.
1072 3911 1098 3953 c.
1111 3902 1154 3955 15.
