2768 4762
68 350 70 358 ’
170 394 174 399 ’
270 345 350 463 aas
492 379 1117 457 nasasucarroraa

39 562 49 592 ¹
272 525 334 629 sint
358 589 487 631 mecum
542 547 608 633 'sed
633 590 699 634 non
723 526 833 631 mlum,
853 569 913 633 sibl
932 569 1046 630 debent
1060 567 1231 653 prodesse,
1263 593 1345 652 qnae

269 674 335 713 non
354 655 438 716 solae
471 653 616 718 vixeram
637 653 707 718 cibi.
749 654 832 714 Haec
852 655 996 737 parentes
1019 655 1167 738 redimat,
1188 653 1265 715 haec
1278 657 1345 718 sra-

270 751 345 799 tres.
386 739 483 801 Pater
501 741 605 823 juste,
638 737 772 801 mundus
791 759 839 799 me
861 760 925 799 non
945 741 1111 822 cognovit:
1144 741 1219 799 istae
1241 755 1345 802 autem

269 842 317 882 me
341 837 577 907 cognoverunt,
606 824 808 886 elinandum
834 843 1023 907 cognoscere
1042 822 1219 884 noluerunt.
1266 827 1345 902 Quae

294 928 385 991 ompa
412 908 485 986 illa,
519 921 636 991 quanta
655 906 836 992 angelorum
860 906 975 969 laetitia
999 907 1232 991 plaudentium,
1253 912 1344 992 quod

195 1021 196 1024 ¹
269 928 414 1053 labiture
433 1005 589 1056 mereatur
608 995 698 1077 virgo
716 994 748 1052 in
770 992 877 1069 caelo,
900 1013 979 1075 quae
1000 994 1158 1055 caelestem
1177 995 1271 1054 vitam
1295 999 1345 1056 vi-

95 1087 167 1132 axos
180 1076 249 1134 rau·
268 1078 313 1137 xii
333 1078 365 1138 in
384 1077 539 1140 saeculo?
580 1078 669 1139 Tunc
689 1080 780 1140 etiam
799 1078 898 1138 Maria
917 1089 1096 1160 tympanum
1116 1097 1248 1155 sumens,
1263 1080 1346 1142 cho·

269 1182 322 1222 ros
335 1163 506 1247 ¹virginales
527 1162 694 1238 excitabit,
716 1174 872 1222 cantantes
894 1162 1056 1242 Domino,
1088 1162 1176 1245 quod
1198 1185 1256 1247 per
1277 1188 1344 1227 ma-

269 1268 304 1307 rc
335 1248 467 1323 saeculi,
502 1248 568 1308 sine
601 1245 811 1309 saecularibus
831 1244 979 1315 fluctibus
1012 1249 1209 1309 transierunt.
1251 1252 1344 1315 Tune

96 1335 160 1376 Μ·
182 1342 215 1385 ἃ,
237 1343 258 1384 t·
269 1350 474 1414 unaquaeque
496 1330 669 1408 exultabit,
691 1330 819 1392 dicens:
844 1330 990 1392 introibo
1012 1333 1052 1393 ad
1073 1333 1170 1392 altare
1191 1334 1250 1393 Dei
1271 1341 1341 1412 mei,

95 1392 171 1433 Μ’
269 1416 309 1478 ad
337 1417 459 1494 Deum,
492 1419 546 1498 qui
568 1413 716 1478 laetificet
744 1417 938 1497 juventutem
962 1437 1066 1476 meam.
1110 1418 1243 1480 lmmolo
1271 1423 1340 1483 Deo

195 1573 200 1582 ι
269 1497 456 1561 sacrificium
476 1500 588 1580 laudis,
611 1514 642 1561 et
665 1499 763 1562 reddo
797 1498 946 1561 altissimo
967 1514 1040 1564 voca
1060 1522 1134 1563 mea.
1154 1540 1158 1549 ·
1178 1503 1287 1587 Neque
1306 1528 1343 1567 e-

267 1589 332 1645 nim
354 1584 574 1664 dubitaverim,
593 1584 683 1647 uobis
705 1596 812 1667 patere
834 1583 951 1660 altaria,
974 1605 1105 1667 quarum
1126 1601 1240 1650 mentes
1261 1590 1343 1652 alta-

267 1672 316 1730 ria
347 1672 406 1730 Dei
440 1668 636 1734 confidenter
662 1667 811 1734 dixerim:
844 1670 877 1731 in
909 1669 1021 1750 quibus
1044 1673 1185 1752 quotidie
1206 1695 1267 1757 pro
1289 1697 1341 1735 re·-

267 1754 445 1835 demptione
479 1756 624 1836 corporis
655 1751 853 1814 CHRISTUS
882 1754 1068 1817 immolatur.
1119 1756 1194 1817 Nam
1219 1761 1245 1818 si
1270 1780 1340 1820 cor·

235 1858 236 1861 ’
266 1860 327 1922 pus
356 1842 482 1922 virginis
515 1840 575 1899 Dei
600 1837 749 1920 templum
771 1849 835 1914 est,
865 1839 983 1898 animus
1006 1840 1175 1921 quidest,
1198 1840 1339 1923 quitanss

267 1943 359 2002 quam
392 1921 603 1984 membrorum
637 1920 793 1982 cineribus
828 1924 986 2000 excitatis,
1019 1924 1186 1984 sacerdotis
1222 1931 1337 1990 aeterni

266 2007 455 2088 redopertus
482 2028 594 2084 manu,
630 2026 778 2089 vaporem
805 2005 902 2067 divini
937 2009 1015 2093 ignis
1046 2008 1187 2070 exhalati
1228 2012 1339 2074 Beatae

266 2092 417 2173 virgines,
463 2111 520 2152 uae
541 2105 605 2152 tam
625 2089 793 2152 immortali
814 2092 938 2173 spiratis
968 2093 1086 2176 gratia,
1114 2105 1148 2152 ut
1169 2091 1255 2154 horti
1276 2096 1339 2158 llo-

266 2174 365 2253 ribus,
386 2190 424 2238 ut
476 2176 558 2259 mpla
580 2174 741 2260 religione,
761 2185 798 2234 ut
819 2174 1102 2239 attariasacerdote.
1144 2176 1230 2262 Ergo
1243 2201 1339 2240 sanc-

265 2271 298 2320 ta
316 2262 416 2321 Maria
439 2259 632 2344 disciplinam
661 2262 741 2320 ritae
762 2260 918 2321 informet.

351 2358 380 2413 1.
403 2346 443 2405 D.
486 2343 746 2407 ATHANASIUS
783 2344 881 2406 Serui.
920 2365 991 2431 sup.
1022 2344 1138 2430 Erang.
1170 2345 1209 2407 de
1238 2360 1336 2411 sanct.

262 2441 361 2490 nostr.
382 2430 508 2514 Deipar.
530 2429 592 2490 vid.
613 2441 686 2491 text.
1108 2464 1113 2474 ·
1203 2438 1207 2450 '

283 2576 286 2581 .
332 2514 385 2581 .E.
429 2512 669 2578 GREGORIUS
690 2512 764 2577 Nat.
777 2515 820 2592 ‚in
841 2509 894 2576 fin.
915 2514 1007 2598 Trag.
1030 2513 1105 2577 chr.
1126 2516 1267 2598 patienst

89 2669 211 2776 ‚fimf
225 2668 254 2711 Β·
293 2638 342 2734 ,Ὀ
361 2681 415 2736 ter
435 2673 533 2736 beata
555 2679 685 2750 mater,
708 2693 726 2735 o
749 2672 809 2733 lux
827 2671 998 2755 uirginum
1012 2676 1073 2733 etc.
1094 2682 1132 2733 ut
1151 2672 1183 2733 in
1196 2684 1290 2734 textu.

310 2778 475 2863 Measque
494 2781 590 2864 uirgo
610 2779 756 2862 suscipe,
779 2779 933 2854 obsecro,
955 2798 1086 2858 preces:
1305 2773 1310 2781 ’

310 2866 401 2949 Nam
423 2890 514 2950 solus
534 2895 585 2950 est
606 2882 711 2952 honor
733 2886 787 2949 laic
808 2886 868 2948 tibi
890 2908 911 2947 a
935 2885 1153 2967 mortalibus,

308 2991 402 3079 Quae
415 2987 516 3078 facta
535 2995 631 3058 verbi
653 3003 817 3056 meteres
840 2994 1024 3057 divinitus:

305 3100 455 3185 Confisus
475 3105 566 3165 unde
587 3102 689 3165 uerba
708 3102 860 3182 persolvo
892 3102 977 3178 tibi,

305 3209 511 3292 Plexamque
533 3212 574 3272 de
593 3217 691 3290 prato
721 3227 877 3270 coronam
889 3209 1017 3295 florido

308 3317 382 3378 Tibi
407 3311 510 3408 effero
531 3317 668 3400 regina,
705 3312 794 3393 quod
816 3338 869 3379 me
889 3314 1044 3399 plurimis

86 3414 250 3506 pppnptaapp:
302 3426 455 3508 Dignata
479 3427 647 3508 quondam
668 3423 805 3507 gratiis,
829 3424 932 3485 variis
955 3423 1081 3486 adhaec

84 3514 175 3555 ”⁰¹⁵⁰i‘
302 3533 364 3594 Me
387 3533 510 3594 liberas
530 3551 661 3612 semper
681 3530 947 3606 calamitatibus,

301 3635 489 3722 Multisque
511 3633 667 3721 defensas
689 3639 732 3698 ab
753 3637 974 3714 adversariis,

305 3748 386 3810 Tem
409 3746 466 3830 qui
486 3746 662 3823 uideatur,
685 3765 785 3828 qaam
805 3745 913 3806 videri
941 3742 1108 3828 quiliaud
1127 3746 1262 3823 queunt,

80 3867 246 3959 “ramma
299 3857 362 3917 Me
371 3856 475 3942 flecte
496 3856 630 3916 tandem
643 3893 653 3928 ,
678 3854 841 3935 quamodo
865 3852 899 3912 in
921 3853 991 3912 vita
1014 3849 1145 3912 auctior

308 3961 435 4025 Virtute
448 3959 553 4046 fiam,
585 3968 681 4041 teque
701 3978 831 4039 semper
850 3959 1039 4039 praesidem

306 4071 398 4132 Vitae
417 4087 525 4142 meae,
557 4086 597 4126 ac
618 4069 752 4127 demum
784 4066 961 4147 benignam
982 4087 1022 4139 ac
1043 4067 1196 4129 sedulam

295 4177 450 4238 Habeam
471 4174 670 4234 aduocatam
684 4171 761 4256 filio
782 4192 896 4234 coram
915 4180 991 4249 tuo,

294 4284 378 4348 Cum
400 4278 538 4359 caeteris
560 4277 648 4346 curia
669 4283 746 4361 Dee,
766 4270 982 4370 virgunculis.
1068 4319 1072 4325 -
