2768 4762
402 399 832 471 nncnnooo:
1058 393 1162 481 ,η’

64 591 161 659 modo
177 587 400 670 exfornicatae,
421 602 452 652 et
476 587 623 651 abeuntes
644 599 718 671 post
730 603 854 648 carnem
878 583 1021 667 alteram,
1050 569 1142 652 lacta

66 714 141 766 sunt
172 698 359 783 exemplum,
394 699 474 781 ignis
500 697 620 758 aeterni
654 707 785 778 poenam
808 689 1001 758 sustinentes.
1024 678 1146 757 'simia

68 810 140 871 liter
167 819 198 869 et
225 791 260 867 hl
289 826 411 866 carnem
433 803 559 887 quidem
582 802 751 878 maculant,
775 800 1019 867 dominationem
1037 816 1138 865 autem

64 925 233 1000 spernunt,
254 914 444 994 majestatem
465 923 564 971 autem
584 909 808 993 blasphemant.
850 909 891 970 Hi
914 915 1041 974 suntin
1061 930 1140 996 epu·-
1209 950 1212 955 -

64 1022 103 1084 lis
126 1024 210 1096 suis,
232 1018 391 1096 maculae,
414 1019 608 1079 convivantes
629 1019 695 1077 sine
716 1018 846 1094 timore,
867 1021 1046 1103 semetipsos
1065 1040 1139 1105 pasf

64 1143 165 1191 centes
188 1141 247 1191 etc.
291 1127 336 1188 Et
356 1128 388 1187 in
410 1123 493 1186 fine:
527 1124 604 1185 Aliis
627 1136 726 1184 autem
750 1124 934 1184 miseremini
962 1128 993 1185 in
1014 1127 1136 1204 timore,

64 1237 205 1298 odientes
229 1246 260 1295 et
281 1255 366 1313 eam,
402 1253 481 1315 quae
503 1229 633 1291 carnalis
662 1243 724 1308 est,
746 1233 930 1292 maculatam
948 1235 1093 1294 tunicam.
1131 1302 1136 1322 Ι

150 1391 185 1453 Β.
229 1388 390 1452 Coloss.
412 1389 489 1449 111.‘=
520 1388 610 1447 Nune
640 1398 741 1460 autem
765 1385 913 1470 deponite
941 1401 972 1450 et
995 1409 1050 1449 vos
1070 1410 1140 1450 om-

63 1502 133 1561 nias
154 1502 250 1576 iram,
274 1496 535 1580 indignationem,
556 1494 722 1571 malitiam,
753 1491 994 1576 blasphemiam,
1016 1508 1140 1580 turpem
1178 1483 1180 1486 ‚

24 1611 27 1619 '
64 1628 237 1668 sermonem
267 1604 304 1665 de
336 1624 392 1665 ore
428 1615 542 1664 vestro.
585 1601 627 1660 Et
650 1598 745 1684 paulo
766 1602 929 1684 superius:
951 1600 1140 1664 Mortificate

62 1712 202 1775 membra
234 1724 349 1783 vestra,
384 1731 463 1792 quae
495 1719 568 1770 suut
600 1729 693 1792 super
725 1721 856 1787 terram,
891 1710 1139 1787 fornicationem,

65 1818 310 1898 immunditiam,
344 1817 524 1895 libidinem,
560 1817 843 1898 concupiscentiam
862 1815 988 1899 malam,
1017 1794 1048 1876 et
1069 1837 1139 1877 ava·
1182 1813 1188 1829 ⁸

64 1925 186 2000 sitiam,
209 1945 288 2007 quae
306 1939 352 1988 est
370 1924 607 1986 simulacrorum
627 1923 776 2002 servitus,
797 1897 931 2008 propter
959 1945 1037 2006 quae
1055 1925 1139 1988 venit

64 2032 113 2090 ira
135 2030 210 2091 DEI
235 2052 329 2116 super
351 2029 434 2093 filios
463 2016 697 2091 incredulitatis.

145 2186 292 2269 Ephes.
313 2184 371 2248 Va
409 2189 593 2252 Fornicatio
626 2202 727 2249 autem
759 2198 790 2248 et
811 2188 909 2249 omnis
932 2187 1135 2268 immunditia,

63 2305 117 2353 aut
137 2295 282 2368 avaritia,
305 2315 362 2354 nec
385 2300 562 2357 nominetur
585 2299 617 2354 in
635 2294 742 2371 robis,
778 2297 860 2356 sicut
881 2294 969 2357 decet
992 2310 1135 2360 sanctost
1220 2326 1223 2331 ·

62 2411 119 2458 aut
140 2397 329 2478 turpitudo,
364 2413 416 2459 aut
436 2400 682 2480 stultiloquium,
707 2411 760 2460 aut
781 2400 969 2478 scurrilitas,
994 2423 1073 2483 quas
1098 2402 1138 2463 ad

64 2526 130 2565 rem
150 2524 214 2563 non
236 2505 385 2586 pertinet:
408 2505 461 2565 sed
482 2508 576 2588 magis
597 2507 767 2587 gratiarum
793 2511 887 2566 actio.
1041 2509 1045 2515 ’

149 2664 189 2724 ll.
210 2662 322 2724 Petr.
353 2659 414 2721 IL:
454 2660 497 2722 Et
531 2660 668 2720 civitates
701 2660 911 2722 Sodomorum
941 2667 1139 2727 ctGomor-

62 2771 230 2833 rhaeorum
251 2772 284 2830 in
306 2770 441 2832 cinerem
468 2767 630 2852 redigens,
653 2771 823 2829 ¹eversione
844 2768 1015 2848 damnavit,
1039 2793 1139 2834 exem·

62 2879 150 2962 plum
174 2898 297 2952 eorum,
333 2881 389 2959 qui
422 2878 514 2957 impie
543 2877 768 2954 acturi'snnt,
805 2897 946 2960 ponens:
967 2892 997 2939 et
1017 2881 1136 2960 justum

61 2987 126 3046 Lot
149 3004 332 3069 oppressum
358 3004 376 3043 a
397 2966 604 3045 nefandorum
627 2984 801 3065 injurians
824 2983 983 3046 luxuriosa
1004 3004 1136 3048 conver-

60 3096 181 3156 satione
203 3094 333 3175 eripuit:
356 3104 482 3174 aspectu
513 3094 593 3151 enim
626 3104 657 3151 et
677 3091 787 3151 auditu
807 3092 911 3172 justus
933 3105 1018 3170 erat‘,
1042 3092 1136 3154 habi-

57 3214 130 3262 tans
150 3197 234 3282 apud
258 3220 330 3274 eos,
367 3200 426 3280 qui,
444 3198 483 3258 de
505 3198 555 3259 dic
576 3200 609 3259 in
631 3198 710 3259 diem
733 3200 862 3258 animam
882 3194 996 3279 justam
1017 3202 1133 3282 iniquis

58 3305 213 3392 operibus
246 3303 436 3366 cruciabant.
486 3303 582 3394 Novit
612 3306 765 3367 Dominus
799 3309 868 3390 pios
895 3305 933 3366 de
964 3309 1133 3368 tentatione

58 3417 201 3498 eripere,
237 3414 361 3495 iniquos
384 3433 459 3472 vero
478 3413 510 3471 in
528 3411 609 3471 diem
619 3412 736 3493 judicii
756 3434 911 3485 reservare
932 3414 1131 3478 cruciandosa

57 3521 155 3604 magis
187 3530 288 3580 autem
317 3541 393 3598 eos,
431 3522 723 3605 quipostoarne'm
746 3521 1049 3604 inconcupiscentia
1075 3522 1134 3581 im-

57 3628 228 3691 munditiae
246 3626 425 3704 ambulant,
460 3625 763 3708 dominationemque
793 3640 1012 3704 contemnunt,
1035 3628 1132 3705 auda-

60 3758 131 3812 ces,
156 3730 223 3794 lsibi
255 3735 428 3818 placentes:
461 3746 557 3794 sectas
579 3755 641 3795 non
668 3748 809 3795 metuunt
827 3735 1026 3796 introducere
1047 3734 1132 3797 blas·
1215 3748 1219 3756 '

60 3842 247 3926 phemantcs.
303 3844 343 3903 Hi
364 3861 438 3904 vero
464 3840 550 3900 velut
572 3842 798 3903 irrationabilia
818 3863 951 3925 pecora,
980 3842 1131 3903 naturali·

59 3962 109 4009 ter
128 3951 160 4010 in
181 3955 355 4036 captionem
380 3963 411 4012 et
441 3952 472 4010 in
492 3927 678 4031 pernicicm,
714 3952 745 4009 in
770 3948 841 4035 lais,
875 3971 954 4032 quae
974 3953 1128 4034 ignorant,

56 4055 324 4140 blasphemantes,
353 4061 385 4119 in
410 4059 614 4140 corruptione
640 4078 695 4117 sua
724 4054 892 4138 peribunt,
922 4058 1128 4144 percipientes

52 4165 229 4228 mercedem
245 4165 433 4249 injustitiae,
455 4162 646 4249 voluptatem
672 4165 873 4237 existimantes
900 4165 979 4244 diei,
1002 4167 1127 4229 delicias

51 4273 317 4357 coinquinationis
342 4285 375 4337 et
396 4273 551 4341 maculaet
581 4273 700 4335 deliciis
723 4270 907 4361 afflpentes,
922 4277 955 4337 in
976 4275 1125 4338 conviviis
1162 4320 1165 4326 Δ
