2768 4762
167 326 171 335 ’
249 359 326 430 aaa
534 349 604 415 ua
634 347 894 415 caessara
924 312 1018 413 a‘r'

254 538 393 601 omnium
419 555 501 599 reus.
515 616 528 643 ο
554 538 621 616 Qui
640 538 722 599 enim
750 535 847 601 dixit:
879 532 953 598 Non
982 528 1209 595 moechaberiss
1247 532 1328 597 dixit

254 657 333 707 etc:
353 643 426 706 Non
448 642 582 708 occidas.
621 635 719 724 Quod
737 646 765 706 ai
783 664 851 707 non
870 639 1106 718 moechaberis,
1129 638 1252 702 occides
1265 662 1347 745 aaa-.-

254 764 334 814 tem:
370 751 470 814 faetns
499 774 532 815 ea
556 764 767 838 transgressor
791 748 877 837 legis.
926 747 981 811 Sic
1012 748 1198 831 loquimini,
1228 750 1329 810 etsie

160 938 164 947 Ι
255 859 366 937 facite,
396 861 477 920 sicut
494 881 552 943 per
573 858 670 945 legem
695 858 847 921 libertatis
871 858 1052 942 incipientes
1075 857 1210 938 judicari

109 3410 247 3464 Praecepta*

86 3463 225 3516 evangeliea.

339 964 389 1027 Et
407 965 453 1026 1.=
477 968 540 1045 Qui
561 968 752 1051 perspexerit
770 967 803 1027 in
824 965 891 1050 lege
911 964 1067 1049 perfectae
1089 963 1264 1039 libertatis,
1298 973 1331 1025 et

255 1073 460 1160 permanserit
476 1074 510 1135 in
534 1094 588 1153 ea,
621 1094 685 1135 non
704 1072 832 1137 auditor
852 1071 1024 1135 obliviosus
1042 1071 1162 1149 sactus,
1183 1069 1239 1133 sed
1260 1070 1331 1132 fae-

256 1193 311 1253 tor
329 1181 451 1265 operias
481 1176 534 1241 laic
560 1178 670 1243 beatus
693 1189 725 1242 ln
747 1180 831 1242 facto
852 1198 911 1242 sao
934 1183 1004 1244 erit.

339 1288 390 1349 Et
410 1284 486 1348 1v.=
506 1287 570 1366 Qui
592 1286 728 1351 detrahit
755 1287 870 1367 fratri,
900 1299 956 1348 aut
975 1288 1029 1370 qui
1050 1285 1172 1367 judicat
1198 1284 1330 1346 fratrem

256 1415 365 1459 suum:
393 1390 530 1455 detrahit
557 1391 636 1479 legi,
669 1409 700 1458 et
731 1395 852 1478 judicat
871 1382 994 1480 legem'
1021 1392 1054 1454 si
1081 1404 1183 1454 autem
1204 1391 1331 1472 judicas

257 1500 376 1587 legem,
397 1522 463 1562 non
490 1519 521 1562 es
540 1499 642 1562 faetor
665 1500 759 1587 legia,
780 1503 836 1565 sed
858 1503 962 1585 judex.
1005 1502 1091 1562 Unus
1113 1512 1160 1561 est
1179 1501 1260 1561 enim
1282 1486 1335 1560 le?

259 1610 388 1696 gislator
401 1621 432 1671 ot
451 1605 548 1692 judex
559 1619 577 1687 ,‘
591 1605 648 1690 qai
665 1621 788 1695 potest
819 1609 953 1695 perdere
973 1621 1006 1671 et
1023 1607 1167 1673 liberare·

342 1717 368 1778 1.
389 1717 480 1778 Tim.
501 1715 545 1776 1.=
575 1716 664 1779 Finis
691 1729 793 1779 autem
815 1718 973 1803 praecepti
996 1728 1043 1778 est
1063 1717 1174 1777 caritas
1195 1713 1233 1776 de
1251 1732 1329 1773 cor-

260 1824 300 1888 de
318 1845 402 1909 puro
434 1834 466 1887 et
482 1825 671 1887 conscientia
694 1823 780 1887 bona
804 1838 837 1887 et
855 1822 918 1887 fide
949 1844 1013 1887 non
1035 1821 1117 1885 ficta.
1161 1824 1190 1883 A
1213 1819 1329 1904 quibus

260 1931 387 2016 quidam
405 1929 604 2012 aberrantes,
625 1935 766 1995 conversi
788 1934 915 1995 suntin
940 1930 1168 2014 vaniloquium,
1190 1928 1327 1990 volentes

258 2059 332 2133 esse
346 2037 422 2123 legis
452 2035 620 2118 doctores,
663 2039 869 2124 intelligentes
900 2059 1000 2127 nequa
1031 2057 1108 2121 quae
1145 2034 1333 2117 loquuntur,

257 2167 359 2229 neque
373 2145 423 2208 'ele
446 2139 559 2229 quibus
591 2145 757 2213 allii-mant.
811 2146 931 2210 Scimus
953 2158 1068 2222 amena,
1090 2144 1164 2226 quia
1180 2139 1266 2202 bona
1283 2150 1335 2202 est

259 2252 374 2333 lea,si
409 2257 480 2338 quis
499 2276 534 2318 ea
551 2256 685 2341 legitime
706 2267 824 2317 utatur.
889 2316 891 2323 ,
942 2224 950 2249 ’

342 2361 475 2425 Levit.
497 2362 633 2425 XXVL:
654 2362 727 2426 Non
748 2363 867 2426 facietis
891 2361 983 2426 vobis
1004 2357 1122 2424 idolum
1144 2367 1176 2418 et
1197 2351 1332 2436 sculpti·

258 2467 307 2543 le,
340 2486 398 2530 neo
418 2469 528 2532 titulos
552 2473 694 2556 erigetis,
730 2492 788 2535 nec
814 2471 964 2557 insignem
988 2466 1122 2554 lapidem
1150 2463 1275 2550 ponetis
1296 2462 1329 2521 in

258 2590 344 2640 terra
362 2589 484 2658 vestra,
513 2590 550 2639 ut
570 2578 707 2642 adoretis
728 2601 809 2643 eum.

343 2685 462 2746 Dent.
483 2684 538 2746 Vm
559 2685 632 2749 Non
658 2687 799 2772 loqueris
821 2700 932 2752 contra
956 2683 1132 2770 proximum
1160 2689 1251 2739 tuum
1268 2671 1328 2735 fal·

259 2812 328 2853 sum
354 2795 572 2859 testimouium
621 2795 693 2858 Non
726 2799 927 2883 concupisces
955 2810 1084 2855 uxorem
1120 2784 1255 2872 proximi
1269 2781 1327 2859 tui,

259 2918 325 2959 non
350 2899 494 2980 domum,
527 2923 591 2964 non
612 2923 732 2988 agrum,
754 2925 819 2965 non
835 2912 972 2981 'serrum,
988 2920 1053 2961 non
1080 2894 1235 2970 ancillam,
1263 2909 1329 2952 non

261 3003 395 3087 bovem,
414 3028 479 3071 non
494 3011 628 3091 asinum,
654 3025 686 3075 et
704 3013 866 3092 universa,
888 3031 968 3095 qnae
982 3006 1068 3070 illius
1085 3014 1169 3067 aaut

635 3206 965 3285 PATRES.

343 3377 572 3445 consumas
591 3380 679 3443 rsa.
701 3383 781 3450 saa.
803 3380 858 3446 v1.
880 3400 946 3443 aaa.
971 3389 1036 3447 m:
1059 3374 1092 3435 st
1115 3371 1184 3456 quis
1206 3366 1330 3442 dixerit,

259 3458 338 3521 nibil
367 3479 568 3550 praeceptum
593 3488 657 3528 esse
687 3469 720 3528 in
742 3468 911 3552 Evangelio
935 3474 1059 3548 praeter
1080 3457 1188 3530 fidem,
1210 3463 1334 3513 caetera

260 3566 323 3606 esse
350 3548 574 3628 indifferentia,
606 3573 707 3635 neque
731 3565 919 3636 praecepta,
953 3567 1054 3628 neque
1073 3539 1253 3626 prohibita,
1278 3532 1334 3595 ⁸⁰d

258 3625 374 3692 liberae
409 3648 464 3695 aut
490 3636 594 3698 decem
619 3649 786 3722 praecepta
822 3636 903 3697 nihil
936 3633 1093 3720 pertinere
1116 3624 1155 3687 ad
1179 3621 1333 3684 Christia-

258 3731 335 3793 nos,
363 3717 521 3780 anathema
541 3723 591 3780 sit.

108 3822 136 3850 sn
228 3822 240 3848 ο
318 3799 399 3860 ἘΤ,
417 3822 485 3868 ean.
509 3817 577 3872 20.:
602 3803 635 3864 81
657 3806 728 3887 quis
748 3800 904 3864 hominem
924 3799 1146 3883 justificatum,
1176 3803 1207 3852 et
1231 3809 1336 3870 quan·

85 3865 107 3897 at
129 3859 248 3899 Eeeloaiaa

84 3908 223 3949 christianis

82 3957 234 4000 observanda.

257 3882 400 3946 tumlibet
432 3889 624 3970 perfectum,
667 3890 779 3949 dixerit
811 3908 875 3949 uon
907 3888 1004 3948 teneri
1033 3885 1072 3944 ad
1106 3877 1336 3942 observantiam

256 3969 472 4031 mandatorum
495 3974 553 4032 Dei
580 3986 611 4033 et
635 3972 811 4048 Ecclesiae,
843 3970 897 4032 sed
920 3984 1037 4032 tautum
1058 3967 1098 4028 ad
1119 3960 1334 4025 eredendum:

256 4053 343 4136 quasi
365 4074 440 4114 vero
462 4054 662 4139 Evangelium
682 4059 722 4119 sit
750 4056 833 4117 nuda
854 4069 885 4117 et
907 4055 1049 4117 absoluta
1063 4048 1229 4135 promissio
1250 4044 1334 4101 vitae

254 4150 395 4283 {pomam
425 4140 491 4200 siue
519 4141 700 4204 conditione
739 4140 966 4204 observationis
994 4137 1228 4206 mandatorum,
1256 4145 1335 4187 m·

312 4242 361 4283 sua
388 4225 439 4287 ait.
