<?xml version="1.0" encoding="UTF-8"?>
<!DOCTYPE html PUBLIC "-//W3C//DTD XHTML 1.0 Transitional//EN"
    "http://www.w3.org/TR/xhtml1/DTD/xhtml1-transitional.dtd">
<html xmlns="http://www.w3.org/1999/xhtml" xml:lang="en" lang="en">
 <head>
  <title>
</title>
<meta http-equiv="Content-Type" content="text/html;charset=utf-8" />
  <meta name='ocr-system' content='tesseract 3.04.00' />
  <meta name='ocr-capabilities' content='ocr_page ocr_carea ocr_par ocr_line ocrx_word'/>
</head>
<body>
  <div class='ocr_page' id='page_1' title='image "./summadoctrinaec00kanigoog_0081.png"; bbox 0 0 2768 4762; ppageno 0'>
   <div class='ocr_carea' id='block_1_1' title="bbox 219 373 958 450">
    <p class='ocr_par' dir='ltr' id='par_1_1' title="bbox 219 373 958 450">
     <span class='ocr_line' id='line_1_1' title="bbox 219 373 958 450; baseline -0.022 0"><span class='ocrx_word' id='word_1_1' title='bbox 219 376 273 450; x_wconf 60' lang='grc' dir='ltr'><strong>θα</strong></span> <span class='ocrx_word' id='word_1_2' title='bbox 605 378 675 440; x_wconf 84' lang='lat' dir='ltr'><strong>nn</strong></span> <span class='ocrx_word' id='word_1_3' title='bbox 720 373 853 439; x_wconf 72' lang='lat' dir='ltr'><strong>rins</strong></span> <span class='ocrx_word' id='word_1_4' title='bbox 893 374 958 436; x_wconf 81' lang='lat' dir='ltr'><strong>nr</strong></span> 
     </span>
    </p>
   </div>
   <div class='ocr_carea' id='block_1_2' title="bbox 219 556 1294 657">
    <p class='ocr_par' dir='ltr' id='par_1_2' title="bbox 219 556 1294 657">
     <span class='ocr_line' id='line_1_2' title="bbox 219 556 1294 657; baseline -0.001 -30"><span class='ocrx_word' id='word_1_5' title='bbox 219 561 330 626; x_wconf 81' lang='lat' dir='ltr'><strong>tissimi</strong></span> <span class='ocrx_word' id='word_1_6' title='bbox 351 556 551 657; x_wconf 52' lang='lat' dir='ltr'><strong>vocabitur(⁸</strong></span> <span class='ocrx_word' id='word_1_7' title='bbox 568 560 611 623; x_wconf 83' lang='lat' dir='ltr'><strong>Et</strong></span> <span class='ocrx_word' id='word_1_8' title='bbox 633 560 729 647; x_wconf 86' lang='lat' dir='ltr'><strong>paulo</strong></span> <span class='ocrx_word' id='word_1_9' title='bbox 747 571 844 645; x_wconf 71' lang='lat' dir='ltr'><strong>poste</strong></span> <span class='ocrx_word' id='word_1_10' title='bbox 868 563 1008 647; x_wconf 81' lang='lat' dir='ltr'>Ideoque</span> <span class='ocrx_word' id='word_1_11' title='bbox 1022 573 1054 623; x_wconf 87' lang='lat' dir='ltr'><strong>et</strong></span> <span class='ocrx_word' id='word_1_12' title='bbox 1074 561 1163 644; x_wconf 90' lang='lat' dir='ltr'><strong>quod</strong></span> <span class='ocrx_word' id='word_1_13' title='bbox 1184 582 1294 626; x_wconf 85' lang='lat' dir='ltr'><strong>nosce·</strong></span> 
     </span>
    </p>
   </div>
   <div class='ocr_carea' id='block_1_3' title="bbox 123 667 1042 747">
    <p class='ocr_par' dir='ltr' id='par_1_3' title="bbox 123 667 1042 747">
     <span class='ocr_line' id='line_1_3' title="bbox 123 667 1042 747; baseline -0.007 -11"><span class='ocrx_word' id='word_1_14' title='bbox 123 678 126 685; x_wconf 87' lang='lat'>&#39;</span> <span class='ocrx_word' id='word_1_15' title='bbox 217 685 272 736; x_wconf 83' lang='lat' dir='ltr'><strong>tur</strong></span> <span class='ocrx_word' id='word_1_16' title='bbox 291 693 328 735; x_wconf 78' lang='lat' dir='ltr'><strong>ex</strong></span> <span class='ocrx_word' id='word_1_17' title='bbox 345 682 378 732; x_wconf 90' lang='lat' dir='ltr'><strong>te</strong></span> <span class='ocrx_word' id='word_1_18' title='bbox 396 668 562 743; x_wconf 75' lang='lat' dir='ltr'><strong>Sanctum,</strong></span> <span class='ocrx_word' id='word_1_19' title='bbox 583 670 750 733; x_wconf 83' lang='lat' dir='ltr'><strong>vocabitur</strong></span> <span class='ocrx_word' id='word_1_20' title='bbox 772 667 858 731; x_wconf 82' lang='lat' dir='ltr'><strong>filius</strong></span> <span class='ocrx_word' id='word_1_21' title='bbox 883 672 953 737; x_wconf 88' lang='lat' dir='ltr'><strong>Dei.</strong></span> <span class='ocrx_word' id='word_1_22' title='bbox 1031 727 1042 747; x_wconf 45' lang='grc' dir='ltr'><em>Ι</em></span> 
     </span>
    </p>
   </div>
   <div class='ocr_carea' id='block_1_4' title="bbox 127 774 1291 4294">
    <p class='ocr_par' dir='ltr' id='par_1_4' title="bbox 127 774 1290 1189">
     <span class='ocr_line' id='line_1_4' title="bbox 302 774 1290 861; baseline -0.006 -20"><span class='ocrx_word' id='word_1_23' title='bbox 302 776 409 841; x_wconf 86' lang='lat' dir='ltr'><strong>lbid.</strong></span> <span class='ocrx_word' id='word_1_24' title='bbox 432 776 493 839; x_wconf 79' lang='lat' dir='ltr'><strong>IL:</strong></span> <span class='ocrx_word' id='word_1_25' title='bbox 527 776 609 839; x_wconf 85' lang='lat' dir='ltr'><strong>Ecce</strong></span> <span class='ocrx_word' id='word_1_26' title='bbox 629 780 709 839; x_wconf 90' lang='lat' dir='ltr'><strong>enim</strong></span> <span class='ocrx_word' id='word_1_27' title='bbox 730 778 904 861; x_wconf 75' lang='lat' dir='ltr'><strong>evangelizo</strong></span> <span class='ocrx_word' id='word_1_28' title='bbox 931 774 1021 839; x_wconf 82' lang='lat' dir='ltr'><strong>vobis</strong></span> <span class='ocrx_word' id='word_1_29' title='bbox 1042 774 1187 860; x_wconf 73' lang='lat' dir='ltr'><strong>goudium</strong></span> <span class='ocrx_word' id='word_1_30' title='bbox 1203 796 1290 860; x_wconf 78' lang='lat' dir='ltr'><strong>mag-</strong></span> 
     </span>
     <span class='ocr_line' id='line_1_5' title="bbox 217 880 1286 971; baseline -0.003 -26"><span class='ocrx_word' id='word_1_31' title='bbox 217 909 309 967; x_wconf 82' lang='lat' dir='ltr'><strong>nnm,</strong></span> <span class='ocrx_word' id='word_1_32' title='bbox 333 883 420 970; x_wconf 89' lang='lat' dir='ltr'><strong>quod</strong></span> <span class='ocrx_word' id='word_1_33' title='bbox 450 885 510 945; x_wconf 89' lang='lat' dir='ltr'><strong>erit</strong></span> <span class='ocrx_word' id='word_1_34' title='bbox 530 886 614 945; x_wconf 88' lang='lat' dir='ltr'><strong>omni</strong></span> <span class='ocrx_word' id='word_1_35' title='bbox 638 885 779 971; x_wconf 78' lang='lat' dir='ltr'><strong>populos</strong></span> <span class='ocrx_word' id='word_1_36' title='bbox 814 886 885 967; x_wconf 83' lang='lat' dir='ltr'><strong>quio</strong></span> <span class='ocrx_word' id='word_1_37' title='bbox 906 897 997 945; x_wconf 83' lang='lat' dir='ltr'><strong>natus</strong></span> <span class='ocrx_word' id='word_1_38' title='bbox 1017 896 1064 944; x_wconf 86' lang='lat' dir='ltr'><strong>est</strong></span> <span class='ocrx_word' id='word_1_39' title='bbox 1078 880 1168 943; x_wconf 87' lang='lat' dir='ltr'><strong>vobis</strong></span> <span class='ocrx_word' id='word_1_40' title='bbox 1189 881 1286 951; x_wconf 79' lang='lat' dir='ltr'><strong>hodie</strong></span> 
     </span>
     <span class='ocr_line' id='line_1_6' title="bbox 219 988 1288 1075; baseline -0.006 -17"><span class='ocrx_word' id='word_1_41' title='bbox 219 995 381 1070; x_wconf 69' lang='lat' dir='ltr'><strong>Solimon,</strong></span> <span class='ocrx_word' id='word_1_42' title='bbox 404 993 459 1075; x_wconf 84' lang='lat' dir='ltr'><strong>qui</strong></span> <span class='ocrx_word' id='word_1_43' title='bbox 479 1004 525 1055; x_wconf 90' lang='lat' dir='ltr'><strong>est</strong></span> <span class='ocrx_word' id='word_1_44' title='bbox 542 990 684 1054; x_wconf 82' lang='lat' dir='ltr'><strong>Christus</strong></span> <span class='ocrx_word' id='word_1_45' title='bbox 702 992 872 1071; x_wconf 81' lang='lat' dir='ltr'><strong>Dominus,</strong></span> <span class='ocrx_word' id='word_1_46' title='bbox 895 995 927 1056; x_wconf 88' lang='lat' dir='ltr'><strong>in</strong></span> <span class='ocrx_word' id='word_1_47' title='bbox 949 992 1071 1051; x_wconf 83' lang='lat' dir='ltr'><strong>civitate</strong></span> <span class='ocrx_word' id='word_1_48' title='bbox 1090 989 1201 1050; x_wconf 81' lang='lat' dir='ltr'><strong>David.</strong></span> <span class='ocrx_word' id='word_1_49' title='bbox 1245 988 1288 1053; x_wconf 90' lang='lat' dir='ltr'><strong>Et</strong></span> 
     </span>
     <span class='ocr_line' id='line_1_7' title="bbox 127 1097 1287 1189; baseline -0.006 -24"><span class='ocrx_word' id='word_1_50' title='bbox 127 1126 135 1141; x_wconf 92' lang='lat'><strong>·</strong></span> <span class='ocrx_word' id='word_1_51' title='bbox 219 1103 315 1189; x_wconf 79' lang='lat' dir='ltr'><strong>paulo</strong></span> <span class='ocrx_word' id='word_1_52' title='bbox 337 1113 429 1185; x_wconf 86' lang='lat' dir='ltr'><strong>post:</strong></span> <span class='ocrx_word' id='word_1_53' title='bbox 463 1097 619 1159; x_wconf 83' lang='lat' dir='ltr'><strong>Vocatum</strong></span> <span class='ocrx_word' id='word_1_54' title='bbox 653 1112 699 1160; x_wconf 89' lang='lat' dir='ltr'><strong>est</strong></span> <span class='ocrx_word' id='word_1_55' title='bbox 720 1121 831 1161; x_wconf 88' lang='lat' dir='ltr'><strong>nomen</strong></span> <span class='ocrx_word' id='word_1_56' title='bbox 860 1100 928 1183; x_wconf 85' lang='lat' dir='ltr'><strong>ejus</strong></span> <span class='ocrx_word' id='word_1_57' title='bbox 946 1098 1052 1174; x_wconf 82' lang='lat' dir='ltr'><strong>lesus,</strong></span> <span class='ocrx_word' id='word_1_58' title='bbox 1084 1097 1173 1182; x_wconf 89' lang='lat' dir='ltr'><strong>quod</strong></span> <span class='ocrx_word' id='word_1_59' title='bbox 1193 1118 1287 1159; x_wconf 84' lang='lat' dir='ltr'><strong>voca-</strong></span> 
     </span>
    </p>

    <p class='ocr_par' dir='ltr' id='par_1_5' title="bbox 178 1206 1159 1291">
     <span class='ocr_line' id='line_1_8' title="bbox 178 1206 1159 1291; baseline -0.009 -19"><span class='ocrx_word' id='word_1_60' title='bbox 178 1252 181 1257; x_wconf 87' lang='lat'>·</span> <span class='ocrx_word' id='word_1_61' title='bbox 217 1221 286 1273; x_wconf 87' lang='lat' dir='ltr'><strong>tum</strong></span> <span class='ocrx_word' id='word_1_62' title='bbox 305 1222 351 1270; x_wconf 87' lang='lat' dir='ltr'><strong>est</strong></span> <span class='ocrx_word' id='word_1_63' title='bbox 365 1207 404 1269; x_wconf 87' lang='lat' dir='ltr'><strong>nb</strong></span> <span class='ocrx_word' id='word_1_64' title='bbox 429 1206 548 1290; x_wconf 81' lang='lat' dir='ltr'><strong>angelo,</strong></span> <span class='ocrx_word' id='word_1_65' title='bbox 567 1209 749 1291; x_wconf 79' lang='lat' dir='ltr'><strong>priusquam</strong></span> <span class='ocrx_word' id='word_1_66' title='bbox 770 1208 802 1268; x_wconf 92' lang='lat' dir='ltr'><strong>in</strong></span> <span class='ocrx_word' id='word_1_67' title='bbox 821 1221 913 1268; x_wconf 90' lang='lat' dir='ltr'><strong>utero</strong></span> <span class='ocrx_word' id='word_1_68' title='bbox 933 1208 1159 1289; x_wconf 79' lang='lat' dir='ltr'><strong>conciperetur.</strong></span> 
     </span>
    </p>

    <p class='ocr_par' dir='ltr' id='par_1_6' title="bbox 215 1296 1286 1618">
     <span class='ocr_line' id='line_1_9' title="bbox 299 1296 1286 1391; baseline -0.005 -13"><span class='ocrx_word' id='word_1_69' title='bbox 299 1313 445 1378; x_wconf 76' lang='lat' dir='ltr'><strong>Mettis.</strong></span> <span class='ocrx_word' id='word_1_70' title='bbox 479 1314 525 1374; x_wconf 82' lang='lat'><strong>1.=</strong></span> <span class='ocrx_word' id='word_1_71' title='bbox 558 1296 663 1375; x_wconf 74' lang='lat' dir='ltr'><strong>Piriet</strong></span> <span class='ocrx_word' id='word_1_72' title='bbox 697 1326 799 1376; x_wconf 82' lang='lat' dir='ltr'><strong>autem</strong></span> <span class='ocrx_word' id='word_1_73' title='bbox 833 1312 950 1391; x_wconf 85' lang='lat' dir='ltr'><strong>filium,</strong></span> <span class='ocrx_word' id='word_1_74' title='bbox 978 1324 1009 1373; x_wconf 90' lang='lat' dir='ltr'><strong>et</strong></span> <span class='ocrx_word' id='word_1_75' title='bbox 1028 1311 1153 1373; x_wconf 77' lang='lat' dir='ltr'><strong>vocabit</strong></span> <span class='ocrx_word' id='word_1_76' title='bbox 1172 1332 1286 1373; x_wconf 88' lang='lat' dir='ltr'><strong>nornen</strong></span> 
     </span>
     <span class='ocr_line' id='line_1_10' title="bbox 215 1417 1286 1509; baseline -0.005 -22"><span class='ocrx_word' id='word_1_77' title='bbox 215 1427 285 1509; x_wconf 86' lang='lat' dir='ltr'><strong>ejus</strong></span> <span class='ocrx_word' id='word_1_78' title='bbox 315 1424 428 1487; x_wconf 73' lang='lat' dir='ltr'><strong>lesum.</strong></span> <span class='ocrx_word' id='word_1_79' title='bbox 475 1422 547 1507; x_wconf 85' lang='lat' dir='ltr'><strong>lpse</strong></span> <span class='ocrx_word' id='word_1_80' title='bbox 578 1424 660 1485; x_wconf 87' lang='lat' dir='ltr'><strong>enim</strong></span> <span class='ocrx_word' id='word_1_81' title='bbox 697 1420 815 1485; x_wconf 74' lang='lat' dir='ltr'><strong>salvum</strong></span> <span class='ocrx_word' id='word_1_82' title='bbox 845 1422 938 1483; x_wconf 77' lang='lat' dir='ltr'><strong>faciet</strong></span> <span class='ocrx_word' id='word_1_83' title='bbox 969 1417 1124 1504; x_wconf 86' lang='lat' dir='ltr'><strong>populum</strong></span> <span class='ocrx_word' id='word_1_84' title='bbox 1149 1438 1238 1481; x_wconf 88' lang='lat' dir='ltr'><strong>suum</strong></span> <span class='ocrx_word' id='word_1_85' title='bbox 1266 1441 1286 1482; x_wconf 77' lang='lat' dir='ltr'><strong>a</strong></span> 
     </span>
     <span class='ocr_line' id='line_1_11' title="bbox 216 1534 493 1618; baseline -0.022 -22"><span class='ocrx_word' id='word_1_86' title='bbox 216 1534 353 1618; x_wconf 80' lang='lat' dir='ltr'><strong>peccatis</strong></span> <span class='ocrx_word' id='word_1_87' title='bbox 376 1551 493 1592; x_wconf 87' lang='lat' dir='ltr'><strong>eorum.</strong></span> 
     </span>
    </p>

    <p class='ocr_par' dir='ltr' id='par_1_7' title="bbox 213 1631 1284 1829">
     <span class='ocr_line' id='line_1_12' title="bbox 298 1631 1284 1709; baseline -0.006 -7"><span class='ocrx_word' id='word_1_88' title='bbox 298 1636 495 1702; x_wconf 66' lang='lat' dir='ltr'><strong>Essem:</strong></span> <span class='ocrx_word' id='word_1_89' title='bbox 515 1636 667 1701; x_wconf 81' lang='lat' dir='ltr'><strong>Porrulus</strong></span> <span class='ocrx_word' id='word_1_90' title='bbox 693 1639 773 1701; x_wconf 86' lang='lat' dir='ltr'><strong>enim</strong></span> <span class='ocrx_word' id='word_1_91' title='bbox 785 1650 876 1700; x_wconf 87' lang='lat' dir='ltr'><strong>notus</strong></span> <span class='ocrx_word' id='word_1_92' title='bbox 896 1648 942 1697; x_wconf 89' lang='lat' dir='ltr'><strong>est</strong></span> <span class='ocrx_word' id='word_1_93' title='bbox 962 1632 1065 1709; x_wconf 89' lang='lat' dir='ltr'><strong>nobis,</strong></span> <span class='ocrx_word' id='word_1_94' title='bbox 1090 1645 1120 1694; x_wconf 90' lang='lat' dir='ltr'><strong>et</strong></span> <span class='ocrx_word' id='word_1_95' title='bbox 1130 1631 1212 1695; x_wconf 84' lang='lat' dir='ltr'><strong>filins</strong></span> <span class='ocrx_word' id='word_1_96' title='bbox 1227 1632 1284 1696; x_wconf 84' lang='lat' dir='ltr'><strong>du·</strong></span> 
     </span>
     <span class='ocr_line' id='line_1_13' title="bbox 213 1739 1282 1829; baseline -0.007 -19"><span class='ocrx_word' id='word_1_97' title='bbox 213 1760 266 1810; x_wconf 87' lang='lat' dir='ltr'><strong>tus</strong></span> <span class='ocrx_word' id='word_1_98' title='bbox 288 1759 333 1808; x_wconf 88' lang='lat' dir='ltr'><strong>est</strong></span> <span class='ocrx_word' id='word_1_99' title='bbox 347 1743 460 1825; x_wconf 87' lang='lat' dir='ltr'><strong>nohis,</strong></span> <span class='ocrx_word' id='word_1_100' title='bbox 484 1756 515 1805; x_wconf 88' lang='lat' dir='ltr'><strong>et</strong></span> <span class='ocrx_word' id='word_1_101' title='bbox 535 1745 634 1805; x_wconf 85' lang='lat' dir='ltr'><strong>factus</strong></span> <span class='ocrx_word' id='word_1_102' title='bbox 647 1757 692 1805; x_wconf 90' lang='lat' dir='ltr'><strong>est</strong></span> <span class='ocrx_word' id='word_1_103' title='bbox 708 1747 902 1829; x_wconf 81' lang='lat' dir='ltr'><strong>principatus</strong></span> <span class='ocrx_word' id='word_1_104' title='bbox 921 1763 1014 1827; x_wconf 83' lang='lat' dir='ltr'><strong>super</strong></span> <span class='ocrx_word' id='word_1_105' title='bbox 1025 1739 1185 1800; x_wconf 84' lang='lat' dir='ltr'><strong>humerum</strong></span> <span class='ocrx_word' id='word_1_106' title='bbox 1195 1742 1282 1821; x_wconf 85' lang='lat' dir='ltr'><strong>ejus:</strong></span> 
     </span>
    </p>

    <p class='ocr_par' dir='ltr' id='par_1_8' title="bbox 165 1830 1281 2043">
     <span class='ocr_line' id='line_1_14' title="bbox 215 1830 1281 1930; baseline -0.01 -11"><span class='ocrx_word' id='word_1_107' title='bbox 215 1871 247 1920; x_wconf 91' lang='lat' dir='ltr'><strong>et</strong></span> <span class='ocrx_word' id='word_1_108' title='bbox 261 1853 426 1917; x_wconf 80' lang='lat' dir='ltr'><strong>vocabitur</strong></span> <span class='ocrx_word' id='word_1_109' title='bbox 459 1871 570 1911; x_wconf 88' lang='lat' dir='ltr'><strong>nomen</strong></span> <span class='ocrx_word' id='word_1_110' title='bbox 604 1852 672 1930; x_wconf 85' lang='lat' dir='ltr'><strong>ojus</strong></span> <span class='ocrx_word' id='word_1_111' title='bbox 701 1840 913 1927; x_wconf 67' lang='lat' dir='ltr'><strong>admirabilis,</strong></span> <span class='ocrx_word' id='word_1_112' title='bbox 947 1830 1158 1924; x_wconf 83' lang='lat' dir='ltr'><strong>consiiiarius,</strong></span> <span class='ocrx_word' id='word_1_113' title='bbox 1183 1846 1281 1925; x_wconf 85' lang='lat' dir='ltr'><strong>Dens,</strong></span> 
     </span>
     <span class='ocr_line' id='line_1_15' title="bbox 165 1936 970 2043; baseline -0.012 -17"><span class='ocrx_word' id='word_1_114' title='bbox 165 1936 168 1941; x_wconf 92' lang='lat'>.</span> <span class='ocrx_word' id='word_1_115' title='bbox 211 1962 328 2039; x_wconf 80' lang='lat' dir='ltr'><strong>¹fortis,</strong></span> <span class='ocrx_word' id='word_1_116' title='bbox 353 1971 442 2043; x_wconf 85' lang='lat' dir='ltr'><strong>poter</strong></span> <span class='ocrx_word' id='word_1_117' title='bbox 457 1957 554 2017; x_wconf 89' lang='lat' dir='ltr'><strong>futuri</strong></span> <span class='ocrx_word' id='word_1_118' title='bbox 576 1954 690 2033; x_wconf 88' lang='lat' dir='ltr'><strong>seculi,</strong></span> <span class='ocrx_word' id='word_1_119' title='bbox 712 1959 857 2040; x_wconf 88' lang='lat' dir='ltr'><strong>princeps</strong></span> <span class='ocrx_word' id='word_1_120' title='bbox 876 1960 970 2040; x_wconf 88' lang='lat' dir='ltr'><strong>pacis.</strong></span> 
     </span>
    </p>

    <p class='ocr_par' dir='ltr' id='par_1_9' title="bbox 179 2063 1280 2346">
     <span class='ocr_line' id='line_1_16' title="bbox 298 2063 1279 2147; baseline -0.004 -18"><span class='ocrx_word' id='word_1_121' title='bbox 298 2067 400 2130; x_wconf 90' lang='lat' dir='ltr'><strong>lbid.</strong></span> <span class='ocrx_word' id='word_1_122' title='bbox 420 2065 517 2125; x_wconf 71' lang='lat' dir='ltr'><strong>uxi:</strong></span> <span class='ocrx_word' id='word_1_123' title='bbox 540 2063 677 2146; x_wconf 80' lang='lat' dir='ltr'><strong>Spiritus</strong></span> <span class='ocrx_word' id='word_1_124' title='bbox 688 2064 816 2124; x_wconf 86' lang='lat' dir='ltr'><strong>Domini</strong></span> <span class='ocrx_word' id='word_1_125' title='bbox 830 2085 988 2146; x_wconf 81' lang='lat' dir='ltr'><strong>superme,</strong></span> <span class='ocrx_word' id='word_1_126' title='bbox 1011 2084 1048 2125; x_wconf 88' lang='lat' dir='ltr'><strong>eo</strong></span> <span class='ocrx_word' id='word_1_127' title='bbox 1061 2063 1148 2147; x_wconf 93' lang='lat' dir='ltr'><strong>quod</strong></span> <span class='ocrx_word' id='word_1_128' title='bbox 1156 2064 1279 2125; x_wconf 80' lang='lat' dir='ltr'><strong>unxerit</strong></span> 
     </span>
     <span class='ocr_line' id='line_1_17' title="bbox 179 2169 1280 2251; baseline -0.005 -13"><span class='ocrx_word' id='word_1_129' title='bbox 179 2185 182 2191; x_wconf 86' lang='lat'>&#39;</span> <span class='ocrx_word' id='word_1_130' title='bbox 212 2176 365 2249; x_wconf 83' lang='lat' dir='ltr'><strong>Dominus</strong></span> <span class='ocrx_word' id='word_1_131' title='bbox 388 2192 449 2232; x_wconf 77' lang='lat' dir='ltr'><strong>mee</strong></span> <span class='ocrx_word' id='word_1_132' title='bbox 471 2170 511 2231; x_wconf 84' lang='lat' dir='ltr'><strong>ad</strong></span> <span class='ocrx_word' id='word_1_133' title='bbox 531 2169 780 2232; x_wconf 80' lang='lat' dir='ltr'><strong>annunciandum</strong></span> <span class='ocrx_word' id='word_1_134' title='bbox 796 2176 962 2234; x_wconf 79' lang='lat' dir='ltr'><strong>mansuetis</strong></span> <span class='ocrx_word' id='word_1_135' title='bbox 976 2173 1059 2234; x_wconf 87' lang='lat' dir='ltr'><strong>misit</strong></span> <span class='ocrx_word' id='word_1_136' title='bbox 1076 2194 1140 2251; x_wconf 88' lang='lat' dir='ltr'><strong>uic,</strong></span> <span class='ocrx_word' id='word_1_137' title='bbox 1161 2184 1197 2232; x_wconf 88' lang='lat' dir='ltr'><strong>nt</strong></span> <span class='ocrx_word' id='word_1_138' title='bbox 1214 2193 1280 2232; x_wconf 88' lang='lat' dir='ltr'><strong>mc·</strong></span> 
     </span>
     <span class='ocr_line' id='line_1_18' title="bbox 212 2256 662 2346; baseline -0.016 -2"><span class='ocrx_word' id='word_1_139' title='bbox 212 2281 303 2346; x_wconf 85' lang='lat' dir='ltr'><strong>derer</strong></span> <span class='ocrx_word' id='word_1_140' title='bbox 324 2280 468 2342; x_wconf 88' lang='lat' dir='ltr'><strong>contritis</strong></span> <span class='ocrx_word' id='word_1_141' title='bbox 489 2277 585 2339; x_wconf 92' lang='lat' dir='ltr'><strong>corde</strong></span> <span class='ocrx_word' id='word_1_142' title='bbox 605 2256 662 2337; x_wconf 83' lang='lat' dir='ltr'><strong>eto.</strong></span> 
     </span>
    </p>

    <p class='ocr_par' dir='ltr' id='par_1_10' title="bbox 209 2383 1277 2591">
     <span class='ocr_line' id='line_1_19' title="bbox 274 2383 1277 2473; baseline -0.001 -22"><span class='ocrx_word' id='word_1_143' title='bbox 274 2388 384 2451; x_wconf 79' lang='lat' dir='ltr'><strong>&#39;Luc</strong></span> <span class='ocrx_word' id='word_1_144' title='bbox 407 2383 482 2450; x_wconf 78' lang='lat' dir='ltr'>lv.=</span> <span class='ocrx_word' id='word_1_145' title='bbox 515 2385 651 2467; x_wconf 81' lang='lat' dir='ltr'><strong>Spiritus</strong></span> <span class='ocrx_word' id='word_1_146' title='bbox 677 2386 806 2448; x_wconf 89' lang='lat' dir='ltr'><strong>Domini</strong></span> <span class='ocrx_word' id='word_1_147' title='bbox 834 2408 929 2472; x_wconf 81' lang='lat' dir='ltr'><strong>super</strong></span> <span class='ocrx_word' id='word_1_148' title='bbox 946 2410 993 2449; x_wconf 88' lang='lat' dir='ltr'><strong>me</strong></span> <span class='ocrx_word' id='word_1_149' title='bbox 1000 2432 1011 2466; x_wconf 86' lang='lat'>‚</span> <span class='ocrx_word' id='word_1_150' title='bbox 1043 2389 1277 2473; x_wconf 88' lang='lat' dir='ltr'><strong>propterquod</strong></span> 
     </span>
     <span class='ocr_line' id='line_1_20' title="bbox 209 2492 1083 2591; baseline -0.003 -32"><span class='ocrx_word' id='word_1_151' title='bbox 209 2499 298 2591; x_wconf 74' lang='lat' dir='ltr'><strong>puxit</strong></span> <span class='ocrx_word' id='word_1_152' title='bbox 313 2517 376 2572; x_wconf 88' lang='lat' dir='ltr'><strong>me,</strong></span> <span class='ocrx_word' id='word_1_153' title='bbox 399 2492 606 2576; x_wconf 77' lang='lat' dir='ltr'><strong>evangelizare</strong></span> <span class='ocrx_word' id='word_1_154' title='bbox 627 2493 819 2578; x_wconf 84' lang='lat' dir='ltr'><strong>pauperibus</strong></span> <span class='ocrx_word' id='word_1_155' title='bbox 836 2498 918 2557; x_wconf 85' lang='lat' dir='ltr'><strong>misit</strong></span> <span class='ocrx_word' id='word_1_156' title='bbox 937 2517 1002 2574; x_wconf 87' lang='lat' dir='ltr'><strong>me,</strong></span> <span class='ocrx_word' id='word_1_157' title='bbox 1026 2508 1083 2557; x_wconf 90' lang='lat' dir='ltr'><strong>etc.</strong></span> 
     </span>
    </p>

    <p class='ocr_par' dir='ltr' id='par_1_11' title="bbox 193 2590 1275 2905">
     <span class='ocr_line' id='line_1_21' title="bbox 293 2590 1275 2687; baseline -0.002 -21"><span class='ocrx_word' id='word_1_158' title='bbox 293 2602 462 2669; x_wconf 84' lang='lat' dir='ltr'><strong>Psolm.;</strong></span> <span class='ocrx_word' id='word_1_159' title='bbox 491 2598 620 2661; x_wconf 85' lang='lat' dir='ltr'><strong>XLIV.:</strong></span> <span class='ocrx_word' id='word_1_160' title='bbox 648 2590 791 2663; x_wconf 74' lang='lat' dir='ltr'><strong>Dilexisti</strong></span> <span class='ocrx_word' id='word_1_161' title='bbox 813 2603 963 2684; x_wconf 83' lang='lat' dir='ltr'><strong>justitiam</strong></span> <span class='ocrx_word' id='word_1_162' title='bbox 989 2616 1019 2664; x_wconf 88' lang='lat' dir='ltr'><strong>ct</strong></span> <span class='ocrx_word' id='word_1_163' title='bbox 1043 2603 1136 2664; x_wconf 89' lang='lat' dir='ltr'><strong>odisti</strong></span> <span class='ocrx_word' id='word_1_164' title='bbox 1158 2606 1275 2687; x_wconf 89' lang='lat' dir='ltr'><strong>iniqui·</strong></span> 
     </span>
     <span class='ocr_line' id='line_1_22' title="bbox 206 2709 1274 2794; baseline 0.002 -20"><span class='ocrx_word' id='word_1_165' title='bbox 206 2725 321 2774; x_wconf 83' lang='lat' dir='ltr'><strong>tatem:</strong></span> <span class='ocrx_word' id='word_1_166' title='bbox 350 2721 517 2794; x_wconf 82' lang='lat' dir='ltr'><strong>propterea</strong></span> <span class='ocrx_word' id='word_1_167' title='bbox 542 2709 630 2767; x_wconf 86' lang='lat' dir='ltr'><strong>nuxit</strong></span> <span class='ocrx_word' id='word_1_168' title='bbox 659 2720 689 2768; x_wconf 90' lang='lat' dir='ltr'><strong>te</strong></span> <span class='ocrx_word' id='word_1_169' title='bbox 710 2709 814 2788; x_wconf 88' lang='lat' dir='ltr'><strong>Deus,</strong></span> <span class='ocrx_word' id='word_1_170' title='bbox 837 2709 922 2771; x_wconf 88' lang='lat' dir='ltr'><strong>Dens</strong></span> <span class='ocrx_word' id='word_1_171' title='bbox 949 2723 1022 2771; x_wconf 87' lang='lat' dir='ltr'><strong>tuus</strong></span> <span class='ocrx_word' id='word_1_172' title='bbox 1042 2710 1114 2772; x_wconf 86' lang='lat' dir='ltr'><strong>oleo</strong></span> <span class='ocrx_word' id='word_1_173' title='bbox 1139 2710 1274 2776; x_wconf 81' lang='lat' dir='ltr'><strong>laetitiae</strong></span> 
     </span>
     <span class='ocr_line' id='line_1_23' title="bbox 193 2816 595 2905; baseline -0.017 -24"><span class='ocrx_word' id='word_1_174' title='bbox 193 2839 282 2905; x_wconf 82' lang='lat' dir='ltr'><strong>prae</strong></span> <span class='ocrx_word' id='word_1_175' title='bbox 304 2816 502 2879; x_wconf 87' lang='lat' dir='ltr'><strong>consortibus</strong></span> <span class='ocrx_word' id='word_1_176' title='bbox 522 2817 595 2875; x_wconf 90' lang='lat' dir='ltr'><strong>tuis.</strong></span> 
     </span>
    </p>

    <p class='ocr_par' dir='ltr' id='par_1_12' title="bbox 199 2903 1291 3438">
     <span class='ocr_line' id='line_1_24' title="bbox 287 2903 1274 3001; baseline 0.001 -13"><span class='ocrx_word' id='word_1_177' title='bbox 287 2916 444 2988; x_wconf 86' lang='lat' dir='ltr'><strong>Psalm:</strong></span> <span class='ocrx_word' id='word_1_178' title='bbox 478 2903 699 2983; x_wconf 75' lang='lat' dir='ltr'><strong>Lxxxvnl.=</strong></span> <span class='ocrx_word' id='word_1_179' title='bbox 734 2925 839 2984; x_wconf 85' lang='lat' dir='ltr'><strong>Inveni</strong></span> <span class='ocrx_word' id='word_1_180' title='bbox 875 2924 976 3001; x_wconf 70' lang='lat' dir='ltr'><strong>Devid</strong></span> <span class='ocrx_word' id='word_1_181' title='bbox 1012 2944 1132 2988; x_wconf 79' lang='lat' dir='ltr'><strong>servum</strong></span> <span class='ocrx_word' id='word_1_182' title='bbox 1155 2949 1274 2990; x_wconf 75' lang='lat' dir='ltr'><strong>menois</strong></span> 
     </span>
     <span class='ocr_line' id='line_1_25' title="bbox 205 3031 1271 3114; baseline 0.001 -17"><span class='ocrx_word' id='word_1_183' title='bbox 205 3034 276 3097; x_wconf 89' lang='lat' dir='ltr'><strong>oleo</strong></span> <span class='ocrx_word' id='word_1_184' title='bbox 298 3045 404 3094; x_wconf 83' lang='lat' dir='ltr'><strong>sancto</strong></span> <span class='ocrx_word' id='word_1_185' title='bbox 429 3052 497 3091; x_wconf 89' lang='lat' dir='ltr'><strong>meo</strong></span> <span class='ocrx_word' id='word_1_186' title='bbox 522 3032 594 3090; x_wconf 80' lang='lat' dir='ltr'><strong>unxi</strong></span> <span class='ocrx_word' id='word_1_187' title='bbox 624 3052 701 3091; x_wconf 89' lang='lat' dir='ltr'><strong>eum.</strong></span> <span class='ocrx_word' id='word_1_188' title='bbox 744 3031 844 3092; x_wconf 89' lang='lat' dir='ltr'><strong>Semel</strong></span> <span class='ocrx_word' id='word_1_189' title='bbox 862 3035 965 3114; x_wconf 81' lang='lat' dir='ltr'><strong>juravi</strong></span> <span class='ocrx_word' id='word_1_190' title='bbox 998 3035 1030 3095; x_wconf 92' lang='lat' dir='ltr'><strong>in</strong></span> <span class='ocrx_word' id='word_1_191' title='bbox 1057 3048 1165 3096; x_wconf 76' lang='lat' dir='ltr'><strong>sancto</strong></span> <span class='ocrx_word' id='word_1_192' title='bbox 1190 3058 1271 3113; x_wconf 84' lang='lat' dir='ltr'><strong>meo,</strong></span> 
     </span>
     <span class='ocr_line' id='line_1_26' title="bbox 202 3140 1271 3221; baseline 0.003 -17"><span class='ocrx_word' id='word_1_193' title='bbox 202 3143 230 3204; x_wconf 80' lang='lat' dir='ltr'><strong>si</strong></span> <span class='ocrx_word' id='word_1_194' title='bbox 254 3141 357 3202; x_wconf 84' lang='lat' dir='ltr'><strong>David</strong></span> <span class='ocrx_word' id='word_1_195' title='bbox 381 3142 525 3202; x_wconf 81' lang='lat' dir='ltr'><strong>mentiar:</strong></span> <span class='ocrx_word' id='word_1_196' title='bbox 556 3159 657 3200; x_wconf 87' lang='lat' dir='ltr'><strong>semen</strong></span> <span class='ocrx_word' id='word_1_197' title='bbox 683 3140 752 3221; x_wconf 91' lang='lat' dir='ltr'><strong>ejus</strong></span> <span class='ocrx_word' id='word_1_198' title='bbox 784 3141 818 3200; x_wconf 91' lang='lat' dir='ltr'><strong>in</strong></span> <span class='ocrx_word' id='word_1_199' title='bbox 846 3153 1004 3203; x_wconf 80' lang='lat' dir='ltr'><strong>aeternum</strong></span> <span class='ocrx_word' id='word_1_200' title='bbox 1034 3144 1179 3206; x_wconf 82' lang='lat' dir='ltr'><strong>manebit.</strong></span> <span class='ocrx_word' id='word_1_201' title='bbox 1227 3143 1271 3208; x_wconf 89' lang='lat' dir='ltr'><strong>Et</strong></span> 
     </span>
     <span class='ocr_line' id='line_1_27' title="bbox 201 3220 1291 3332; baseline 0.002 -21"><span class='ocrx_word' id='word_1_202' title='bbox 201 3246 336 3311; x_wconf 81' lang='lat' dir='ltr'><strong>thronus</strong></span> <span class='ocrx_word' id='word_1_203' title='bbox 372 3249 440 3328; x_wconf 86' lang='lat' dir='ltr'><strong>ejus</strong></span> <span class='ocrx_word' id='word_1_204' title='bbox 472 3249 551 3307; x_wconf 89' lang='lat' dir='ltr'><strong>sicut</strong></span> <span class='ocrx_word' id='word_1_205' title='bbox 580 3246 629 3307; x_wconf 87' lang='lat' dir='ltr'><strong>sol</strong></span> <span class='ocrx_word' id='word_1_206' title='bbox 652 3250 684 3308; x_wconf 90' lang='lat' dir='ltr'><strong>in</strong></span> <span class='ocrx_word' id='word_1_207' title='bbox 722 3262 893 3332; x_wconf 85' lang='lat' dir='ltr'><strong>conspectu</strong></span> <span class='ocrx_word' id='word_1_208' title='bbox 925 3270 1016 3328; x_wconf 86' lang='lat' dir='ltr'><strong>meo,</strong></span> <span class='ocrx_word' id='word_1_209' title='bbox 1044 3264 1075 3313; x_wconf 88' lang='lat' dir='ltr'><strong>et</strong></span> <span class='ocrx_word' id='word_1_210' title='bbox 1094 3254 1175 3313; x_wconf 90' lang='lat' dir='ltr'><strong>sicut</strong></span> <span class='ocrx_word' id='word_1_211' title='bbox 1196 3220 1291 3313; x_wconf 50' lang='lat' dir='ltr'><strong>lune*</strong></span> 
     </span>
     <span class='ocr_line' id='line_1_28' title="bbox 199 3355 1042 3438; baseline 0.004 -22"><span class='ocrx_word' id='word_1_212' title='bbox 199 3356 339 3438; x_wconf 82' lang='lat' dir='ltr'><strong>perfecta</strong></span> <span class='ocrx_word' id='word_1_213' title='bbox 361 3357 584 3429; x_wconf 70' lang='lat' dir='ltr'><strong>insuetorum,</strong></span> <span class='ocrx_word' id='word_1_214' title='bbox 607 3366 638 3414; x_wconf 87' lang='lat' dir='ltr'><strong>et</strong></span> <span class='ocrx_word' id='word_1_215' title='bbox 662 3358 749 3416; x_wconf 89' lang='lat' dir='ltr'><strong>testis</strong></span> <span class='ocrx_word' id='word_1_216' title='bbox 769 3356 909 3419; x_wconf 83' lang='lat' dir='ltr'><strong>incaelo</strong></span> <span class='ocrx_word' id='word_1_217' title='bbox 931 3355 1042 3419; x_wconf 82' lang='lat' dir='ltr'><strong>fidelis.</strong></span> 
     </span>
    </p>

    <p class='ocr_par' dir='ltr' id='par_1_13' title="bbox 195 3460 1268 3865">
     <span class='ocr_line' id='line_1_29' title="bbox 284 3460 1268 3528; baseline 0.002 -6"><span class='ocrx_word' id='word_1_218' title='bbox 284 3462 369 3525; x_wconf 86' lang='lat' dir='ltr'><strong>Act.</strong></span> <span class='ocrx_word' id='word_1_219' title='bbox 393 3460 465 3523; x_wconf 88' lang='lat' dir='ltr'><strong>IV.:</strong></span> <span class='ocrx_word' id='word_1_220' title='bbox 499 3461 716 3524; x_wconf 80' lang='lat' dir='ltr'><strong>Convenerunt</strong></span> <span class='ocrx_word' id='word_1_221' title='bbox 742 3467 821 3524; x_wconf 86' lang='lat' dir='ltr'><strong>onim</strong></span> <span class='ocrx_word' id='word_1_222' title='bbox 841 3486 912 3525; x_wconf 84' lang='lat' dir='ltr'><strong>vere</strong></span> <span class='ocrx_word' id='word_1_223' title='bbox 938 3469 969 3524; x_wconf 94' lang='lat' dir='ltr'><strong>in</strong></span> <span class='ocrx_word' id='word_1_224' title='bbox 991 3466 1114 3528; x_wconf 75' lang='lat' dir='ltr'><strong>civitate</strong></span> <span class='ocrx_word' id='word_1_225' title='bbox 1135 3464 1193 3526; x_wconf 75' lang='lat' dir='ltr'><strong>ista</strong></span> <span class='ocrx_word' id='word_1_226' title='bbox 1210 3462 1268 3524; x_wconf 81' lang='lat' dir='ltr'><strong>sd-</strong></span> 
     </span>
     <span class='ocr_line' id='line_1_30' title="bbox 198 3558 1266 3652; baseline 0.004 -25"><span class='ocrx_word' id='word_1_227' title='bbox 198 3588 304 3630; x_wconf 80' lang='lat' dir='ltr'><strong>versus</strong></span> <span class='ocrx_word' id='word_1_228' title='bbox 333 3558 472 3628; x_wconf 83' lang='lat' dir='ltr'><strong>sanctum</strong></span> <span class='ocrx_word' id='word_1_229' title='bbox 488 3590 620 3650; x_wconf 89' lang='lat' dir='ltr'><strong>puerum</strong></span> <span class='ocrx_word' id='word_1_230' title='bbox 643 3582 731 3628; x_wconf 90' lang='lat' dir='ltr'><strong>tuum</strong></span> <span class='ocrx_word' id='word_1_231' title='bbox 755 3569 877 3646; x_wconf 78' lang='lat' dir='ltr'><strong>Iesum,</strong></span> <span class='ocrx_word' id='word_1_232' title='bbox 901 3592 992 3652; x_wconf 83' lang='lat' dir='ltr'><strong>quem</strong></span> <span class='ocrx_word' id='word_1_233' title='bbox 1011 3574 1142 3645; x_wconf 83' lang='lat' dir='ltr'><strong>unxisti,</strong></span> <span class='ocrx_word' id='word_1_234' title='bbox 1163 3573 1266 3631; x_wconf 87' lang='lat' dir='ltr'><strong>Hero-</strong></span> 
     </span>
     <span class='ocr_line' id='line_1_31' title="bbox 197 3671 1266 3763; baseline 0.006 -28"><span class='ocrx_word' id='word_1_235' title='bbox 197 3671 252 3736; x_wconf 88' lang='lat' dir='ltr'><strong>des</strong></span> <span class='ocrx_word' id='word_1_236' title='bbox 276 3686 305 3734; x_wconf 88' lang='lat' dir='ltr'><strong>et</strong></span> <span class='ocrx_word' id='word_1_237' title='bbox 322 3673 455 3741; x_wconf 88' lang='lat' dir='ltr'><strong>Pontius</strong></span> <span class='ocrx_word' id='word_1_238' title='bbox 472 3674 608 3753; x_wconf 78' lang='lat' dir='ltr'><strong>Pilatus,</strong></span> <span class='ocrx_word' id='word_1_239' title='bbox 632 3675 864 3758; x_wconf 79' lang='lat' dir='ltr'><strong>corrigentibus</strong></span> <span class='ocrx_word' id='word_1_240' title='bbox 889 3691 919 3739; x_wconf 89' lang='lat' dir='ltr'><strong>et</strong></span> <span class='ocrx_word' id='word_1_241' title='bbox 939 3679 1064 3763; x_wconf 83' lang='lat' dir='ltr'><strong>populis</strong></span> <span class='ocrx_word' id='word_1_242' title='bbox 1089 3680 1195 3756; x_wconf 82' lang='lat' dir='ltr'><strong>Israel,</strong></span> <span class='ocrx_word' id='word_1_243' title='bbox 1216 3680 1266 3741; x_wconf 82' lang='lat' dir='ltr'><strong>fa-</strong></span> 
     </span>
     <span class='ocr_line' id='line_1_32' title="bbox 195 3783 1265 3865; baseline 0.009 -24"><span class='ocrx_word' id='word_1_244' title='bbox 195 3799 265 3842; x_wconf 84' lang='lat' dir='ltr'><strong>cere</strong></span> <span class='ocrx_word' id='word_1_245' title='bbox 276 3825 286 3859; x_wconf 88' lang='lat'><strong><em>,</em></strong></span> <span class='ocrx_word' id='word_1_246' title='bbox 310 3802 387 3865; x_wconf 82' lang='lat' dir='ltr'><strong>quae</strong></span> <span class='ocrx_word' id='word_1_247' title='bbox 408 3801 514 3843; x_wconf 85' lang='lat' dir='ltr'><strong>manns</strong></span> <span class='ocrx_word' id='word_1_248' title='bbox 538 3796 592 3844; x_wconf 84' lang='lat' dir='ltr'><strong>tua</strong></span> <span class='ocrx_word' id='word_1_249' title='bbox 612 3796 642 3844; x_wconf 90' lang='lat' dir='ltr'><strong>et</strong></span> <span class='ocrx_word' id='word_1_250' title='bbox 664 3783 828 3847; x_wconf 88' lang='lat' dir='ltr'><strong>consilium</strong></span> <span class='ocrx_word' id='word_1_251' title='bbox 844 3797 933 3847; x_wconf 88' lang='lat' dir='ltr'><strong>tuum</strong></span> <span class='ocrx_word' id='word_1_252' title='bbox 960 3786 1164 3851; x_wconf 83' lang='lat' dir='ltr'><strong>decreverunt</strong></span> <span class='ocrx_word' id='word_1_253' title='bbox 1184 3786 1265 3851; x_wconf 82' lang='lat' dir='ltr'><strong>fieri·</strong></span> 
     </span>
    </p>

    <p class='ocr_par' dir='ltr' id='par_1_14' title="bbox 191 3887 1264 4294">
     <span class='ocr_line' id='line_1_33' title="bbox 276 3887 1264 3981; baseline 0.006 -32"><span class='ocrx_word' id='word_1_254' title='bbox 276 3887 383 3951; x_wconf 87' lang='lat' dir='ltr'><strong>Ibid.</strong></span> <span class='ocrx_word' id='word_1_255' title='bbox 404 3888 461 3951; x_wconf 75' lang='lat' dir='ltr'><strong>X:</strong></span> <span class='ocrx_word' id='word_1_256' title='bbox 495 3887 561 3951; x_wconf 85' lang='lat' dir='ltr'><strong>Vos</strong></span> <span class='ocrx_word' id='word_1_257' title='bbox 581 3893 665 3951; x_wconf 89' lang='lat' dir='ltr'><strong>scitis</strong></span> <span class='ocrx_word' id='word_1_258' title='bbox 687 3904 744 3953; x_wconf 90' lang='lat' dir='ltr'><strong>etc.</strong></span> <span class='ocrx_word' id='word_1_259' title='bbox 796 3892 932 3957; x_wconf 81' lang='lat' dir='ltr'><strong>Iesuma</strong></span> <span class='ocrx_word' id='word_1_260' title='bbox 952 3895 1104 3959; x_wconf 82' lang='lat' dir='ltr'><strong>Nazareth</strong></span> <span class='ocrx_word' id='word_1_261' title='bbox 1128 3916 1264 3981; x_wconf 82' lang='lat' dir='ltr'><strong>quomo-</strong></span> 
     </span>
     <span class='ocr_line' id='line_1_34' title="bbox 193 3994 1262 4084; baseline 0.005 -29"><span class='ocrx_word' id='word_1_262' title='bbox 193 3994 236 4057; x_wconf 93' lang='lat' dir='ltr'><strong>do</strong></span> <span class='ocrx_word' id='word_1_263' title='bbox 265 3994 357 4058; x_wconf 68' lang='lat' dir='ltr'><strong>‘unxit</strong></span> <span class='ocrx_word' id='word_1_264' title='bbox 389 4018 458 4058; x_wconf 88' lang='lat' dir='ltr'><strong>eum</strong></span> <span class='ocrx_word' id='word_1_265' title='bbox 489 3997 574 4057; x_wconf 88' lang='lat' dir='ltr'><strong>Deus</strong></span> <span class='ocrx_word' id='word_1_266' title='bbox 602 3999 725 4084; x_wconf 90' lang='lat' dir='ltr'><strong>Spiritu</strong></span> <span class='ocrx_word' id='word_1_267' title='bbox 751 3998 864 4064; x_wconf 83' lang='lat' dir='ltr'><strong>Sancto</strong></span> <span class='ocrx_word' id='word_1_268' title='bbox 897 4016 927 4064; x_wconf 90' lang='lat' dir='ltr'><strong>et</strong></span> <span class='ocrx_word' id='word_1_269' title='bbox 953 4005 1083 4080; x_wconf 85' lang='lat' dir='ltr'><strong>virtute,</strong></span> <span class='ocrx_word' id='word_1_270' title='bbox 1107 4002 1162 4084; x_wconf 84' lang='lat' dir='ltr'><strong>qui</strong></span> <span class='ocrx_word' id='word_1_271' title='bbox 1186 4020 1262 4082; x_wconf 88' lang='lat' dir='ltr'><strong>per·</strong></span> 
     </span>
     <span class='ocr_line' id='line_1_35' title="bbox 191 4100 1261 4196; baseline 0.006 -34"><span class='ocrx_word' id='word_1_272' title='bbox 191 4102 315 4163; x_wconf 82' lang='lat' dir='ltr'><strong>transiit</strong></span> <span class='ocrx_word' id='word_1_273' title='bbox 336 4100 559 4166; x_wconf 78' lang='lat' dir='ltr'><strong>benefaciendo</strong></span> <span class='ocrx_word' id='word_1_274' title='bbox 580 4119 610 4169; x_wconf 89' lang='lat' dir='ltr'><strong>et</strong></span> <span class='ocrx_word' id='word_1_275' title='bbox 632 4107 768 4169; x_wconf 82' lang='lat' dir='ltr'><strong>sanando</strong></span> <span class='ocrx_word' id='word_1_276' title='bbox 788 4131 891 4173; x_wconf 88' lang='lat' dir='ltr'><strong>ornnes</strong></span> <span class='ocrx_word' id='word_1_277' title='bbox 919 4130 1088 4196; x_wconf 86' lang='lat' dir='ltr'><strong>oppressos</strong></span> <span class='ocrx_word' id='word_1_278' title='bbox 1107 4131 1124 4170; x_wconf 83' lang='lat' dir='ltr'><strong>a</strong></span> <span class='ocrx_word' id='word_1_279' title='bbox 1147 4105 1261 4169; x_wconf 82' lang='lat' dir='ltr'><strong>diobo-</strong></span> 
     </span>
     <span class='ocr_line' id='line_1_36' title="bbox 191 4206 782 4294; baseline 0.007 -22"><span class='ocrx_word' id='word_1_280' title='bbox 191 4206 224 4272; x_wconf 90' lang='lat' dir='ltr'><strong>lo</strong></span> <span class='ocrx_word' id='word_1_281' title='bbox 235 4253 245 4289; x_wconf 92' lang='lat'><strong><em>,</em></strong></span> <span class='ocrx_word' id='word_1_282' title='bbox 269 4212 414 4294; x_wconf 82' lang='lat' dir='ltr'><strong>quoniam</strong></span> <span class='ocrx_word' id='word_1_283' title='bbox 433 4211 518 4275; x_wconf 89' lang='lat' dir='ltr'><strong>Deus</strong></span> <span class='ocrx_word' id='word_1_284' title='bbox 543 4226 608 4274; x_wconf 85' lang='lat' dir='ltr'><strong>ernt</strong></span> <span class='ocrx_word' id='word_1_285' title='bbox 626 4237 697 4278; x_wconf 88' lang='lat' dir='ltr'><strong>cuni</strong></span> <span class='ocrx_word' id='word_1_286' title='bbox 716 4215 782 4278; x_wconf 84' lang='lat' dir='ltr'><strong>illo.</strong></span> 
     </span>
    </p>
   </div>
   <div class='ocr_carea' id='block_1_5' title="bbox 0 0 1388 4762">
    <p class='ocr_par' dir='ltr' id='par_1_15' title="bbox 0 0 1388 4762">
     <span class='ocr_line' id='line_1_37' title="bbox 0 0 1388 4762; baseline 0 8"><span class='ocrx_word' id='word_1_287' title='bbox 0 0 1388 4762; x_wconf 95' lang='lat' dir='ltr'><strong> </strong></span> 
     </span>
    </p>
   </div>
  </div>
 </body>
</html>
