2768 4762
228 375 233 393 ,
268 366 347 436 aaa
456 323 459 328 ’
575 360 644 427 na
680 356 937 451 eamearn
969 352 1033 423 ur

274 565 326 608 mo
349 557 381 606 et
410 543 525 607 Carolo
551 530 665 631 Mdguo
689 545 865 622 celebrato,
899 542 1054 606 damnatis
1085 543 1140 626 qni
1163 563 1228 604 non
1247 543 1350 609 solnm

275 633 414 715 picturas
448 641 622 691 sanctarum
652 646 757 693 rerum
787 641 968 714 gestarum,
985 629 1112 716 (etipse
1131 627 1227 688 Jonas
1253 631 1299 690 ait
1320 635 1348 693 in

301 715 434 796 rincipio
457 713 531 775 libri
553 717 659 798 primi)
691 736 799 777 rerum
823 714 914 774 etiam
931 733 1039 777 cruces
1057 711 1251 790 materiales,
1279 719 1350 796 qui·

276 736 338 859 hus
366 798 408 860 ob
430 797 583 861 honorem
605 811 636 859 et
656 800 904 861 recordationem
923 798 1144 878 redemptionis
1165 815 1241 857 suae
1261 818 1350 861 sane-

222 935 224 940 .
278 896 310 944 ta
335 885 496 943 consuevit
518 885 566 944 uti
590 883 747 961 Ecclesia,
786 904 803 944 a
829 885 953 944 cunetis.
965 880 1131 965 parochiae
1152 902 1224 941 suae
1244 881 1350 945 basili-

216 1008 221 1015 ·
280 969 324 1028 cis
349 966 466 1028 dieitur
499 967 660 1046 delevisse,
687 970 847 1043 evertisse,
875 980 906 1028 et
928 969 1049 1050 penitus
1077 965 1245 1026 abdicasse.

114 1080 271 1125 numanam·
364 1047 640 1113 DAMASCENUS
666 1055 793 1136 scripsit
823 1050 922 1112 libros
948 1065 1011 1112 tres
1032 1050 1178 1112 adversus
1199 1071 1274 1126 eos,
1296 1057 1349 1135 qni

59 1164 62 1169 ·
103 1129 407 1223 l'ssg'jggissgffisanctas
426 1139 570 1219 imagines
593 1137 763 1197 traducunt
788 1148 819 1196 et
842 1139 1063 1210 criminantur,
1086 1137 1256 1217 praecipue
1276 1159 1349 1198 aero

101 1236 226 1301 ult-sm·
285 1221 430 1281 adversus
460 1212 676 1303 imperatorem
709 1224 841 1282 Leonem
870 1222 1011 1281 Isaurum
1042 1219 1299 1280 lconomachnm:
1320 1225 1349 1281 in

190 1304 196 1309 ’
258 1358 260 1370 ,
284 1305 401 1388 quibus
427 1306 603 1366 doctissime
640 1306 783 1366 confutat
811 1318 990 1388 argumenta
1012 1303 1296 1381 Iconoclustarum,
1321 1319 1349 1366 et

249 1462 251 1467 ι
280 1402 413 1453 veterem
432 1389 590 1451 Ecclesiae
606 1390 805 1452 traditionem
839 1392 877 1449 de
908 1411 967 1450 usu
999 1401 1030 1449 et
1063 1389 1151 1448 cultu
1173 1403 1349 1450 sanctarum

278 1476 444 1557 imaginum
471 1487 650 1558 propugnat
671 1496 706 1535 ae
733 1473 889 1550 defendit,
910 1473 1015 1534 multis
1040 1473 1128 1533 etiam
1149 1475 1353 1559 antiquorum

275 1557 408 1621 Petrum
424 1561 626 1637 testimoniis,
655 1573 686 1620 et
707 1558 909 1620 historiarum
925 1557 1069 1641 exemplis
1096 1556 1253 1636 adductis,
1280 1581 1348 1642 qna

277 1644 367 1704 nimis
399 1642 526 1727 longum
557 1645 641 1705 foret
662 1643 849 1704 adscribere.

75 1846 77 1851 ,
120 1811 191 1856 mn
209 1814 269 1870 sps
280 1739 393 1871 Saneld
418 1723 1347 1893 stgnogtlliscpxtfflpmistgnopgeplrgptappoee.qustp¹epppg;

102 1863 255 1954 dllilihlf
280 1893 356 1956 haec
374 1908 420 1956 est
442 1894 518 1958 fides
542 1897 690 1973 Patrem,
713 1895 788 1957 haec
812 1909 858 1956 est
882 1893 960 1955 fides
975 1893 1252 1970 orthodoxorum,
1275 1896 1346 1956 haec

101 1963 271 2052 &35:23
281 1977 357 2038 fides
387 1977 495 2040 orbem
529 1992 684 2040 terrarum
709 1978 915 2044 confirmarit.
981 1979 1145 2040 Credentes
1179 1982 1211 2039 in
1251 2000 1347 2045 unum

102 2062 256 2102 ¹⁰¹⁸¹·¹¹⁰‘¹
279 2063 400 2139 Deum,
428 2066 460 2124 in
488 2065 627 2123 trinitate
660 2062 836 2138 laudatum,
863 2063 1050 2124 venerandas
1074 2066 1212 2146 imagInes
1226 2065 1351 2146 ample·

102 2104 392 2206 illidalssssimamur.
437 2147 501 2222 Qui
535 2167 624 2207 secus
652 2160 768 2232 agunt,
800 2147 990 2213 anathemate
1016 2147 1233 2230 percelluntor.
1280 2150 1349 2224 Qui

101 2203 152 2292 illa
169 2214 254 2314 'ihil'
279 2231 324 2291 sic
351 2251 415 2293 non
438 2234 590 2309 sentiunt,
619 2231 659 2292 ab
691 2232 829 2293 Ecclesia
853 2231 1063 2315 depelluntor.
1113 2231 1176 2293 llos
1200 2234 1346 2315 antiquae

100 2300 214 2348 dmm*
279 2313 437 2377 Ecclesiae
471 2315 656 2400 legislationi
682 2319 866 2394 insistimus,
903 2338 960 2378 nos
989 2318 1113 2379 decreta
1135 2317 1267 2379 Petrum
1291 2339 1343 2375 cu·

277 2399 447 2479 stodimus,
477 2421 535 2463 nos
566 2401 746 2483 adjicientes
772 2403 891 2485 aliquid
920 2402 1166 2482 entaufegentes
1193 2401 1341 2462 Ecclesiae

115 2487 200 2532 ΜΝ
213 2506 268 2538 ¹⁰¹·
279 2485 576 2548 anathematizamus.
605 2486 670 2547 Nos
689 2489 876 2548 venerandas
895 2488 1038 2570 imagines
1056 2488 1252 2569 suscipimus.
1273 2485 1345 2561 Nos,

99 2537 271 2635 ppqppmpp
281 2571 335 2652 qui
355 2591 440 2633 scens
464 2572 576 2649 faxint,
609 2570 801 2633 anathemate
826 2570 1030 2656 percellimus.
1075 2572 1264 2652 Quicunque
1279 2590 1346 2630 sen·

99 2639 390 2747 {ffifflssjtentias
433 2678 537 2718 sacrae
585 2659 757 2743 scripturae
799 2656 837 2717 de
873 2656 966 2719 idolis
1007 2668 1118 2717 eontra
1159 2654 1346 2716 venerandas

97 2735 242 2783 ”mlum
277 2741 421 2823 imagines
463 2741 638 2818 adducunt,
693 2740 861 2827 anathemg.
936 2741 1000 2816 Qui
1039 2741 1230 2801 venerandas
1274 2743 1345 2799 ima·

110 2850 253 2905 mmm,
277 2828 361 2907 gines
392 2824 478 2886 idola
501 2824 676 2907 appellant,
710 2826 879 2887 anathema.
923 2829 987 2902 Qui
1010 2825 1136 2902 dicunt,
1161 2824 1253 2907 qnod
1271 2827 1346 2883 ima-

98 2894 360 2996 lffssss⁰lss⁰fss1ssl⁰0⁸
380 2909 548 2970 Christiani
573 2922 609 2970 ut
629 2911 704 2971 deos
732 2909 882 2986 adorent,
907 2910 1076 2971 anathema.
1129 2911 1193 2986 Qui
1216 2911 1344 2969 scientes

96 2992 128 3038 u·
148 3008 229 3060 pontu
246 3005 265 3048 t·
275 2999 502 3055 communicant
527 3015 597 3052 cnm
624 2994 703 3072 illis,
748 2997 804 3076 qui
834 3009 943 3055 eontra
978 2994 1165 3056 venerandas
1200 2999 1345 3077 imagines

96 3056 206 3145 dillnslis
219 3055 264 3146 2³3.
274 3079 419 3154 sentiunt,
440 3092 493 3140 ant
506 3099 554 3139 eas
576 3078 791 3154 dehonestant,
809 3078 977 3140 anathema.
1021 3081 1084 3157 Qui
1103 3079 1221 3140 audent
1235 3078 1344 3138 Eccle-

94 3142 160 3238 iffsslf
171 3153 250 3206 ΨΜ·
272 3163 547 3229 siamCatholieam
570 3163 672 3224 dicere
686 3163 770 3225 Idola
782 3163 951 3246 aliquando
964 3185 1148 3248 suscepisse,
1173 3161 1343 3224 anathema.

355 3261 384 3315 2.
428 3248 620 3309 SYNODUS
655 3247 741 3308 VIII.
768 3249 899 3331 general.
931 3272 997 3311 ean.
1021 3263 1074 3318 7..·
1107 3247 1209 3308 Valde
1241 3244 1344 3329 proli·

271 3350 363 3390 cunm
381 3344 427 3392 est
449 3345 480 3393 et
496 3332 685 3393 venerabiles
707 3335 851 3417 imagines
872 3338 1023 3419 pingere,
1053 3333 1107 3394 sed
1130 3345 1162 3394 et
1181 3335 1344 3415 proximos

270 3411 447 3497 disciplinas
468 3417 588 3479 divinae
608 3439 643 3478 ac
664 3415 815 3480 humanae
835 3423 1000 3503 sapientiae
1025 3417 1147 3480 docere.
1189 3415 1264 3476 Non
1291 3438 1345 3477 an·

268 3509 330 3557 tem
352 3498 471 3562 bonnm
497 3515 561 3577 est,
598 3523 654 3565 nec
680 3507 807 3563 omnino
831 3502 1027 3587 proficuum,
1058 3502 1096 3563 ab
1120 3500 1259 3583 indignis
1285 3500 1346 3563 ho·

268 3601 336 3642 rum
356 3584 475 3667 aliquid
500 3586 580 3649 fieri.
622 3587 723 3670 Hujus
763 3591 808 3648 rei
839 3595 938 3672 gratia
967 3608 1163 3671 nequaqnam
1198 3587 1347 3669 imagines

267 3673 392 3749 operari
402 3672 447 3747 tin
467 3674 561 3732 sacris
580 3672 723 3755 templis,
753 3671 807 3732 sed
829 3694 929 3756 neque
950 3677 980 3735 in
1005 3675 1115 3757 quovis
1136 3670 1208 3730 loeo
1224 3671 1344 3735 doecre

265 3753 534 3816 anathematizatos
556 3753 595 3815 ah
620 3754 678 3816 hac
701 3770 804 3816 sancta
833 3770 864 3818 et
886 3759 1051 3819 universali
1073 3756 1219 3832 Synodo,
1265 3752 1345 3814 defi·

102 3876 242 3930 ,mm
264 3855 364 3900 nimus
391 3854 422 3901 et
441 3841 694 3924 promulgamus,
731 3841 871 3923 ')usque
903 3865 920 3903 a
945 3845 1076 3926 propria
1105 3840 1343 3900 seductione-ae

88 3929 223 3983 regenaam
264 3922 379 3984 malitia
404 3939 635 3987 convertantur.
691 3922 840 4006 Quisquis
862 3949 936 4011 ergo
962 3940 1035 4010 post
1069 3926 1150 3987 hanc
1178 3922 1344 3985 delinitio·

85 3992 215 4039 ΜΨ·
264 4027 331 4066 nem
357 4007 396 4068 ad
414 4011 554 4091 picturae
572 4020 746 4070 sanctarum
768 4012 932 4095 imaginum
958 4016 989 4071 in
1014 4012 1171 4084 Ecclesiis,
1193 4009 1344 4069 antdoc·

260 4093 361 4149 trinae
396 4093 547 4153 actionem
573 4114 706 4174 quoquo
734 4094 830 4156 modo
864 4118 915 4158 eos
951 4097 1126 4172 admiserit,
1160 4095 1185 4153 si
1209 4095 1342 4176 quidem

259 4171 391 4267 clericus
409 4177 524 4253 fuerit,
550 4180 684 4265 proprio
703 4180 802 4265 gradu
827 4183 1044 4265 periclitetur:
1066 4184 1092 4243 si
1108 4181 1225 4257 laicus,
1250 4198 1344 4244 com·

257 4278 403 4322 munione
429 4264 579 4345 privetur.
