2768 4762
426 284 811 405 DE‘caaouo.
1076 347 1156 417 aaa

78 524 161 612 gelus
193 521 321 603 Dumiui
333 566 345 619 ?
378 533 409 586 et
431 526 588 609 percussit
607 525 651 605 ,in
682 527 790 603 castris¹
808 523 1011 604 Assyriorum
1030 537 1154 591 centum

74 634 233 717 octoginta
255 633 395 715 quinque
416 632 521 695 millia.

157 739 214 803 lv.
236 740 329 823 lleg.
352 738 454 803 XIX:
487 740 716 826 Protegamque
738 740 848 802 urbem
867 739 971 820 banc,
1001 753 1033 803 et
1053 739 1153 804 salva·
1225 768 1235 778 ·

72 849 116 912 bo
138 869 204 912 eam
224 860 359 934 propter
380 868 428 909 me
450 860 481 910 et
501 861 634 934 propter
655 848 757 910 David
778 860 902 912 sertum
921 871 1033 917 meum·
1107 878 1110 887 ·

154 981 199 1043 ll.
217 978 395 1043 Malacb.
416 978 508 1042 XV.r
544 978 749 1042 Machabacus
776 991 877 1042 autem
905 1003 1025 1066 temper
1049 978 1173 1043 confi-t

74 1087 169 1152 debat
199 1109 270 1150 cum
301 1089 385 1149 omui
420 1108 475 1173 ape
502 1087 649 1149 auxilium
681 1089 782 1151 aibia
816 1088 886 1149 Deo
914 1090 1099 1168 affuturum,
1120 1102 1152 1151 et

71 1195 260 1260 hortabatur
286 1216 360 1257 auos
396 1216 436 1256 ne
465 1196 680 1259 formidarent.
732 1195 880 1280 Singulos
902 1208 1002 1255 autem
1024 1193 1152 1256 illorum

72 1307 203 1375 armarit
238 1324 303 1364 non
336 1304 437 1388 clypei
468 1317 500 1366 et
524 1302 630 1366 bastae
654 1307 846 1382 munitione,
883 1301 937 1362 sed
957 1300 1152 1366 sermonibus

72 1414 199 1497 optimis
212 1424 244 1487 et
265 1413 550 1492 exhortationibus,
574 1416 714 1496 exposito
737 1413 834 1498 digno
855 1407 1073 1487 fide'somnio,
1095 1430 1152 1494 per

72 1520 162 1602 qnod
183 1522 343 1583 universos
366 1520 553 1584 laetificarit.
589 1520 667 1582 Erat
687 1531 785 1582 antam
813 1515 1033 1600 hujuscemodi
1054 1517 1152 1577 visua:

72 1626 208 1702 Oniam,
230 1629 285 1708 qui
308 1627 410 1687 fuerat
430 1649 563 1690 summus
582 1610 750 1706 sacerdos,¹
780 1629 880 1694 virum
902 1624 1022 1705 bonum
1044 1636 1076 1684 et
1096 1621 1155 1683 be-

72 1735 229 1814 nignum,
261 1733 468 1796 verecundum
488 1739 577 1817 uisu,
610 1737 786 1799 modestam
808 1731 948 1795 moribus
971 1745 1003 1813 et
1022 1732 1151 1815 eloquio
1263 1794 1266 1799 ,

74 1835 224 1897 decorum
236 1881 246 1915 ,
269 1844 376 1923 etqui
401 1863 418 1903 a
443 1834 546 1928 puer'o
569 1842 789 1907 invirtutibus
809 1842 995 1925 exercitatas
1013 1842 1064 1918 sit,
1087 1861 1153 1901 ma-

71 1963 130 2003 nus
162 1946 413 2028 praetendentem
447 1973 538 2013 orare
571 1973 632 2036 pro
673 1953 757 2013 omni
784 1948 908 2036 populo
942 1944 1150 2010 ludaeorum:

68 2048 149 2111 Post
170 2050 233 2113 boc
266 2058 444 2139 apparuisse
468 2070 499 2120 et
517 2059 612 2121 alium
641 2062 741 2121 virum
764 2069 864 2121 aetate
883 2068 914 2119 et
934 2038 1035 2140 glo'ria
1057 2038 1153 2116 mira-

68 2153 187 2236 bilem,
217 2171 249 2221 et
269 2164 514 2246 magnidecoris
538 2163 723 2227 habitudine
751 2169 837 2233 circa
866 2165 963 2226 illam.
1007 2153 1154 2246 Res'pon·

69 2263 191 2328 dentem
206 2291 281 2330 vcro
305 2270 418 2341 Oniam
440 2271 566 2350 dixisse,
599 2272 651 2333 bic
670 2286 714 2334 cst
737 2275 871 2336 fratrum
894 2285 1014 2336 amator
1033 2284 1066 2333 et
1090 2292 1152 2355 po-

68 2372 134 2458 puli
157 2374 269 2434 Israel:
298 2374 349 2433 hic
370 2387 433 2452 est,
467 2379 523 2456 qui
550 2378 682 2439 multum
710 2393 781 2444 orat
802 2401 865 2465 pro
887 2379 1009 2465 populo
1025 2390 1058 2439 ct
1077 2381 1150 2438 uni·

69 2500 158 2540 versa
187 2492 292 2540 sancta
318 2481 457 2557 civitate,
495 2483 640 2544 ieremias
663 2484 820 2567 propheta
842 2485 911 2546 Dei.
967 2483 1149 2547 Extendisse

70 2598 173 2648 autem
198 2566 360 2651 Jeremiabr
382 2589 529 2666 dextram,
551 2602 582 2649 et
603 2589 722 2655 dedisse
740 2589 838 2651 Judae
854 2589 988 2673 gladium
1010 2611 1150 2670 aureum,

70 2693 240 2756 dicentem:
271 2693 388 2781 Accipe
410 2707 549 2758 sanctum
574 2696 711 2780 gladium
732 2718 879 2758 munusa
905 2699 974 2758 Deo
988 2741 998 2775 ,
1028 2699 1060 2757 in
1084 2718 1149 2779 quo

69 2801 198 2885 dejicias
226 2802 420 2866 adversarios
450 2803 562 2888 populi
591 2813 649 2865 mei
680 2803 784 2866 lsrael.
828 2802 870 2864 Et
890 2818 964 2889 post
982 2804 1150 2887 quaedamc

67 2911 162 2973 ludas
178 2933 277 2991 vcro,
300 2925 331 2975 et
354 2913 409 2995 qni
433 2933 504 2973 cum
528 2935 565 2974 eo
590 2926 695 2991 erant,
717 2915 862 2974 invocato
882 2913 972 2993 Deo,
999 2934 1057 2998 per
1078 2933 1152 2974 ora·

68 3022 170 3083 tiones
188 3024 347 3107 congressi
369 3034 460 3101 sunt,
490 3043 582 3083 rnanu
607 3021 730 3105 quidem
752 3033 923 3107 pugnantes
935 3064 945 3097 ,
966 3019 1021 3081 sed
1043 3020 1151 3080 Domi-

69 3148 127 3189 nus
159 3130 310 3191 cordibus
348 3143 491 3210 orantes,
533 3142 771 3218 prostraverunt
809 3151 873 3192 non
897 3131 997 3190 minus
1021 3129 1151 3212 triginta

70 3237 209 3319 quinque
229 3237 335 3297 millia.

151 3344 190 3405 H.
212 3343 270 3411 lv.
290 3346 380 3429 ch.
404 3347 509 3409 XIILs
543 3346 679 3425 Quidam
709 3358 811 3415 autem
845 3344 1026 3430 sepelientes
1044 3340 1150 3405 bomi-

66 3452 159 3530 nem,
192 3451 340 3514 viderunt
365 3432 582 3535 latrunculos,
613 3466 647 3519 et
663 3458 869 3540 projecerunt
891 3452 1021 3514 cadaver
1048 3456 1082 3511 in
1098 3470 1148 3510 sc·

64 3559 179 3643 pulcro
207 3559 312 3623 Elisei.
365 3563 480 3639 Quod,
498 3584 568 3624 eum
595 3540 745 3651 taligisaet
776 3583 846 3626 ossa
876 3561 996 3638 ultrei,
1037 3557 1147 3620 revixit

63 3664 176 3746 bomo,
199 3679 230 3729 et
247 3671 332 3730 stetit
351 3691 447 3754 super
466 3670 562 3755 pedet
577 3690 662 3737 tuot.

148 3799 175 3860 1.
198 3795 283 3861 Act.
306 3799 397 3862 XV.=
436 3798 578 3864 Virtutes
609 3823 673 3864 non
710 3800 866 3886 quaslibet
902 3798 1035 3861 faciebat
1058 3799 1145 3863 Dana

68 3924 125 3987 per
141 3927 265 3968 manum
285 3907 397 3987 Pauli,
415 3911 458 3970 ita
481 3920 518 3970 ut
536 3914 627 3973 etiam
648 3931 743 3996 super
763 3908 926 3993 languidos
946 3907 1145 3970 deferrentur

66 4030 86 4070 a
103 4033 240 4099 corpore
264 4016 332 4098 ejus
346 4015 471 4077 sudaria
488 4017 537 4079 val
556 4019 763 4095 semicinctia,
785 4030 817 4077 et
837 4014 1023 4078 recedebant
1039 4015 1078 4077 ab
1099 4020 1144 4078 eis

64 4117 247 4206 languores,
281 4137 312 4186 et
335 4126 464 4208 spiritus
491 4146 621 4208 nequam
647 4124 893 4210 egrediebantur.

149 4228 201 4293 Et
222 4231 286 4294 V..·
307 4233 405 4317 Magis
427 4246 529 4297 autern
545 4233 718 4318 angebatur
742 4235 932 4297 credentium
951 4235 982 4293 in
1005 4235 1142 4299 Domina
