2768 4762
273 379 352 448 ιω
423 352 425 357 '
496 364 1124 439 nasanrrsrrora

99 573 134 612 ιι.
143 568 177 612 ss·
188 561 265 622 laat-
275 559 349 623 miss
370 555 522 639 praecinit
549 551 749 615 de'foemina
775 563 807 614 et
829 555 922 630 viro,
954 554 1144 641 apertissime
1167 555 1274 622 Esaias
1293 560 1353 625 de·

102 612 266 704 builli.
276 641 403 700 claravit
418 639 457 700 de
471 639 591 720 virgine
610 649 642 698 et
659 637 739 698 Deo.
778 636 826 698 ·Et
843 639 875 697 in
897 635 959 698 fine
982 640 1146 700 sermonis:
1168 641 1351 726 Loquainur

101 709 400 808 :i‘fiffssffsslffjpaucm
429 735 461 783 et
485 742 579 804 super
605 720 668 782 hoc
689 723 814 783 nomine
829 723 960 799 (Maria)
1008 722 1073 783 uod
1099 726 1350 809 interpretatum,

102 811 154 898 it:
171 770 367 897 ,fflissssfflffl'li
383 807 472 868 stella
493 806 628 866 dicitur:
648 815 680 875 et
694 809 785 867 matri
804 808 853 867 vir
873 806 915 866 ini
938 743 1027 867 valde
1049 811 1267 873 convenienter
1291 835 1351 898 ap.

100 870 170 911 Μ
277 905 370 953 tetur.
413 892 484 973 lpsa
499 910 631 970 namque
648 891 802 972 aptissime
822 828 917 952 sideri
936 904 1157 974 comparatur:
1192 898 1266 978 quia
1283 899 1350 961 sic.

276 989 314 1036 ut
325 978 390 1036 sine
408 977 457 1039 sui
482 975 687 1058 corruptione
705 976 791 1036 sidus
809 995 899 1034 sunm
916 976 1028 1036 emittit
1048 975 1185 1051 radium,
1210 981 1257 1049 sic
1275 981 1353 1047 obs-

277 1081 338 1144 que
359 1055 408 1122 sui
430 1058 563 1120 laesione
595 1059 684 1142 virgo
713 1060 849 1144 parturit
870 1056 977 1120 filium.
1018 1057 1082 1123 Nec
1108 1061 1217 1124 sideris
1239 1065 1349 1128 radius

276 1165 361 1205 suam
393 1145 506 1204 minuit
536 1141 726 1219 claritatem,
759 1163 816 1203 nec
847 1144 960 1226 virgini
979 1139 1064 1204 filius
1081 1163 1165 1206 suam
1185 1148 1350 1233 integrita-

100 1244 252 1287 ΜΗ·
268 1214 346 1290 'tem
389 1229 460 1310 lpsa
484 1239 536 1297 est,
549 1228 645 1310 igitur
668 1225 783 1287 nobilis
803 1226 856 1286 illa
870 1226 957 1312 stella
974 1247 1009 1286 ex
1032 1227 1130 1288 Jacob
1150 1243 1231 1307 orta,
1253 1235 1347 1315 cujus

278 1312 383 1373 radius
401 1314 577 1374 universum
603 1309 711 1370 orbem
735 1309 902 1374 illuminat:
925 1311 1016 1391 cujus
1038 1310 1187 1395 splendor
1207 1329 1238 1376 et
1253 1339 1349 1399 prae-

278 1396 377 1480 fulget
394 1396 427 1457 in
445 1396 603 1480 supernis,
633 1407 665 1455 et
680 1393 797 1455 inferos
811 1407 971 1478 penetrat,
1003 1407 1101 1456 terras
1126 1399 1216 1460 etiam
1239 1401 1348 1483 perlu-

278 1495 402 1557 strans,
432 1493 464 1541 et
492 1479 672 1540 calefaciens
700 1469 795 1562 magii
817 1492 931 1540 mentes
964 1499 1054 1561 quam
1073 1500 1230 1563 corpora,
1261 1484 1347 1547 foret

113 1584 185 1642 atreo
200 1579 267 1622 not·
276 1569 423 1638 virtutes,
445 1565 592 1645 excoquit
616 1564 701 1624 vitia.
742 1564 813 1648 Ipsa
840 1566 966 1644 inquam
987 1576 1033 1623 est
1053 1565 1210 1646 praeclara
1234 1581 1263 1628 et
1283 1573 1347 1630 exi·

103 1639 146 1677 ‘¹⁸’
277 1652 337 1710 mia
363 1648 580 1732 stella,super
606 1647 669 1708 hoc
701 1668 785 1707 mare
803 1667 850 1707 ma
873 1669 945 1708 num
962 1659 993 1707 et
1014 1651 1184 1731 spatiosum
1206 1671 1347 1714 necessa·

277 1737 326 1795 rio
345 1733 517 1808 sublevata,
549 1738 663 1793 micans
685 1733 819 1807 meritis,
842 1669 1000 1792 iilustrare
1020 1731 1173 1814 exemplis.
1217 1734 1348 1818 Oquis-

278 1821 347 1900 quis
380 1829 411 1877 te
448 1816 592 1899 intelligis
624 1818 657 1875 in
681 1815 776 1896 hujus
805 1814 917 1895 sacculi
945 1836 1005 1899 pro
1031 1813 1127 1877 fluvio
1149 1824 1242 1904 magis
1264 1822 1346 1882 inter

198 1942 213 1953 κ
276 1901 431 1985 procellas
462 1913 492 1961 et
509 1911 700 1983 tempestates
728 1897 901 1977 fluctuare,
924 1921 1015 1981 quam
1034 1921 1092 1997 per
1103 1913 1215 1963 terram
1237 1904 1348 1966 ambu-

278 1987 357 2046 lare:
388 2006 426 2044 ne
454 1997 571 2045 avertas
599 1982 708 2055 oculos
727 2003 744 2043 a
760 1982 883 2065 fulgore
905 1983 999 2065 hujus
1023 1984 1152 2077 sideris,
1174 1989 1199 2048 si
1222 2008 1286 2049 non
1300 1991 1345 2050 vis

128 2081 263 2144 tnyoennda
280 2069 374 2131 obrui
393 2067 550 2151 procellis.
593 2067 626 2126 Sr
642 2071 802 2150 insurgant
819 2071 898 2128 renti
917 2069 1184 2147 tentationumffiti
1202 2073 1347 2134 incurras

105 2141 270 2236 ,ἆῖξίζῖἷῖἶῖ
279 2153 427 2236 scopulos
445 2150 699 2213 tribulationum:
729 2153 847 2232 respice
870 2151 1006 2229 stellam,
1038 2173 1114 2213 voca
1128 2150 1266 2234 Maiiam.
1313 2157 1346 2220 Si

105 2233 197 2274 :tenus
279 2239 404 2321 jactaris
427 2235 590 2319 superbiae
616 2235 730 2311 undis,
766 2237 792 2296 si
810 2235 1002 2312 ambitionis,
1024 2237 1051 2297 si
1072 2235 1293 2316 detractionis,
1320 2244 1346 2304 si

212 2369 214 2374 ,
281 2322 512 2382 aemulationis:
550 2321 667 2407 respice
694 2317 827 2397 stellam,
862 2321 939 2382 voci
956 2321 1092 2393 Mariam.
1134 2321 1348 2386 Siiracundia

278 2419 331 2468 aut
352 2407 499 2482 avaritia,
517 2417 570 2467 aut
587 2410 687 2466 carnis
711 2402 857 2466 illecebra
875 2404 1053 2479 naviculam,
1064 2411 1348 2477 concusseritmen·

254 2514 257 2523 ¹
277 2493 339 2565 tis,
364 2495 481 2570 respice
500 2489 539 2551 ad
562 2489 701 2550 Mariam.
744 2490 776 2550 Si
798 2492 961 2550 criminum
980 2491 1173 2551 immanitate·
1192 2491 1346 2570 turbatus,

246 2627 250 2636 .
271 2576 483 2636 eonscientiae
504 2573 653 2634 foeditate
667 2573 834 2650 confusus,
854 2574 967 2654 judicii
989 2573 1125 2635 horrore
1146 2579 1342 2658 perterritus,

279 2657 431 2720 barathro
455 2660 583 2739 incipias
595 2656 757 2719 absorberi
786 2661 945 2732 tristitiae,
973 2658 1195 2741 desperationis
1217 2658 1347 2736 abysso:

149 2806 151 2811 ⁴
281 2741 383 2826 cogita
408 2744 546 2804 Mariam.
588 2742 625 2801 In
644 2742 814 2824 periculis,
834 2745 865 2802 in
887 2744 1048 2826 angustiis,
1066 2744 1097 2801 in
1116 2742 1209 2803 rebus
1231 2744 1346 2824 dubiis,

104 2894 106 2897 ¹
122 2829 410 2911 resonantiarum
434 2829 551 2909 cogita,
569 2826 698 2887 Mariam
717 2828 835 2888 invoca.
877 2826 948 2888 Non
969 2826 1094 2888 recedat
1112 2827 1152 2889 ab
1182 2849 1257 2905 ore,
1281 2851 1346 2891 non

104 2891 270 2980 fflssiiiiiss
284 2911 407 2972 recedat
439 2932 457 2970 a
486 2910 598 2986 corde,
622 2923 653 2969 et
681 2922 716 2971 ut
738 2912 880 2993 impetres
902 2912 969 2993 ejus
988 2913 1137 2973 orationis
1156 2913 1362 2999 suffragium,

104 2999 271 3078 ξζςβξοζπζ
285 3017 346 3056 non
365 2995 485 3055 deseras
510 2996 752 3055 conversationis
776 2995 952 3078 exemplum.
996 2996 1098 3079 Ipsam
1116 3016 1263 3076 renuens,
1283 3020 1346 3060 non

106 3088 206 3180 wippa
223 3101 257 3127 οι·
283 3081 401 3139 devias:
431 3082 527 3163 ipsam
549 3098 679 3161 rogans,
709 3099 773 3139 non
792 3079 952 3161 desperas:
977 3081 1074 3163 ipsam
1092 3083 1251 3163 cogitans,
1282 3103 1347 3143 nou

106 3147 155 3190 ’ω’
169 3150 214 3178 '¹⁰¹‘
282 3184 375 3224 erras.
418 3164 489 3246 Ipsa
515 3176 636 3224 tenente
663 3181 726 3222 non
755 3166 893 3242 corruis,
921 3167 986 3246 ipsa
1004 3176 1185 3247 protegente
1202 3186 1266 3226 non
1282 3188 1348 3226 me

280 3250 360 3325 tuis,
386 3251 452 3330 ipsa
482 3248 559 3310 duce
584 3267 647 3307 oon
668 3246 863 3331 defatigans,
894 3251 959 3332 ipsa
976 3240 1114 3392 propitia
1132 3253 1289 3331 pervenis,
1317 3262 1348 3314 et

280 3353 324 3394 sic
345 3335 375 3395 in
398 3344 491 3393 temet
509 3335 577 3415 ipso
596 3332 762 3412 experiris,
782 3354 875 3416 quam
895 3335 1005 3395 merito
1047 3345 1142 3396 :ctum
1153 3335 1215 3412 sit,
1242 3347 1274 3396 et
1286 3356 1348 3395 no-

278 3438 347 3483 men
371 3419 497 3500 virginis
517 3417 624 3479 Maria.

363 3513 392 3568 o.
435 3496 693 3561 AUGUSTINUS
728 3500 825 3564 Serm.
856 3515 885 3569 2.
918 3499 957 3563 dc
992 3512 1119 3564 annunt.
1152 3501 1268 3580 Dom,
1309 3514 1348 3563 ut

281 3605 376 3669 supra
391 3597 506 3667 quaest.
534 3598 582 3652 15.

128 3663 240 3710 ‘'mm'’
367 3683 396 3736 1.
421 3669 453 3729 Β.
497 3666 731 3732 AMBROSIUS
752 3668 785 3728 iu
812 3680 840 3735 1.
856 3667 950 3731 Luc:
990 3668 1071 3729 Bene
1085 3667 1151 3729 sola
1169 3669 1269 3750 gratia
1280 3665 1350 3751 ple·

104 3725 171 3765 vam
190 3715 256 3754 nulla

103 3763 269 3856 ffliffflss„
281 3774 321 3814 na
344 3753 479 3829 dicitur,
517 3773 595 3834 quae
624 3751 692 3814 sola
713 3754 857 3837 gratiam,
891 3774 985 3835 quam
1003 3753 1090 3813 nulla
1108 3753 1168 3831 alia
1184 3763 1350 3828 meruerat,

103 3867 183 3906 tansi.
282 3848 446 3899 consecuta
464 3848 532 3912 est,
548 3850 584 3897 ut
601 3840 716 3919 gratiae
735 3836 909 3919 repleretur
932 3852 1069 3899 auctore.

368 3934 395 3987 1.
410 3921 450 3980 D.
493 3918 726 3983 AMBROSIUS
750 3923 852 4006 in.ep.
869 3935 919 3990 81.
939 3922 976 3983 ad
1000 3922 1099 3999 Syrie.
1118 3920 1174 4001 P.,
1202 3941 1289 4005 supr.
1314 3918 1353 3981 de

281 4004 386 4083 Symb.
404 4017 520 4086 quaest
543 4018 591 4071 10.
608 4006 669 4065 Lit.
687 4003 724 4069 A.

365 4103 397 4156 2.·
444 4087 715 4152 HIERONYMUS
759 4087 828 4150 adv.
866 4087 986 4150 Helvid.
1019 4085 1137 4171 probat
1168 4099 1354 4172 perpetuam

279 4175 486 4257 virginitatem
515 4173 648 4251 Mariae,
699 4186 731 4239 et
765 4185 945 4261 argumenta
979 4175 1137 4238 conumia
1170 4172 1290 4236 reluat
1319 4192 1355 4234 es

282 4257 439 4346 professo.
1128 4302 1137 4310 -
