2768 4762
241 415 348 491 aaa.
560 412 639 481 nu>
663 372 924 478 cannara
945 412 1023 481 aa

264 598 383 662 laveris.
404 598 443 662 in
472 598 531 662 viis
552 598 640 682 ejus„
655 597 898 683 --Videhuntque
919 619 1025 664 omnes
1042 612 1200 667 terrarum
1220 607 1347 693 populi,

263 706 497 791 quod-nomen
525 709 659 773 Domini·
675 711 852 772 invocatum
873 711 914 771 sit
932 722 1100 799 superte,
1132 724 1164 774 ct
1185 714 1343 777 timebunt

262 826 305 876 te.
354 811 527 878 Abundare
559 827 592 879 te
611 815 707 879 faciet
727 819 882 878 Dominus
903 815 1048 880 omnibus
1074 816 1190 898 bonis,
1231 822 1341 886 sanctu

262 924 346 985 uteri
365 903 440 999 =tui,
475 932 507 986 et
534 920 644 986 fructu
673 924 888 1006 jumentorum
915 937 1068 1003 tuorum,
1103 926 1212 988 fructu
1238 941 1340 992 terrae

263 1043 353 1108 tuae,
385 1045 478 1114 quam
498 1028 618 1111 juravit
644 1031 798 1101 Dominus
818 1032 968 1095 Patribus
989 1037 1068 1110 tuis,
1101 1045 1138 1095 ut
1160 1034 1251 1097 daret
1272 1039 1340 1098 tibi.

262 1137 397 1221 Aperiat
421 1137 590 1201 Dominus*
607 1126 786 1201 thesamum
816 1163 904 1202 suum
936 1142 1091 1223 optimum
1099 1150 1113 1219 ,'
1143 1141 1284 1218 caelum,
1307 1157 1342 1206 ut

262 1247 384 1311 tribuat
406 1245 543 1330 pluviam
566 1237 669 1313 terrae
693 1246 764 1311 tua'e
784 1249 817 1308 in
837 1259 978 1332 tempore
1001 1268 1080 1308 suo:
1109 1247 1340 1333 benedicetque

265 1356 385 1417 cunctis
409 1351 724 1445 operibusmannum
756 1368 904 1435 tuarum,
936 1367 968 1418 et
995 1354 1172 1418 foenerabis
1195 1357 1339 1440 gentibus

229 1476 233 1487 “
265 1460 387 1540 multis,
421 1473 452 1521 et
472 1462 538 1545 ipsc
557 1481 574 1522 a
592 1460 680 1522 nullo
703 1463 815 1523 foenus
837 1465 977 1547 accipies.
1022 1463 1197 1525 Constituet
1218 1477 1250 1526 te
1271 1465 1339 1527 Do·

265 1571 367 1651 minua
391 1569 424 1631 in
449 1542 697 1652 caputsetnon
719 1570 751 1631 in
773 1569 922 1650 caudam,
955 1583 986 1632 et
1007 1573 1067 1632 eris
1088 1590 1210 1656 semper
1230 1594 1336 1650 snpra,

265 1688 298 1739 et
315 1654 381 1750 uon
398 1673 527 1736 subtcrx
558 1676 588 1737 si
609 1688 710 1760 tamen
731 1676 866 1756 audieris
885 1678 1027 1741 mandata
1048 1678 1176 1742 Domini
1195 1680 1254 1743 Dei
1277 1682 1336 1758 tui,

266 1804 346 1867 quae
380 1803 437 1867 ego
470 1782 718 1867 praecipio‘tibi
747 1783 858 1862 hodie,
893 1799 925 1847 et
946 1785 1132 1854 custodieris
1164 1799 1196 1849 et
1216 1787 1340 1865 feceris,

265 1911 301 1952 ac
333 1912 396 1953 non
420 1890 620 1957 declinaveris
641 1891 682 1954 ab
713 1885 778 1969 eis,
800 1911 857 1953 nec
879 1893 918 1955 ad
939 1893 1100 1975 dextram,
1122 1916 1179 1956 nec
1200 1894 1240 1957 ad
1261 1897 1340 1957 sini-

264 2012 383 2078 stram,
401 2018 458 2059 neu
477 2014 600 2065 secutus
620 2001 716 2065 literis
732 1997 816 2061 Deos
831 1999 964 2081 alienos,
988 2023 1087 2087 neque
1108 2001 1244 2065 colueris
1272 2021 1336 2062 eos.

346 2128 496 2192 Eaecla.
518 2129 683 2196 XXXVLa
705 2128 910 2193 Dabo.vobis
932 2153 1140 2208 cornorum,
1176 2143 1206 2190 et
1230 2131 1340 2214 Spiri-

262 2241 330 2300 tum
354 2238 468 2301 norum
499 2236 614 2322 ponam
640 2240 672 2298 in
693 2236 931 2317 medio'vestri,
959 2244 991 2302 ot
1009 2239 1147 2301 auferam
1169 2215 1225 2298 bor
1254 2237 1338 2321 lapi-

264 2347 356 2408 deum
388 2347 426 2408 de
455 2352 549 2417 oaine
577 2355 698 2422 vestra,
733 2358 764 2408 et
797 2346 882 2411 dabo
903 2330 993 2410 vobis
1011 2367 1070 2410 cor
1089 2366 1251 2410 carneum.
1296 2344 1337 2404 Et

261 2454 416 2543 spiritum
453 2476 554 2519 meum
583 2473 697 2539 ponam
729 2448 762 2515 in
799 2454 1022 2557 medio'vestri
1041 2467 1101 2517 ete.
1120 2453 1156 2514 nt
1184 2455 1334 2513 intentu.

262 2565 305 2626 Et
318 2565 497 2628 habitabitis
519 2562 552 2623 in
573 2574 667 2640 terra,
690 2581 783 2646 qnam
805 2562 877 2625 dedi
897 2563 1039 2647 patribus
1060 2561 1183 2623 vestris:
1206 2560 1335 2619 eteritis

261 2672 339 2737 mihi
360 2676 392 2733 in
413 2669 596 2757 populum„
618 2682 650 2731 et
670 2691 727 2755 ego
749 2693 806 2732 ero
825 2652 914 2732 vobis
938 2671 971 2731 in
991 2670 1101 2732 Deum.
1144 2667 1188 2727 Et
1208 2665 1333 2729 salvabo

263 2800 319 2842 vos
350 2802 385 2841 cx
413 2779 561 2863 universis
584 2779 822 2860 inquinamentis
843 2778 971 2840 vestris:
1001 2788 1033 2836 et
1052 2772 1174 2836 vocabo
1198 2766 1337 2834 frumen-

263 2900 330 2950 tum
349 2898 379 2948 et
407 2880 621 2966 multiplicabo
641 2884 747 2964 illud,
777 2899 808 2946 ct
832 2906 895 2947 non
916 2886 1073 2968 imponam
1101 2882 1192 2943 vobis
1217 2882 1337 2944 famem.

233 3030 237 3038 ·
264 2995 309 3058 Et
336 2991 552 3075 multiplicabo
584 2993 723 3054 fructum
749 2992 842 3076 ligni,
872 2997 903 3056 el
924 2994 1077 3079 garriamus
1098 2993 1182 3076 agri:
1215 3002 1337 3053 utnon

260 3103 395 3188 portetis
416 3099 499 3161 ultra
520 3099 728 3184 opprobrium
751 3099 838 3160 samis
858 3102 889 3161 in
911 3099 1075 3162 Gentibus.

347 3208 400 3269 Et
420 3206 492 3268 XL:
522 3207 614 3269 Dabo
636 3209 679 3267 eis
700 3227 757 3267 cor
777 3228 888 3286 unum,
924 3221 954 3269 et
975 3208 1120 3291 spiritum
1140 3221 1259 3263 novum
1280 3201 1340 3261 tri·

264 3311 421 3377 batam-in
453 3313 631 3376 uisceribus·
657 3330 783 3376 coruma
819 3328 850 3376 et
884 3314 1020 3376 anferam
1042 3331 1098 3374 cor
1122 3308 1280 3401 lapideum
1302 3307 1340 3367 de

266 3442 358 3482 carne
391 3444 499 3487 eorum
512 3467 522 3500 ,
555 3432 586 3482 et
606 3418 688 3482 dabo
717 3424 760 3484 cis
788 3445 846 3484 cor
868 3441 1032 3498 carneum,
1053 3422 1142 3481 utin
1163 3418 1339 3503 praeceptis

264 3533 342 3592 meis
360 3529 554 3614 ambulent&
572 3540 603 3590 et
622 3529 742 3610 judicia
762 3552 829 3592 mea
850 3530 1041 3608 custodiant,
1075 3529 1253 3609 faciantque
1286 3544 1340 3586 eat

264 3650 296 3701 et
316 3642 379 3701 sint
399 3638 474 3699 mihi
496 3639 528 3697 in
548 3637 726 3722 populum,
749 3653 780 3700 et
801 3661 858 3724 ego
881 3643 937 3700 sim
959 3641 1002 3699 eis
1025 3641 1057 3698 in
1078 3639 1187 3697 Deum.

263 3759 266 3764 ·
347 3743 485 3807 Matth.
505 3744 586 3812 xt..·
604 3744 716 3808 Venite
738 3747 848 3811 adme
872 3768 999 3824 omnes,
1031 3748 1085 3828 qui
1108 3742 1282 3821 laboratis,
1313 3750 1344 3798 et-

261 3855 386 3916 ·onerati
418 3853 506 3932 estis,
535 3865 566 3915 et
597 3874 654 3938 ego
685 3853 822 3918 reficiam
852 3877 918 3917 vos.
973 3851 1090 3914 Tollite
1109 3854 1219 3935 jugum
1240 3864 1343 3908 meum

264 3975 458 4045 supervos,
480 3975 512 4025 et
533 3964 641 4024 discite
662 3984 679 4024 a
701 3984 768 4042 me,
790 3965 862 4046 quia
883 3963 965 4023 mitis
988 3983 1056 4023 sum
1074 3973 1106 4023 et
1126 3955 1253 4020 humilis
1267 3973 1345 4015 cor-

192 4074 195 4081 '
268 4068 325 4130 dea
356 4080 386 4130 et
410 4071 569 4132 invenietis
600 4074 736 4153 requiem
768 4066 926 4131 animabus
947 4071 1068 4132 vestris.
1124 4068 1241 4150 Jugum
1263 4063 1347 4122 enim

268 4194 370 4237 meum
392 4196 484 4238 suave
511 4189 579 4257 est,
598 4190 629 4240 ot
648 4198 728 4239 onus
748 4197 849 4238 meum
875 4175 948 4238 leve.

356 4282 381 4346 1.
403 4284 421 4346 J
429 4304 540 4349 oann
561 4284 619 4351 V.=
655 4287 693 4350 ln
714 4282 777 4347 hoo
797 4288 1034 4368 cognoscimus,
1068 4279 1217 4367 quoniam
1238 4272 1350 4358 diligi·
