2768 4762
214 337 292 429 aro
396 363 398 366 -
521 290 976 424 nn‘crnirarnnr

218 514 346 577 labunt:
373 537 437 578 non
462 515 692 579 clamabuntin
715 526 839 599 gutture
860 531 929 575 suo.
982 509 1102 573 Similes
1122 511 1186 576 illis
1206 513 1298 599 fient,

220 626 275 704 qui
298 623 419 686 faciunt
446 644 497 703 ea,
518 637 552 685 et
571 645 699 702 omnes,
722 625 777 705 qui
800 619 964 684 confidunt
985 623 1017 681 in
1038 624 1089 682 eis.

245 843 253 853 ,
305 776 359 838 Et
380 776 572 841 cxxxlv.=
605 768 776 838 simulacra
798 778 938 861 gentium¹
955 789 1114 861 argentum
1136 790 1168 839 et
1186 798 1300 840 aurum
1336 851 1339 861 1

222 896 284 946 etc.
324 872 433 968 Nebue
450 887 535 948 enim
558 899 604 947 est
624 889 752 971 spiritus
774 886 805 945 in
825 906 881 946 ore
903 888 1050 971 ipsorum.
1136 875 1144 904 ”

306 1015 331 1081 Ι.
354 1015 441 1077 Cor.
462 1015 522 1076 K:
556 1013 663 1098 Neque
686 1014 871 1077 idololatrae
896 1013 1093 1092 efficiamini,
1124 1017 1209 1076 sieut
1225 1017 1301 1099 qui-

224 1122 294 1185 dam
313 1145 348 1183 er
368 1124 459 1208 ipsis=
494 1123 754 1204 quemadmodum
775 1125 926 1206 seriptum
948 1131 1011 1182 est:
1051 1120 1138 1183 Sedit
1158 1124 1300 1208 populus

223 1229 408 1292 manducare
431 1241 462 1289 et
481 1227 589 1289 bibere
602 1238 617 1307 ,'
640 1243 671 1291 et
690 1241 890 1291 surrexerunt
910 1228 1026 1290 ludere.
1115 1288 1121 1304 l

304 1360 360 1421 Et
378 1359 486 1421 VllL:
519 1360 567 1421 De
595 1363 672 1422 escis
698 1373 824 1437 autem,
859 1380 938 1441 quae
973 1357 1066 1423 idolis
1087 1355 1301 1434 immolantur,

112 1509 114 1517 ν
224 1470 359 1545 scimus,
397 1469 471 1548 quia
490 1467 641 1558 nihilest
668 1467 788 1528 idolum
808 1469 846 1527 in
868 1465 1001 1539 mundo,
1034 1479 1065 1527 et
1085 1465 1173 1547 qnod
1197 1464 1302 1527 nullus

225 1588 271 1637 est
301 1576 419 1652 Deus,
445 1576 502 1637 nisi
532 1596 622 1636 unns.
673 1575 750 1637 Nam
780 1576 837 1636 etsi
862 1586 955 1652 sunt,
990 1575 1046 1655 qui
1070 1573 1215 1634 dicantur
1241 1573 1298 1650 dii,

224 1662 289 1744 sive
313 1684 346 1743 in
387 1680 494 1757 caelo,
524 1686 587 1744 sive
614 1684 647 1743 in
675 1695 776 1759 terra,
799 1680 967 1764 (siquidem
986 1693 1061 1742 sunt
1082 1681 1126 1741 dii
1153 1679 1239 1741 multi
1264 1693 1298 1741 et

72 1804 76 1809 ’
153 1838 157 1842 .
226 1789 344 1854 domini
374 1789 480 1871 multi)
501 1789 593 1852 nobis
619 1802 720 1850 tamen
739 1811 820 1851 unus
839 1790 943 1866 Deus,
964 1801 1065 1872 pater,
1087 1809 1121 1848 ex
1152 1809 1216 1870 quo
1228 1807 1296 1848 om·

224 1901 277 1960 nia
309 1910 342 1959 et
364 1917 421 1958 nos
456 1899 489 1958 in
513 1895 585 1958 illo:
620 1907 652 1956 et
673 1916 755 1958 unus
775 1897 928 1959 Dominus
947 1895 1066 1956 JESUS
1089 1895 1299 1971 CHRISTUS,

225 2018 258 2072 et
275 2026 333 2066 nos
361 2024 420 2088 per
445 2005 554 2087 ipsum.

308 2135 392 2194 Lev.
414 2130 531 2192 XXVI.
541 2119 554 2190 e
579 2129 651 2193 Non
681 2132 800 2193 facietis
832 2132 922 2195 robis
943 2133 1059 2196 idolum
1083 2145 1114 2194 et
1137 2132 1299 2218 sculptile,

225 2262 283 2304 neo
309 2236 420 2304 titulos
449 2240 588 2323 erigetis,
620 2261 677 2302 nec
695 2243 844 2324 insignem
871 2240 1005 2327 lapidem
1027 2243 1148 2325 ponetis
1174 2243 1209 2302 in
1235 2255 1298 2303 ter·

224 2364 257 2412 ta
298 2361 417 2426 restra,
462 2359 498 2408 ut
538 2338 679 2411 adoretis
704 2369 784 2415 eum.
838 2347 907 2434 Ego
939 2351 1018 2410 enim
1046 2369 1113 2411 sum
1141 2349 1292 2410 Dominus

223 2456 309 2519 Deus
332 2469 441 2518 vester.

308 2587 431 2650 Exod.
450 2572 567 2648 XXV.:
588 2587 676 2650 Duos
694 2609 822 2673 quoque
848 2587 1018 2649 Cherubim
1039 2572 1150 2648 aureos
1176 2597 1208 2645 et
1218 2606 1294 2668 pro·

225 2694 359 2757 duetiles
383 2696 478 2759 faoies
503 2716 538 2757 ex
561 2706 694 2778 utraque
725 2707 814 2781 parte
831 2697 960 2757 oraculi.
1003 2693 1132 2756 Cherub
1152 2714 1234 2753 unus
1257 2693 1295 2752 sit

223 2803 257 2864 in
279 2803 374 2866 latere
394 2825 484 2886 uno,
520 2817 552 2866 et
574 2804 653 2866 alter
675 2807 707 2865 in
730 2805 840 2870 altero.
891 2805 1065 2887 Utrumque
1085 2802 1165 2863 latus
1185 2801 1296 2885 propi·

223 2911 344 2972 tiatorii
372 2923 493 2994 tegant,
536 2911 740 2996 expandentes
770 2911 832 2972 alas
858 2923 890 2972 et
921 2914 1093 2996 operientes
1124 2893 1294 2984 oraculum,

136 3058 140 3062 -
224 3012 454 3101 respiciantque
484 3040 516 3081 se
551 3032 662 3080 mutuo
683 3023 777 3081 versis
804 3016 944 3078 vultibus
971 3019 1003 3077 in
1028 3018 1294 3101 propitiatorium,

224 3145 289 3207 quo
317 3125 487 3209 operienda
517 3138 563 3188 est
580 3148 682 3204 arca,
706 3128 738 3186 in
762 3146 824 3210 qua
842 3145 941 3209 pones
963 3127 1188 3202 testimonium,
1209 3121 1296 3206 quod

223 3229 307 3294 dabo
340 3232 410 3295 tibi.
452 3233 530 3296 Inde
557 3235 746 3318 praecipiam
768 3246 799 3294 et
821 3231 935 3314 loquar
957 3233 996 3293 ad
1017 3246 1047 3293 te
1067 3252 1161 3315 supra
1186 3233 1298 3316 propi-

222 3341 400 3418 tiatorium,
436 3360 472 3404 ao
508 3340 546 3402 de
570 3341 673 3403 medio
696 3341 831 3402 duorum
846 3339 1033 3416 Cherubim,
1057 3342 1111 3421 qui
1132 3352 1225 3400 erunt
1246 3359 1299 3398 su·

220 3467 279 3529 per
311 3469 414 3509 aream
438 3451 625 3524 testimonii,
665 3461 774 3510 cuncta
818 3468 908 3538 quae·
929 3445 1083 3509 mandabo
1120 3467 1178 3531 per
1208 3459 1240 3507 te
1258 3442 1297 3506 u»

221 3551 269 3614 liis
292 3554 397 3618 Israel.
1099 3542 1102 3557 ¹

303 3687 353 3748 Et
374 3687 557 3752 xxxva:
592 3688 681 3748 Duos
705 3668 795 3748 etiam
826 3684 994 3747 Cherubim
1029 3707 1064 3746 ex
1092 3705 1169 3746 auro
1190 3682 1298 3744 ducti·

215 3791 265 3872 li,
293 3796 376 3878 'quos
397 3800 505 3880 posuit
525 3817 559 3856 er
578 3808 711 3877 utraque
730 3807 819 3879 parte
842 3796 1076 3879 propitiatorii,
1109 3789 1237 3852 Cherub
1260 3813 1299 3851 u·

217 3921 292 3960 num
327 3905 358 3962 in
392 3906 564 3964 summitate
599 3905 692 3963 unius
725 3904 845 3986 portis,
882 3916 912 3963 et
946 3901 1072 3963 Cherub
1109 3898 1242 3960 alterum
1264 3899 1296 3956 in

218 4009 390 4068 summitate
417 4012 515 4093 partis
537 4010 681 4093 alterius:
716 4010 797 4071 duos
814 4009 982 4069 Cherubim
1003 4012 1034 4069 in
1056 4005 1186 4091 singulis
1208 4009 1295 4065 sum·

216 4111 375 4173 mitatibus
402 4118 636 4200 propitiatorii,
665 4117 859 4180 extendentes
885 4117 965 4195 alas,
991 4131 1021 4179 et
1051 4127 1188 4201 tegentes
1214 4133 1298 4197 pro-

215 4221 428 4303 pitiatorium,
450 4244 542 4306 seque
564 4240 674 4289 mutuo
700 4238 732 4288 et
761 4225 840 4287 illud
871 4227 1078 4311 respicientes.
1110 4257 1115 4263 ·
1175 4298 1179 4305 r
