2768 4762
285 398 368 471 uo
532 391 615 453 nn
665 382 1114 453 rnancnrrrs

371 574 656 641 Matth.xv11.=
679 573 814 634 Etcum
835 572 988 632 venissent
1004 568 1250 655 capharnaum,
1272 594 1361 638 acass-

288 701 415 764 serunt,
444 688 499 768 qni
531 681 712 743 didrachma
747 679 956 764 accipiebant,
992 676 1033 739 nd
1052 676 1211 755 Petrum,
1238 693 1271 741 et
1293 682 1359 743 dia-

288 786 364 835 runt
386 774 428 832 ci:
449 771 596 853 Magister
617 779 717 826 vester
736 786 801 826 non
822 762 920 825 solvit'
937 760 1137 859 didrachma?
1160 762 1241 824 Ait:
1265 764 1359 829 Etiam

288 880 332 942 Et
370 901 441 940 cum
485 880 628 938 intrasset
671 877 703 934 in
738 873 886 950 domum,
928 872 1087 954 praevenit
1116 854 1193 930 enm
1235 873 1360 953 JltstJS,

289 987 411 1048 dicens:
448 985 534 1067 Quid
556 983 615 1044 tibi
636 981 780 1058 videtur,
809 978 944 1039 Simoni
986 980 1082 1063 Reges
1103 992 1237 1060 terrae,
1267 986 1363 1065 eqni·

288 1095 348 1156 bus
385 1094 543 1176 accipiunt
570 1089 724 1152 tributum
754 1086 802 1147 vel
838 1087 986 1147 censum?
1006 1109 1025 1148 a
1050 1084 1125 1147 filiis
1157 1088 1252 1166 suis,
1275 1091 1360 1152 anab

288 1200 417 1261 alicnis?
460 1199 502 1259 Et
525 1197 577 1257 ille
605 1197 697 1258 dixit:
728 1193 778 1254 Ab
802 1194 919 1261 alicnis.
961 1194 1046 1254 Dixit
1067 1192 1117 1254 illi
1138 1195 1258 1264 Jesust
1289 1200 1360 1285 Erp

291 1306 383 1367 liberi
417 1319 488 1367 sunt
516 1303 583 1364 filii.
634 1306 676 1363 Ut
706 1313 808 1362 autem
837 1321 901 1362 non
930 1300 1176 1366 scandalizemus
1198 1327 1277 1386 eos,
1299 1312 1361 1373 vada

288 1412 329 1474 ad
360 1433 460 1490 mare,
494 1424 525 1473 et
558 1413 644 1471 mitte
672 1409 813 1470 hamum:
848 1420 879 1469 et
899 1428 969 1468 enm
989 1411 1129 1493 piscem,
1171 1416 1233 1496 qui
1254 1420 1359 1501 primm

287 1519 481 1596 ascenderit,
521 1517 616 1582 tolle:
650 1530 681 1579 et
709 1529 818 1601 aperto
843 1537 898 1576 ore
922 1514 1010 1599 ejus,
1041 1518 1186 1593 invenies
1213 1535 1358 1587 atatem:

289 1625 377 1686 illum
397 1646 536 1702 sumens,
559 1624 598 1686 da
621 1626 662 1685 eis
683 1644 744 1708 pro
767 1643 814 1683 me
835 1634 866 1686 et
886 1614 931 1684 te}

372 1732 463 1794 Luc.
488 1733 611 1792 xxm:
632 1730 686 1792 Ait
707 1725 808 1791 autem
819 1729 972 1790 Dominnt
989 1728 1132 1794 Simoni:
1156 1733 1280 1817 Simon,
1301 1760 1355 1801 eoae

279 1838 413 1901 Satanas
442 1841 587 1922 expetivit
617 1860 688 1915 vos,
730 1851 765 1899 ut
799 1837 952 1898 cribraret
981 1839 1064 1899 sicut
1096 1843 1253 1906 triticum.
1302 1848 1353 1931 Epa

285 1961 390 2007 antem
418 1949 524 2029 rogavi
540 1968 605 2028 pro
631 1958 677 2021 te,
714 1959 750 2005 nt
772 1967 835 2006 non
857 1943 982 2007 deficiat
1000 1943 1080 2007 fides
1100 1959 1180 2010 tna:
1201 1965 1235 2013 et
1254 1965 1290 2014 tn
1311 1954 1353 2015 aii·
1377 1994 1380 1999 -

289 2053 416 2136 quando
440 2072 628 2128 conversus,
652 2048 800 2111 confirma
824 2052 935 2111 fratres
957 2064 1040 2114 tuos.

371 2158 513 2219 Matth.
536 2159 595 2218 X.:
627 2156 801 2217 Duodecim
838 2170 937 2218 autem
969 2158 1191 2243 Apostolorum
1233 2168 1353 2227 nomim

288 2278 361 2326 sunt
390 2266 484 2328 haec:
519 2262 642 2327 Primus
666 2265 789 2343 Simon,
813 2267 867 2348 qui
889 2265 1004 2327 dicitur
1023 2267 1157 2349 Petras,
1179 2271 1341 2333 etAndru

288 2373 386 2436 frater
407 2377 475 2457 ejus
502 2388 580 2452 etc.¹

369 2483 507 2543 Joann.
531 2484 579 2543 1.=
612 2481 748 2542 Intuitus
774 2494 964 2543 autemeam
989 2483 1100 2563 Jesus,
1138 2484 1238 2548 dixit:
1264 2484 1304 2545 Ta
1320 2504 1345 2543 es

160 2603 163 2612 ·
236 2642 239 2647 .
287 2586 394 2651 Simon
434 2588 518 2652 filins
544 2591 639 2653 Jona:
672 2602 709 2651 tn
728 2588 889 2651 vocaberis
923 2589 1062 2674 Cephasa
1097 2594 1196 2677 qnod
1217 2596 1344 2676 interpro-

287 2708 372 2757 tatur
389 2696 510 2759 Petrus.

368 2801 448 2865 Act
478 2806 524 2866 L:
558 2806 597 2866 In
633 2803 743 2865 diebus
775 2800 825 2863 bis'
860 2822 1022 2886 exsurgens
1056 2804 1178 2870 Petrna
1214 2811 1248 2870 in
1266 2804 1339 2868 media

284 2911 440 2988 fratrum,
472 2911 567 2974 dixitt
607 2911 676 2975 Viri
704 2913 837 2986 fratres,
868 2922 997 2994 oportet
1026 2912 1158 2998 impleri
1180 2919 1338 3001 scriptam

283 3030 316 3079 et
347 3031 476 3080 caetera.

281 3238 489 3312 ramim
533 3238 860 3336 ΤΕεΤιΜοΝιΑς
880 3239 946 3309 nn
988 3200 1228 3317 ras'ronn
1263 3240 1338 3317 mr

540 3360 779 3434 versa-ns
817 3362 1098 3436 nccnnsran.

105 3536 274 3614 senueritis.
370 3539 398 3594 1.
421 3527 458 3590 A.
501 3529 828 3591 CHRYSOSTOMUS
850 3529 884 3589 L.
907 3530 949 3592 ll.
973 3531 1011 3592 de
1039 3530 1196 3596 Sacerd..·
1229 3536 1339 3615 Qun!

105 3589 183 3684 {¹122ss
202 3594 263 3696 ,Ἢ
286 3608 325 3669 de
344 3632 434 3672 cansa
456 3613 536 3673 idem
560 3615 612 3674 ille
635 3618 810 3697 sanguinem
832 3613 942 3674 effudit
955 3616 1070 3676 suum?
1092 3602 1339 3705 ceiteutpectb

104 3697 246 3775 222‘22222·
286 3715 334 3753 eas
357 3699 541 3776 acquireret,
565 3719 815 3779 quarumcuram
836 3710 900 3757 tum
921 3698 1029 3777 Petro,
1052 3713 1119 3761 tum
1139 3700 1238 3765 Petri
1250 3722 1340 3767 suctu·

104 3784 182 3869 ἕψω.
208 3779 409 3837 eon-soribus
428 3782 647 3843 committebat.
690 3785 766 3842 Jure
791 3784 884 3866 igitur
907 3804 943 3846 nc
962 3787 1073 3845 merito
1096 3787 1143 3847 sic
1174 3786 1343 3872 loquebtffl

103 3878 226 3927 nam,
241 3891 272 3929 a„
285 3863 497 3926 CHRISTUS:
522 3868 670 3943 Quisnam
694 3866 792 3927 fidelis
815 3888 920 3927 servus
944 3880 975 3928 et
991 3868 1149 3953 prudens,
1176 3894 1280 3955 quem
1298 3874 1347 3933 Do·

103 3926 248 3977 ΝΜ·
283 3948 381 4006 minus
404 3968 496 4032 super
519 3953 663 4014 familiam
685 3974 770 4012 suam
792 3953 973 4013 constituit?

101 4043 271 4150 32:339..
368 4045 396 4097 2.
441 4034 670 4099 concludar
713 4037 801 4099 rior.
834 4036 898 4102 via.
937 4058 1007 4122 sup.
1045 4035 1084 4097 de
1106 4036 1226 4117 symb.
1251 4048 1351 4127 quaet

103 4142 248 4242 terrm?
284 4124 333 4182 ¹⁹⁶
356 4114 394 4266 ξ.
438 4198 683 4264 enarrantis
703 4204 738 4267 n.
769 4204 811 4265 11.
839 4205 879 4266 ae
909 4204 1024 4267 confla.
1056 4202 1097 4267 aa
1119 4204 1255 4295 nagan.
1275 4209 1353 4275 raa

15 4290 19 4297 ·
279 4281 378 4346 Mara
418 4280 484 4368 Age
511 4287 686 4372 indagemus
718 4288 824 4352 adhuc
858 4290 1048 4379 diligentins,
1076 4292 1153 4375 qni·
1174 4292 1354 4381 αἰθήρ·
