2752 4770
254 436 335 513 4⁶4
521 414 1084 494 renascereris

258 628 346 696 tato,
373 624 459 680 certo
479 602 610 696 ratoque
630 610 802 675 habeatur:
824 606 990 692 Quidquid
1007 625 1101 683 vero,
1128 606 1273 689 quamde
1295 606 1339 666 ille

261 712 383 767 sanctus
409 711 441 760 et
461 697 589 775 doctus,
623 699 758 780 quarum
786 696 981 780 Episcopus,
1013 694 1149 775 quamvis
1174 690 1332 762 Confessus

240 782 293 849 'et
312 796 449 861 martyr,
470 794 592 867 praeter
613 804 739 859 omnes,
762 794 814 842 aut
835 782 924 841 etiam
946 790 1056 839 contra
1076 797 1183 836 omnes
1207 777 1335 851 senserit,

264 871 298 934 id
319 872 398 930 inter
416 869 562 951 proprias
583 878 612 926 et
632 866 766 927 occultas
782 877 812 925 et
827 867 960 949 privatas
976 859 1197 945 opiniunculas
1220 882 1239 921 a
1261 880 1335 919 com·

263 956 366 1018 munis
394 964 425 1013 et
451 951 591 1036 publicae
619 972 654 1011 ac
676 949 823 1034 generalis
846 950 1011 1010 sententiae
1032 948 1220 1007 auctoritate
1246 965 1336 1005 seere-

263 1051 332 1100 tum
353 1038 410 1113 sit,
442 1057 499 1097 nec
529 1056 599 1094 cum
620 1056 737 1095 summo
760 1046 898 1094 aeternae
928 1032 1031 1093 salutis
1061 1029 1235 1116 periculo,
1265 1031 1338 1110 juxta

266 1122 443 1202 sacrilegam
474 1118 696 1179 haeretieorum
728 1132 758 1178 et
786 1118 1047 1191 schismaticorum
1070 1113 1336 1189 consuetudinem,

267 1203 446 1273 universalis
468 1203 618 1287 dogmatis
640 1206 766 1285 antiqua
788 1204 913 1264 veritate
933 1202 1055 1261 dimissu
1067 1246 1076 1276 ,
1098 1201 1194 1258 unius
1216 1197 1337 1258 hominis

267 1292 418 1353 novitium
451 1299 602 1348 sectemur
634 1308 778 1347 errorem.
847 1288 990 1364 Quorum
1022 1285 1189 1344 beatorum
1221 1282 1338 1343 Panum

96 1395 118 1436 t.
136 1387 190 1430 00:-
214 1386 406 1437 :emunctam
428 1360 674 1453 catholicumque
696 1392 878 1431 consensum
898 1391 937 1430 ne
958 1373 1026 1452 quis
1048 1369 1108 1428 sibi
1129 1381 1250 1427 temere
1271 1388 1337 1427 con·

94 1444 136 1488 ²³'
268 1456 465 1522 temnendum
496 1457 577 1516 forte
607 1456 810 1532 arbitretur,
828 1458 870 1516 ait
903 1456 933 1514 in
966 1457 1063 1539 prima
1094 1452 1133 1513 ad
1168 1451 1336 1512 Corinthios

270 1540 453 1626 Apostolus:
475 1536 516 1599 Et
543 1540 692 1623 quosdam
716 1541 839 1623 quidem
861 1542 964 1623 posuit
991 1537 1099 1598 DEUS
1132 1539 1168 1595 in
1203 1537 1335 1611 ecelesia,

96 1630 402 1713 sesosmoprimum
434 1624 619 1708 Apostolos,
650 1647 783 1707 quorum
803 1627 867 1709 ipse
888 1644 966 1684 unus
989 1634 1073 1683 erat:
1103 1621 1253 1682 Secundo
1273 1642 1333 1704 pro·

294 1712 400 1788 hetas,
434 1708 553 1792 qualem
583 1710 614 1768 in
636 1708 764 1770 Actibus
787 1708 1005 1792 Apostolorum
1034 1706 1164 1789 legimus
1190 1706 1329 1791 Agabus:

271 1734 377 1858 lertio
408 1793 583 1871 Doctores,
617 1797 671 1877 qul
699 1796 889 1855 Tractatores
917 1814 999 1853 nunc
1027 1790 1241 1875 appellantur,
1272 1807 1328 1872 quas

273 1879 326 1941 hic
348 1879 430 1939 idem
451 1878 620 1963 Apostolus
641 1881 730 1939 etiam
750 1877 919 1962 Prophetas
941 1876 1288 1959 interdummunenpat,
1303 1892 1331 1932 eu

101 1972 259 2061 equusque·
276 1963 362 2046 qnod
394 1983 452 2045 per
491 1983 544 2023 eos
575 1962 796 2046 prophetarum
828 1965 968 2038 mysteria
1001 1960 1127 2045 populis
1160 1960 1333 2043 'aperiamus

99 2027 265 2114 hailai?
276 2050 341 2109 Hos
370 2067 442 2129 ergo
475 2048 507 2106 iu
536 2046 673 2108 Ecclesia
702 2048 761 2107 Dei
794 2046 936 2106 divinitus
969 2068 1024 2130 per
1051 2057 1193 2127 tempora
1221 2054 1248 2102 et
1272 2041 1333 2100 loca

103 2122 267 2214 ssffigssf?
277 2131 479 2214 dispensatos,
513 2132 651 2213 quisquis
674 2134 705 2192 ib
727 2153 817 2192 seusu
837 2130 977 2191 catholici
1000 2129 1155 2212 dogmatis
1175 2147 1258 2188 unum
1276 2123 1330 2183 ali-

278 2214 355 2297 quid
384 2215 415 2274 in
444 2214 621 2276 CHRISTO
654 2220 814 2277 sentientes
843 2217 1079 2297 contempserit,
1113 2237 1179 2274 non
1194 2211 1331 2272 hominem

276 2301 460 2378 contemnit,
488 2300 543 2360 sed
564 2299 706 2360 DEUM:
730 2299 757 2360 A
779 2320 911 2384 quorum
931 2299 1063 2360 veridica
1085 2302 1204 2359 unitate
1222 2317 1257 2355 ne
1274 2293 1329 2375 quit

136 2440 138 2454 ,
278 2384 461 2467 discrepet,
483 2385 647 2466 impensius
685 2384 855 2446 obtestatur
887 2385 967 2445 idem
1006 2382 1200 2466 Apostolus,
1230 2381 1326 2440 dicens:

106 2472 191 2518 scos
203 2475 267 2523 nto·
279 2467 418 2529 Obsecro
440 2479 540 2528 autem
559 2489 615 2528 vos
636 2470 765 2547 fratres,
796 2482 832 2530 ut
858 2471 889 2530 id
916 2473 1013 2554 ipsum
1043 2468 1152 2528 dicatis
1176 2469 1327 2536 omnes,et

278 2573 342 2613 non
360 2555 419 2612 sint
445 2554 477 2612 in
504 2551 593 2613 vobis
615 2553 792 2614 schismata:
822 2555 894 2614 Sitis
913 2566 1011 2614 autem
1034 2554 1169 2634 perl'eeti
1190 2554 1221 2612 in
1243 2546 1325 2609 eodem

278 2657 391 2715 sensu,
413 2648 443 2697 et
460 2639 491 2695 iu
514 2636 619 2697 eadem
635 2641 790 2699 sententia.
836 2639 929 2716 Quod
956 2640 981 2697 si
1002 2639 1067 2718 quis
1085 2637 1125 2696 ab
1154 2656 1260 2696 eorum
1277 2648 1327 2691 sen-

279 2724 391 2781 tentiae
425 2723 638 2781 communione
667 2721 843 2801 desciverit,
874 2723 976 2784 audiat
999 2721 1075 2781 illud
1102 2721 1243 2802 ejusdem
1263 2715 1329 2799 Apo·

107 2806 366 2869 teor-tbssstoli:
388 2803 458 2864 Non
479 2817 524 2864 est
540 2806 624 2867 Deus
647 2805 857 2884 dissensionis,
878 2809 931 2868 sed
952 2809 1044 2889 pacis.

152 2909 153 2912 ’
361 2888 530 2950 IBIDEM:
561 2889 708 2950 Diximus¹
724 2894 756 2950 iu
776 2891 988 2974 superioribus
1014 2891 1093 2951 hanc
1112 2890 1211 2950 fuisse
1236 2899 1328 2966 sempe·

106 2985 233 3047 sanson
280 2984 310 3034 et
332 2993 396 3034 esse
419 2971 576 3055 hodieque
598 2974 817 3036 catholicorum
838 2976 1105 3052 consuetudinem,
1127 2987 1165 3034 ut
1189 2972 1278 3034 fidem
1293 2987 1328 3025 vt·

105 3044 344 3138 {ii‘‚¹¹,{:,3.⁰⁰·ram
367 3057 490 3118 duobus
518 3057 564 3118 his
595 3059 693 3119 modis
717 3061 906 3142 approbent:
937 3060 1073 3121 Primum
1102 3058 1201 3118 divini
1231 3050 1326 3117 canerit

106 3131 240 3180 “m‘'ffll·
279 3144 477 3217 auctoritate,
512 3142 623 3203 deinde
661 3143 814 3204 Ecclesiae
849 3143 1023 3205 Catholicae
1059 3145 1251 3202 traditione:
1281 3139 1326 3198 No!

279 3228 353 3308 quia
377 3247 476 3286 canon
504 3227 587 3289 solus
615 3249 678 3287 non
703 3226 761 3288 sibi
790 3230 829 3289 ad
860 3232 1000 3289 universa
1026 3226 1173 3303 sufficiat,
1203 3227 1258 3287 sed
1280 3220 1326 3306 quit

277 3310 375 3372 verba
402 3310 502 3371 diviua
522 3334 582 3395 pro
607 3332 663 3372 suo
690 3312 829 3396 plerique
853 3315 1001 3374 arbitratu
1023 3315 1278 3395 interpretantes,
1292 3324 1327 3363 u·

277 3395 338 3453 rias
364 3397 523 3477 opiniones
551 3416 733 3479 erroresque
756 3401 938 3481 concipiant.
992 3397 1094 3479 Atque
1127 3396 1203 3456 ideo
1235 3406 1331 3455 nectat

277 3478 340 3552 sit,
362 3491 397 3538 ut
418 3479 457 3540 ad
479 3501 570 3540 unam
592 3481 794 3543 Ecclesiastiei
813 3504 916 3542 sensus
939 3483 1074 3566 regulam
1094 3483 1272 3563 scripturae
1287 3495 1338 3537 eae·

277 3557 359 3621 lestis
382 3563 578 3648 intelligentia
599 3565 769 3648 dirigatur,
784 3569 822 3627 'in
841 3566 891 3626 his
910 3566 1054 3627 duntaxat
1068 3567 1244 3650 praecipue
1262 3581 1339 3645 quat·

278 3644 446 3724 stlembus,
476 3647 590 3729 quibus
614 3651 708 3710 totius
732 3649 873 3711 catholici
903 3650 1051 3735 dogmatis
1078 3649 1283 3710 fundamenta
1304 3645 1340 3704 ni·

276 3737 394 3791 tuntur.
436 3731 512 3793 Item
541 3732 668 3794 diximus
696 3737 729 3795 in
757 3738 822 3819 ipsa
848 3756 954 3795 rursus
984 3735 1120 3797 Ecclesia
1146 3730 1341 3797 universitatis

276 3815 392 3894 pariter
422 3827 453 3875 et
477 3819 663 3900 antiquitatis
695 3822 924 3880 consensionem
949 3821 1079 3903 spectari
1110 3832 1285 3899 oportere,
1311 3833 1345 3872 ue

276 3907 331 3955 aut
358 3897 396 3958 ab
429 3903 552 3962 unitatis
582 3904 753 3989 integritate
784 3907 815 3964 in
848 3919 964 3987 partem
988 3904 1159 3965 schismatis
1186 3902 1346 3983 abrumpa-

275 3998 346 4077 113111·
358 4025 367 4058 ,
392 3996 445 4045 aut
468 4007 485 4045 e
507 3991 661 4050 vetustatis
681 3987 830 4072 religione
845 3991 876 4048 in
899 3988 1066 4050 haereseon
1082 3990 1240 4048 novitates
1264 4004 1347 4071 pra:-

275 4065 445 4145 mpitemur.
500 4069 575 4132 Item
594 4072 742 4148 diximus,
778 4076 808 4134 in
843 4075 908 4156 ipsa
942 4074 1094 4133 Ecclesiae
1114 4083 1269 4132 vetustate
1293 4068 1348 4128 duo

274 4148 424 4245 quaedam
455 4151 646 4218 vehementer
672 4158 871 4241 studioseque
898 4157 1105 4235 observanda,
1143 4157 1264 4240 quihus
1298 4173 1347 4236 pe·

272 4242 354 4293 nitus
389 4233 548 4298 inhaerere
580 4241 747 4323 deberent,
782 4245 959 4329 quieumue
988 4242 1133 4303 haeretici
1158 4263 1227 4305 esse
1251 4239 1348 4301 notin

272 4314 473 4400 Primum,'s'i
494 4323 570 4409 quid
593 4338 671 4391 esset
690 4321 862 4414 ‘antiquitus
886 4328 925 4390 ab
945 4326 1089 4390 omnibus
1115 4326 1277 4391 Ecclesiae
1300 4341 1346 4384 ea·
