2768 4762
393 30 548 65 U„

411 354 826 428 unctuosa,
1063 306 1189 430 an*

144 542 252 611 Num.
273 539 359 605 Vll:
395 525 535 628 Cumque
557 542 772 629 ingrederetur
802 540 924 620 Moyses
957 541 1146 645 tabernacno.

67 651 133 713 lum
160 649 310 729 foederis,
332 664 370 712 ut
391 653 569 714 consuleret
588 651 775 728 oraculum,
797 650 944 715 audiebat
963 672 1069 712 vocem
1092 650 1143 713 lo·

71 762 192 843 quentis
220 758 260 819 ad
288 778 321 819 ae
357 755 397 817 de
430 760 670 844 propitiatorio,
709 758 795 842 qnod
820 771 887 820 erat
917 766 1012 844 super
1038 779 1141 836 arcam

69 867 237 929 testimonii
255 867 337 926 iuter
361 863 441 927 duos
462 864 646 945 Cherubim,
668 867 749 927 unde
767 877 801 935 et
817 864 1008 950 loquebatur
1029 869 1066 929 ei.

153 1066 201 1127 Et
221 1066 324 1128 HL:
357 1066 470 1128 Oravit
490 1065 612 1140 Moyses
634 1087 695 1149 pro
721 1062 858 1149 populo,
895 1078 925 1126 et
948 1064 1072 1129 loeutus
1094 1081 1141 1130 est

69 1171 225 1234 Dominus
252 1173 290 1234 ad
320 1194 404 1233 eum:
448 1173 511 1234 Fac
534 1187 706 1256 serpentem
737 1192 883 1245 aeneum,
918 1183 949 1232 et
967 1195 1050 1256 pone
1071 1196 1140 1234 enm

70 1302 132 1366 pro
154 1286 260 1364 signo,
298 1283 352 1364 qui
374 1301 538 1365 percussus
565 1283 715 1364 aspexerit
739 1301 830 1357 eum,
850 1281 940 1339 vivet.
982 1280 1071 1342 Fecit
1091 1303 1143 1341 er·

69 1411 112 1472 go
141 1390 264 1464 Moyses
293 1399 465 1471 serpentem
495 1407 642 1464 aeneum,
681 1400 711 1447 et
741 1389 849 1471 posuit
868 1405 938 1446 eum
960 1407 1021 1470 pro
1044 1391 1142 1472 signo.
1202 1387 1206 1393 ’
1252 1437 1258 1445 .

69 1497 172 1572 Quem
197 1515 268 1555 cum
291 1497 432 1578 percussi
454 1497 645 1580 aspicerent,
675 1493 871 1555 sanabantur.

156 1694 213 1762 ΙΙΙ,
235 1693 322 1776 Reg.
343 1693 423 1755 Vh:
448 1693 491 1755 Et
515 1695 590 1756 serit
609 1697 641 1755 in
666 1692 795 1755 oraculo
815 1691 895 1753 duos
913 1689 1083 1752 Cherubim
1104 1689 1144 1751 de

71 1802 164 1882 lignis
187 1799 358 1881 olivarum,
379 1799 484 1862 decem
505 1801 684 1874 cubitorum
699 1799 880 1862 altitudinis.
923 1799 1071 1881 Quinque
1087 1818 1144 1860 cu·

70 1907 211 1968 bitorum
234 1907 280 1967 ala
304 1907 431 1969 Cherub
451 1929 522 1985 una,
541 1923 571 1971 et
588 1912 726 1992 quinque
752 1906 932 1978 cubitorum
947 1904 996 1966 ala
1013 1902 1141 1965 Cherub

71 2013 186 2073 altera:
207 2014 305 2091 idest,
322 2014 427 2074 decem
441 2015 564 2077 cubitos
575 1989 722 2076 habentes
738 2015 939 2101 asummitate
959 2012 1023 2073 alae
1047 2010 1141 2092 unius

68 2141 167 2202 nsque
186 2121 225 2181 ad
244 2119 309 2182 alae
321 2119 445 2182 alterius
458 2125 669 2184 summitatem.
692 2123 805 2183 Decem
821 2141 947 2204 quoque
960 2117 1142 2180 cubitorum
1175 2196 1178 2201 ι

68 2241 136 2289 erat
154 2227 280 2288 Cherub
301 2228 467 2290 secundus:
489 2233 522 2290 in
549 2251 691 2296 mensura
712 2232 799 2312 pari,
832 2241 965 2311 etopus
989 2215 1086 2288 unum
1109 2247 1143 2287 e-

68 2338 166 2396 ratio
193 2333 317 2394 duobus
335 2335 523 2412 Cherubim,
546 2337 579 2395 id
599 2350 662 2410 est,
693 2335 886 2396 altitudinem
906 2331 1041 2394 habebat
1062 2346 1141 2392 uuus

69 2438 198 2498 Cherub
227 2437 331 2497 decem
366 2439 560 2516 cubitorum,
594 2454 624 2501 et
649 2442 790 2501 similiter
824 2440 950 2502 Cherub
978 2438 1142 2501 secundus.

69 2547 245 2626 Posuitque
268 2543 446 2604 Cherubim
470 2547 502 2605 iu
532 2544 633 2607 medio
666 2546 772 2629 templi
804 2549 977 2608 interioris:
999 2544 1144 2605 extende-

70 2653 150 2715 bant
167 2667 268 2713 autem
292 2651 355 2714 alas
375 2671 444 2730 suas
465 2650 650 2728 Cherubim,
687 2664 718 2712 et
737 2652 881 2737 tangebat
898 2651 1020 2712 alanna
1040 2654 1146 2733 parie-

70 2774 151 2838 tem,
194 2758 294 2821 et'ala
325 2759 453 2820 Cherub
479 2760 606 2820 secundi
640 2758 786 2843 tangebat
824 2761 972 2844 parietem
995 2757 1142 2819 alterum:
1183 2814 1188 2827 ,

69 2867 136 2928 alae
168 2880 268 2929 autem
295 2866 408 2929 alterae
437 2869 469 2927 in
485 2868 585 2928 media
610 2880 699 2951 parte
733 2866 839 2950 templi
864 2887 897 2927 se
916 2869 1045 2926 invicem
1055 2871 1143 2926 ‘con-

67 2973 239 3058 tingebant.
282 2975 371 3036 Texit
389 2995 517 3058 quoqne
540 2974 708 3060 Cherubim
728 2997 816 3038 auro.
858 2974 901 3036 Et
922 2996 1026 3037 omnes
1039 2976 1143 3060 parie-

67 3096 115 3144 tes
133 3082 239 3165 templi
263 3103 320 3165 per
345 3084 512 3144 circuitum
529 3083 658 3167 sculpsit
684 3086 776 3155 variis
795 3083 957 3144 caelaturis
975 3095 1007 3143 et
1029 3094 1141 3142 toruo:

68 3200 101 3249 et
123 3189 198 3247 lecit
221 3190 252 3246 in
284 3188 539 3270 eistherubim,
574 3204 605 3252 et
635 3170 773 3276 palmas,
807 3203 838 3252 et
868 3193 1006 3274 picturas
1032 3191 1142 3267 varias,

68 3297 159 3377 quasi
186 3296 395 3377 prominentes
418 3298 457 3359 de
480 3300 598 3382 pariete
624 3285 660 3360 et‘
683 3300 882 3384 egredientes.
927 3296 1035 3358 Sedet
1053 3297 1143 3379 pari·-

66 3414 206 3464 mentum
238 3400 349 3464 domus
374 3406 451 3466 texit
478 3426 556 3467 auro
588 3408 772 3468 intrinsecus
799 3420 830 3468 et
859 3403 1142 3489 extrinsecus.‘1it

65 3512 101 3572 in
130 3511 271 3592 ingressu
298 3510 418 3573 oraculi
454 3513 528 3574 lecit
555 3512 620 3575 duo
655 3514 768 3576 ostiola
795 3514 833 3575 de
853 3513 943 3598 lignis
978 3513 1139 3588 olivarum,

65 3629 236 3705 postesque
271 3617 451 3701 angelorum
479 3623 625 3704 quinque.
680 3622 722 3683 Et
742 3621 804 3683 dno
822 3624 901 3683 ostia
917 3621 956 3681 de
967 3620 1057 3704 lignis
1079 3617 1141 3680 oli·
1219 3632 1222 3638 ’

64 3746 191 3801 varum,
214 3735 244 3784 et
258 3725 390 3809 sculpsit
417 3728 448 3787 in
470 3730 513 3789 eis
529 3731 683 3817 picturam
703 3728 886 3805 Cherubim,
916 3741 947 3789 et
968 3725 1140 3811 palmarum

67 3836 200 3917 species,
222 3846 253 3894 et
272 3832 449 3917 anaglypha
466 3833 555 3897 valde
574 3838 804 3920 prominentia,
838 3849 869 3896 et
886 3838 961 3896 texit
987 3856 1021 3896 ea
1044 3854 1138 3896 auro:

69 3954 99 4000 et
126 3943 250 4024 operuit
273 3953 335 4002 tam
365 3940 553 4020 Cherubim,
592 3963 685 4026 qnam
718 3944 834 4027 palmas
855 3956 886 4005 et
909 3956 1027 4005 caetera
1049 3965 1137 4005 auro.

67 4044 216 4130 Fecitque
241 4050 272 4108 in
300 4050 433 4111 introitu
460 4051 571 4135 templi
588 4064 693 4135 postes
711 4050 860 4134 de[lignis
892 4051 1041 4113 olivarum
1059 4072 1139 4134 qua·

66 4151 282 4238 drangulatos,
304 4169 336 4217 et
362 4157 426 4218 duo
448 4160 527 4219 ostia
554 4158 592 4219 de
617 4157 707 4242 lignis
732 4144 868 4242 abiegnis
889 4159 1084 4221 altrinsecus:
1107 4169 1138 4218 et

62 4272 232 4349 numaque
259 4265 374 4328 ostium
403 4263 518 4350 duplex
543 4278 632 4347 erat,
661 4277 745 4331 etse
768 4267 1137 4352 ipsum'teneusaperie·
