2768 4762
394 398 789 469 DECALCGO.
1053 402 1131 474 241

42 593 208 680 'temporis
237 586 388 651 intulerit.
432 585 487 649 Ait
520 586 621 647 enims
652 583 725 647 Non
759 583 995 668 respicientibus
1024 582 1128 662 nobis,

56 700 139 764 qnae
159 674 322 748 ridentur,
348 673 402 733 sed
423 693 503 753 quae
525 692 588 731 non
612 669 766 730 videntur.
810 668 898 746 Quae
920 671 999 729 enim
1020 670 1130 730 viden-

55 779 131 840 tur,
164 759 348 845 temporalia
364 767 456 832 ¹sunt:
493 776 572 839 quae
594 767 695 816 autem
729 773 794 815 non
823 753 983 832 ridentur,
1028 765 1129 816 aeter-

55 871 98 911 na
119 859 200 909 sunt.
379 890 382 895 ·

142 945 176 1000 a.-
198 925 398 991 ansulas
430 925 504 1008 aeg.
525 922 630 1001 brea,
664 928 726 986 sire
754 922 869 986 concis.
890 921 1008 1006 disput.
1030 925 1221 1017 inter-flsgh·
1236 932 1302 980 ato.

59 1038 128 1101 rog.
152 1028 239 1087 1711,
262 1014 300 1072 de
321 1013 435 1071 inimic.
459 1010 564 1071 dilect.
608 1009 681 1070 Sine
701 996 799 1069 dubio
822 1008 951 1088 (iuquit)
974 1029 1127 1090 nonprae·
1136 989 1302 1089 ii’nu‘s'fi'i'ii‘f

58 1101 190 1184 cepisset
202 1099 277 1172 hoc,
300 1099 354 1176 qui
376 1096 479 1156 bonus
502 1115 537 1154 ac
557 1096 659 1175 justus
681 1106 737 1171 cst,
760 1095 819 1154 nisi
836 1092 929 1151 etiam
939 1092 1126 1170 facultatem,
1138 1083 1303 1171 23532282*

58 1185 173 1269 quaid
196 1185 388 1257 faceremus,
411 1181 520 1239 luisset
542 1179 678 1264 largitus.
1138 1175 1210 1227 '‘¹¹³⁸“

143 1282 173 1336 1.
216 1264 473 1326 AUGUSTINUS
507 1265 541 1323 L.
565 1263 604 1324 de
627 1275 688 1324 nat.
712 1274 743 1323 et
763 1271 842 1345 grat.
865 1278 932 1343 cap.
954 1271 1025 1327 45³
1056 1259 1128 1320 Non
1162 1264 1246 1343 ΝΜ,

58 1357 156 1438 igitur
190 1353 276 1412 Deus
311 1347 515 1433 impossibilia
535 1346 646 1429 jubet,
680 1344 734 1407 sed
768 1343 911 1428 jubendo
931 1342 1077 1406 admonet
1098 1355 1129 1406 et
1327 1352 1336 1381 ¹

58 1440 185 1514 iacere,
208 1433 295 1517 qnod
317 1435 438 1516 possis,
460 1444 492 1493 et
535 1445 637 1508 etere,
661 1428 749 1512 quod
770 1449 834 1489 non
855 1430 965 1511 possis.

143 1534 172 1588 ο.
217 1520 272 1578 ΕΤ
294 1539 360 1599 cap.
395 1504 467 1585 692:
498 1454 600 1576 liade
619 1514 705 1575 bona
724 1527 797 1575 sunt
818 1523 1003 1598 praecepte,
1037 1515 1064 1572 si
1085 1512 1132 1573 le-
1155 1514 1303 1603 putationu-

55 1609 162 1692 gitime
195 1602 244 1663 his
266 1615 398 1661 citamur.
453 1601 502 1660 Eo
524 1601 643 1683 qnippe
664 1601 755 1683 ipso,
778 1620 843 1679 quo
865 1595 1037 1658 firmissime
1062 1564 1303 1667 cre-iniliiiili'

58 1693 165 1764 ditur,
199 1688 296 1744 Deum
331 1684 449 1765 justum
469 1696 500 1745 et
528 1683 647 1744 bouum
680 1682 885 1766 impossibilia
904 1701 968 1744 non
991 1661 1273 1764 potuisseissffssiiiii

57 1774 265 1858 praecipere,
297 1767 371 1828 hinc
408 1768 627 1845 admonemur,
660 1781 691 1830 et
712 1770 745 1829 in
766 1766 934 1845 facilibus,
956 1765 1033 1851 quid
1057 1759 1298 1852 aga-3:3,·„„,‚·

60 1875 146 1927 mus,
169 1864 199 1912 ct
217 1854 247 1911 in
269 1849 465 1929 difficilibus,
488 1852 565 1935 qnid
588 1865 737 1935 petamus.
780 1850 892 1913 Omnia
917 1853 1034 1935 quippe
1047 1844 1128 1911 liunt
1136 1857 1278 1948 pearata.

62 1938 166 1998 facilia
198 1937 341 2013 caritati,
385 1937 434 1996 cui
464 1939 518 1995 uni
541 1936 657 1996 Christi
678 1937 798 2007 sarcina
820 1934 895 2007 levis
918 1947 986 2012 eat,
1018 1946 1073 1996 aut
1092 1910 1308 2009 maiixiii.

60 2043 124 2081 una
145 2033 190 2081 est
206 2023 324 2081 sarcina
335 2022 410 2102 ipsa,
424 2041 502 2102 quae
514 2019 587 2080 levis
601 2032 647 2081 est
658 2045 665 2081 s
677 2019 849 2081 secundum
861 2018 924 2081 hoe
937 2020 1055 2082 dictum
1064 2032 1127 2082 este

59 2106 102 2165 Et
117 2116 278 2187 praecepte
296 2105 364 2185 ejus
372 2106 475 2188 gravia
483 2125 548 2164 non
561 2115 648 2165 sunta
665 2117 711 2182 ut,
718 2107 770 2165 cui
779 2106 884 2189 gravia
893 2118 975 2183 sunt,
983 2103 1129 2167 conside-

58 2203 117 2265 ret,
129 2210 190 2249 non
202 2189 493 2271 potuissedivinitus
507 2188 580 2265 dici,
602 2191 704 2272 gravia
715 2210 779 2250 non
787 2201 880 2267 sunt,
902 2191 962 2251 nisi
983 2192 1057 2273 quia
1067 2208 1131 2273 po·

57 2287 120 2333 test
135 2294 198 2333 esse
220 2273 325 2332 cordis
347 2273 493 2349 allectus,
517 2275 568 2332 cui
589 2275 693 2356 gravia
713 2295 779 2334 non
800 2286 882 2351 sunt,
904 2287 936 2334 et
955 2284 1129 2357 petat,quo

60 2358 257 2429 destituitur,
280 2368 311 2413 et
330 2354 474 2435 impleat,
496 2356 582 2436 quod
599 2357 738 2435 jubetur.
781 2357 823 2417 Et
845 2358 932 2438 quod
955 2359 1072 2419 dicitur
1090 2356 1130 2418 ad

59 2440 158 2502 lsrael
190 2441 222 2494 in
255 2439 518 2508 Deuteronomio,
551 2440 577 2495 si
604 2441 670 2519 pie,
702 2441 728 2498 si
750 2452 872 2514 sancte,
903 2442 928 2500 si
948 2441 1131 2523 spiritaliter
1140 2445 1251 2500 nautae,
1260 2462 1291 2506 ta·

60 2522 278 2602 intelligutur,
299 2518 361 2578 hoc
384 2519 463 2578 idem
485 2517 654 2600 significat,
686 2525 758 2602 quia
779 2525 890 2602 utique
911 2543 982 2583 cum
1000 2523 1063 2584 hoc
1084 2537 1132 2584 te·

59 2608 242 2670 stimonium
277 2614 542 2663 commemorasset
577 2602 767 2685 Apostolus:
800 2605 907 2687 Prope
934 2619 980 2665 est
1001 2605 1270 2667 verbumnwncs

60 2696 95 2752 in
119 2710 174 2750 ore
195 2702 271 2764 tuo,
301 2700 332 2747 et
354 2690 384 2746 in
405 2687 501 2747 corde
522 2699 595 2746 tuo:
620 2686 707 2768 quod
729 2687 781 2748 hic
803 2687 913 2765 hahet,
935 2691 967 2748 in
989 2691 1130 2751 manibus

63 2777 142 2836 tuis:
180 2774 216 2833 ln
247 2770 343 2833 corde
376 2792 457 2832 enun
477 2783 550 2831 sunt
571 2771 725 2854 spiritales
747 2794 872 2835 manusc
904 2773 973 2834 Hoc
995 2786 1059 2850 est,
1081 2776 1133 2835 in-

64 2862 152 2942 quit,
181 2855 311 2916 verbum
344 2855 437 2931 fidei,
467 2856 553 2940 quod
583 2857 804 2939 praedicamus.
857 2858 1031 2918 Conversus
1055 2880 1131 2941 ergo

63 2944 214 3025 quisquc,
256 2943 337 3001 sicut
364 2941 578 3024 praecipitur,
610 2943 650 3002 ad
671 2943 839 3017 Dominum
867 2943 966 3003 Deum
988 2963 1075 3003 suum
1097 2966 1134 3005 ex

62 3041 135 3088 toto
157 3026 252 3087 corde
274 3047 351 3101 suo,
380 3036 465 3087 etex
485 3037 552 3088 tota
572 3031 671 3088 anima
692 3049 764 3104 sua,
785 3026 961 3088 mandatum
981 3029 1040 3088 Dei
1068 3048 1134 3090 non

61 3111 193 3172 habebit
216 3132 315 3193 grave.
366 3110 534 3186 Quomodo
566 3125 612 3172 est
639 3114 718 3172 enim
740 3133 849 3197 grave,
883 3134 952 3171 curn
973 3115 1013 3171 sit
1035 3111 1134 3172 dilec-

60 3197 157 3255 tronis
187 3194 382 3255 mandatum?
425 3193 490 3255 Aut
508 3198 588 3255 enirn
609 3199 742 3279 quisque
765 3218 829 3256 non
852 3195 973 3280 diligit,
1008 3211 1038 3257 et
1059 3196 1132 3257 idco

63 3300 156 3364 grave
177 3293 238 3340 est:
259 3291 312 3339 aut
332 3278 449 3361 diligit,
471 3291 502 3341 et
521 3299 613 3361 greve
633 3302 696 3340 esse
717 3302 781 3341 non
802 3293 914 3363 potest.

149 3376 178 3432 7.
221 3364 330 3423 IDEM
359 3364 547 3446 Augustinus
569 3385 656 3424 serm.
678 3378 729 3433 61.
761 3365 800 3424 de
828 3377 938 3447 temp:
973 3364 1034 3424 Sed
1056 3365 1135 3427 dicit

62 3446 194 3530 aliquis:
226 3446 320 3513 Nulla
353 3448 473 3507 ratione
491 3468 617 3530 possum
647 3449 787 3509 inimicos
809 3469 893 3508 meos
915 3447 1052 3529 diligete.
1096 3452 1132 3510 ln

63 3530 207 3596 omnibus
229 3532 394 3614 scripturis
415 3531 497 3592 Deus
520 3531 578 3592 tibi
600 3532 695 3609 dicit,
717 3536 791 3614 quia
813 3544 912 3615 potes.
955 3533 1005 3591 'l'u
1025 3554 1135 3596 econ·

62 3620 163 3680 trario
187 3616 377 3699 respondes,
401 3635 465 3676 nou
487 3637 587 3699 posse.
631 3617 800 3678 Considera
821 3637 925 3687 nunc,
963 3630 1068 3677 utrrrm
1090 3621 1133 3679 ti·

63 3700 97 3763 bi
110 3745 121 3779 ,
165 3721 202 3761 an
237 3703 305 3763 Deo
338 3699 448 3761 debeat
479 3701 573 3761 credi.
617 3701 660 3762 Et
680 3702 752 3762 ideo
783 3722 857 3784 quaa
878 3703 989 3773 veritas
1010 3707 1132 3763 mentiri
1144 3691 1307 3793 ι’,ἷξξζξὴὲὴξξ

61 3807 126 3847 non
148 3797 269 3869 potest,
290 3787 353 3867 jam
374 3805 463 3844 vanas
483 3787 690 3846 excusationes
723 3806 793 3846 suas
824 3785 1307 3878 relinquathumaana15.⁸‘¹⁶13⁰ttnm

66 3872 233 3954 fragilitas:
255 3872 328 3952 quia
346 3890 401 3929 nec
430 3869 622 3953 impossibile
640 3870 760 3952 aliquid
778 3873 884 3952 putuit
901 3872 1062 3952 imperare,
1077 3874 1131 3953 qui
1143 3846 1305 3949 pii‘g'siriiim'

68 3956 168 4035 justus
200 3967 259 4014 est:
293 3976 350 4014 nec
380 3955 580 4015 damnaturus
610 3966 655 4016 est
681 3954 838 4016 hominem
870 3974 932 4031 pro
960 3975 1016 4034 e0,
1043 3957 1133 4038 quod
1143 3938 1213 4040 ἓξὲξ
1220 3952 1286 4030 ξζξξζ

68 4059 134 4098 non
152 4041 259 4123 potuit
279 4043 393 4111 vitare,
429 4042 483 4121 qui
506 4042 577 4122 pius
603 4052 658 4100 est
1000 4054 1008 4066 ⁵

153 4137 182 4191 8.
224 4124 328 4183 ITEM
350 4123 447 4183 Serm.
483 4137 553 4193 191.
589 4123 627 4183 de
661 4135 771 4205 temp:
803 4122 861 4184 Eat
888 4135 988 4185 autem
1010 4137 1136 4209 patrum

66 4219 249 4270 nostrorum
269 4206 345 4268 fides
367 4207 458 4266 hacc:
492 4207 652 4268 Credimus
674 4209 706 4266 in
728 4208 829 4268 Deum
850 4205 974 4268 Patrem
992 4202 1140 4293 omnipo·
1168 4265 1315 4320 mamm

65 4304 185 4373 tentem,
199 4305 258 4355 etc.
299 4290 488 4354 Execramur
517 4293 609 4354 etiam
626 4289 850 4376 blasphemiam
866 4313 993 4370 eorum,
1014 4296 1070 4375 qui
1092 4293 1305 4405 diffisum.

892 4393 935 4452 16
1212 4393 1218 4405 ”
