2768 4762
245 366 299 439 oa
415 344 431 383 '·
585 362 657 430 nn
699 364 835 429 rma
874 364 941 431 aa

328 541 467 606 Psaim.
499 538 635 607 ΗΜΛ
675 542 825 609 Ascendit
848 544 934 609 nem
955 541 1081 629 jubilo,
1107 542 1317 615 Doninutin

245 670 322 713 voce
349 650 454 714 tubae.
871 698 874 709 .

326 757 473 821 Psalm.
503 754 613 823 vm:
648 754 777 821 Elemta
805 768 854 821 cat
882 754 1110 845 magnificentia
1140 771 1197 823 tua
1220 780 1318 849 super

246 864 361 928 caelos.

329 966 583 1033 Marcmr
613 968 657 1031 Et
674 969 827 1033 Dominus
848 971 975 1055 quidem
1002 970 1123 1034 JESUS
1143 986 1313 1059 postquam

247 1077 373 1157 locotus
393 1086 439 1139 est
473 1077 535 1156 eis,
568 1088 741 1163 assumptus
754 1089 802 1141 est
818 1079 852 1140 in
867 1079 1004 1167 caelum,
1036 1090 1070 1142 et
1088 1079 1176 1149 redet
1198 1100 1217 1144 ι
1236 1082 1316 1147 dex·

246 1188 305 1249 tris
326 1186 394 1249 Dei.
1192 1192 1198 1201 '

339 1292 450 1353 Joan.
478 1286 560 1352 nt:
591 1286 688 1350 Nemo
716 1287 854 1353 ascendit
873 1291 906 1352 in
927 1290 1062 1370 caelum,
1091 1294 1152 1355 nisi
1176 1292 1317 1377 quider-

247 1396 354 1463 cendit
377 1398 416 1460 de
438 1394 547 1473 caelo,
579 1392 663 1457 fihus
683 1394 840 1476 hominia,
861 1398 918 1481 qui
940 1400 1039 1461 estin
1057 1374 1169 1462 caelo.¹

330 1506 418 1568 Act.
439 1507 483 1568 1.=
501 1500 643 1563 Primum
667 1502 793 1585 quidem
818 1524 990 1567 sermonem
1010 1504 1072 1567 ieci
1096 1506 1137 1569 de
1159 1507 1314 1593 omnibus,

248 1634 269 1677 o
296 1610 489 1696 Theophila,
512 1632 594 1695 quac
618 1612 727 1695 coepit
746 1607 868 1672 JESUS
889 1610 992 1675 iacere
1015 1624 1047 1674 et
1068 1612 1192 1693 docere,
1213 1635 1313 1698 usque

247 1723 282 1783 in
303 1721 409 1797 diem,
442 1738 504 1802 qua
520 1720 715 1805 praecipient
740 1714 902 1801 Apostolis
919 1739 978 1804 per
996 1717 1149 1804 Spiritum
1163 1733 1314 1803 sanctum,

128 1902 135 1915 „
249 1848 330 1913 qnos
348 1826 458 1911 elegit,
478 1836 652 1921 assumptus
673 1834 737 1885 est:
768 1821 884 1903 quibus
903 1836 936 1887 et
955 1824 1100 1911 praebuit
1119 1829 1252 1914 seipsum
1267 1830 1317 1892 vi·

236 1956 322 2011 ,vum
353 1944 426 2018 post
454 1932 626 2015 passionem
648 1951 734 1993 anam
754 1931 788 1991 in
808 1928 911 1993 multis
934 1937 1137 2017 argumentis,
1168 1958 1227 2020 per
1249 1935 1316 1998 dies

250 2039 456 2127 qnadraginta
491 2034 642 2123 apparens
664 2039 724 2117 eis,
757 2048 790 2100 et
809 2036 938 2120 loquens
969 2037 1009 2100 de
1038 2060 1134 2126 regno
1160 2043 1230 2104 Dei.
1272 2042 1315 2105 Et

226 2146 425 2210 'videntibus
453 2142 516 2208 iliis
536 2124 671 2209 elevatus
690 2156 754 2224 est,
787 2154 819 2206 et
843 2142 943 2207 nubes
962 2150 1099 2233 suscepit
1125 2170 1194 2213 cnm
1210 2146 1316 2227 abo·
1366 2193 1378 2202 .

249 2251 328 2315 culis
358 2272 477 2315 eorum.
550 2276 554 2281 ·

308 2358 477 2445 ‘Ephen
511 2358 587 2425 1v.2
620 2357 796 2423 decendens
829 2360 862 2421 in
899 2358 1017 2437 altum,
1052 2364 1202 2447 captivam
1228 2364 1316 2429 duait

226 2534 229 2539 .
249 2467 475 2553 captivitatem
497 2467 586 2530 dedit
604 2467 687 2529 dona
706 2465 899 2535 horninibus.
942 2467 1037 2547 Quod
1051 2482 1154 2533 autem
1167 2472 1315 2551 aseendit,

248 2573 329 2667 ¹quid
354 2588 414 2654 eat,
435 2576 496 2638 nisi
517 2577 592 2660 qnia
607 2587 638 2636 ct
666 2575 826 2638 descendit
849 2576 984 2662 primum
1006 2579 1037 2637 in
1059 2578 1224 2641 inferiores
1241 2600 1317 2663 par-

249 2672 296 2743 'teo
318 2668 443 2744 ¹terrae?
486 2668 567 2759 Qui'
583 2678 760 2760 descendit,
792 2684 859 2766 ipse
880 2696 941 2758 est,
974 2686 1080 2769 etqui
1102 2683 1242 2747 ascendit
1263 2707 1317 2748 su·

250 2792 310 2875 pra
332 2812 437 2852 omnes
461 2787 583 2867 caelos,
604 2801 640 2850 ut
659 2787 801 2871 impleret
827 2791 939 2853 omnia.

333 2896 479 2981 Ephes.
501 2886 568 2960 lar
596 2896 673 2955 Cum
699 2914 828 2955 essemus
848 2896 965 2957 mortni
987 2894 1142 2979 peemt'n,
1174 2899 1316 2960 convivi.

251 3000 356 3065 ficavit
382 3022 441 3064 noo
476 3005 509 3064 in
539 2999 737 3078 cflalsto,
774 3003 880 3083 (cnjus
911 3003 1009 3086 gratia
1039 3003 1110 3065 estis
1143 3002 1263 3084 salvati)
1285 3019 1319 3069 et

251 3110 525 3189 oonrcsmcitarit,
557 3120 591 3173 ct
618 3107 785 3173 comedere
806 3109 883 3173 fecit
906 3110 941 3171 in
961 3106 1142 3173 caelestibus
1165 3114 1199 3175 in
1219 3112 1317 3179 chri-

141 3262 144 3267 ·
251 3216 418 3281 atoJESU.

334 3320 511 3389 lbid.1.=
549 3320 705 3384 Suscitans
734 3322 821 3386 illum
850 3346 869 3387 a
891 3326 1038 3404 mortuis,
1073 3338 1106 3389 et
1123 3326 1313 3389 constituens

251 3430 292 3493 ad
310 3431 446 3492 dextram
466 3450 554 3495 suam
580 3431 613 3495 in
635 3430 817 3495 caelestibus
828 3452 932 3517 -snpra
954 3454 1076 3497 omnem
1104 3434 1313 3520 principatum

252 3550 284 3599 et
296 3548 495 3627 potestatem,
518 3548 549 3597 et
565 3539 710 3600 virtutem
715 3580 727 3617 ,
762 3549 794 3600 et
814 3537 1072 3616 dominationem,
1095 3553 1126 3601 et
1147 3560 1236 3602 omne
1255 3560 1316 3601 no·

250 3664 342 3725 men,
381 3642 469 3726 qnod
503 3645 680 3706 nominatur
709 3667 774 3707 non
806 3642 906 3707 solum
941 3646 973 3704 in
993 3643 1055 3707 hoc
1082 3646 1230 3724 saeculo,
1260 3646 1316 3709 scd

251 3736 345 3817 etiam
366 3746 399 3811 in
427 3748 545 3813 futmo.
594 3751 638 3812 Et
657 3754 760 3814 omnia
780 3748 916 3832 subjecit
934 3748 994 3812 snb
1013 3751 1146 3835 pedihus
1163 3754 1250 3837 ejusr
1287 3766 1319 3815 et

252 3836 356 3942 ipium
381 3856 468 3920 dedit
493 3870 588 3943 capnt
611 3880 706 3944 supra
724 3879 844 3923 omnem
867 3857 1048 3938 ecclesiam,
1076 3880 1157 3944 qnae
1177 3874 1224 3921 est
1243 3880 1319 3921 cor-

245 3972 313 4052 'ptrs
339 3966 455 4050 ipsius,
489 3965 654 4053 plenitudo
686 3968 772 4052 ejus,
817 3968 873 4051 qui
906 3966 1008 4031 omnia
1038 3968 1072 4032 in
1100 3966 1243 4032 omnibus
1263 3968 1322 4030 ad.

254 4072 409 4159 impletur.

246 4182 259 4189 ''
333 4182 497 4246 'Coiosn
526 4183 602 4244 nt:
630 4181 749 4265 Igitur,
785 4182 812 4243 ai
832 4186 1064 4246 consurrexistis
1087 4202 1158 4244 cnm
1183 4180 1322 4261 Christo,

255 4312 335 4379 quae
353 4312 477 4356 sursum
505 4302 599 4368 aunt,
633 4292 790 4371 quaerite,
822 4290 879 4357 ubi
899 4290 1043 4356 Christos
1073 4301 1120 4357 eat
1143 4293 1177 4355 in
1200 4291 1324 4355 dextera
