2768 4762
358 340 854 465 ·oucatooo'
1056 373 1152 445 ·ma

53 556 212 635 niniati,
233 553 284 618 rel
305 554 331 617 ri
353 560 525 641 expressius
539 554 706 618 dicendum
727 567 799 633 est,¹
813 553 920 617 deitati
942 551 1064 616 debitus
1077 540 1321 636 cui-32523f'1ss,

54 655 143 718 tus,
166 655 412 726 propterquam
432 664 497 704 uno
519 641 618 707 verbo
639 640 895 724 significandum,
928 642 1076 722 quoniam
1095 642 1343 736 sa-ffffiffij

70 731 113 790 tis
133 726 209 788 mibi
230 726 377 788 idoneum
397 747 460 787 non
479 724 620 789 occurrit
638 728 807 802 Latinum,
838 727 978 802 Graeco,
1010 723 1067 783 nbi
1089 744 1146 784 ne·

71 828 157 898 cesse
189 824 258 889 est,
295 813 436 884 insinuo,
471 812 549 894 quid
584 810 674 872 velim
707 811 819 870 dicere.
868 809 1002 870 Latriam
1025 810 1144 893 quippe

68 900 185 968 nostri,
205 896 387 978 ubicunque
408 910 582 958 sanctarum
603 898 831 978 scripturarum
847 896 986 978 positum
1007 906 1069 970 est,
1093 896 1144 953 in·
1233 902 1235 906 “

67 985 232 1066 terpretati
260 992 332 1042 sunt
353 983 541 1046 servitutem.
584 980 646 1042 Sed
670 1000 705 1040 ea
732 981 863 1040 servitus
875 1021 884 1054 ‚
907 998 987 1061 quae
1010 977 1142 1039 debetur
1154 987 1270 1037 emrtuo-

68 1065 279 1147 bominibus,¹
305 1066 473 1127 secundum
502 1086 595 1147 quam
625 1066 779 1148 praecipit
810 1063 1001 1148 Apostolus,
1022 1083 1141 1124 servos
1152 1041 1284 1143 ffliffl'*

67 1149 212 1212 Dominis
244 1152 308 1212 suis
348 1149 491 1211 subditos
526 1172 590 1211 esse
611 1148 738 1223 ,dehere
751 1192 761 1224 ,
792 1147 854 1208 alio
890 1151 1013 1207 nomine
1029 1168 1142 1290 praece
1168 1208 1183 1229 ἦ

67 1237 244 1318 nuncupari
275 1234 363 1295 solet.
417 1235 521 1295 Latria
547 1255 646 1309 vero,
679 1232 850 1293 secundum
877 1243 1027 1290 consuetu
1050 1233 1141 1308 inem,

68 1339 133 1401 qua
154 1319 254 1381 locuti
273 1331 364 1395 sunt,
387 1320 442 1405 qui
460 1318 553 1379 nobis
574 1319 678 1377 divina
702 1317 827 1399 eloquia
848 1314 1068 1389 condiderunt,
1088 1327 1144 1376 aut

66 1424 189 1487 semper
206 1416 259 1465 aut
273 1415 335 1464 tam
351 1403 532 1484 frequenter
550 1415 587 1463 ut
603 1422 682 1484 pene
700 1421 830 1483 semper,
854 1420 889 1459 ea
913 1399 1032 1467 dicitur
1044 1400 1142 1458 servi-

66 1500 136 1564 tus,
171 1509 250 1569 quae
284 1489 420 1570 pertinet
447 1486 487 1547 ad
513 1486 679 1546 colendum
708 1487 818 1545 Deum.
865 1482 1006 1544 Proinde
1026 1484 1052 1542 si
1072 1486 1144 1543 t'an·

67 1572 231 1633 tnmmodo
253 1571 355 1631 cultus
380 1573 446 1653 ipse
467 1569 612 1647 dicatur,
634 1589 698 1630 non
722 1569 782 1631 soli
802 1570 870 1629 Deo
888 1566 996 1630 deberi
1008 1563 1142 1627 ridetur.
1151 1570 1245 1619 catus.

65 1657 213 1716 Dicimur
243 1657 323 1714 enim
356 1661 446 1715 etiam
475 1654 580 1714 colere
605 1653 761 1732 homines,
795 1675 875 1737 quos
897 1648 1073 1712 honorifica
1094 1648 1144 1712 vel

66 1739 287 1799 recordatione
319 1737 368 1819 vel
402 1741 576 1820 praesentia
607 1738 849 1821 frequentamus.
891 1735 1076 1807 Necsolum
1096 1755 1142 1812 ea,

67 1821 194 1903 quibus¹
213 1843 272 1884 nos
302 1823 446 1908 religiosa
474 1822 648 1887 bumilitate
683 1822 886 1907 subjicimus,
916 1819 971 1882 sed
992 1817 1142 1902 quaedam

69 1907 170 1984 ctiam,
192 1927 272 1988 quae
285 1907 428 1990 subjecta
448 1921 522 1971 sunt
536 1907 647 1985 nobis,
669 1905 732 1969 coli
752 1905 969 1990 perhibentur.
1010 1903 1087 1965 Nam
1106 1924 1142 1965 ex

63 1986 129 2049 boc
153 1990 249 2051 verbo
278 1993 458 2076 agricolae,
492 2004 524 2054 et
549 1979 675 2069 selebi,
697 2002 729 2053 et
747 1990 870 2054 incolae
888 2000 1051 2055 vocantur.
1091 1987 1141 2050 Ac

61 2092 121 2218 per
138 2073 200 2137 boc
218 2073 336 2138 cultum
355 2078 481 2160 quidem
504 2095 568 2138 non
590 2074 699 2137 deberi
721 2078 781 2136 nisi
802 2076 887 2152 Deo,
910 2077 1042 2158 propria
1061 2094 1142 2158 qua·

86 2179 134 2218 am
149 2162 279 2222 notione
298 2160 387 2223 verbi
409 2161 508 2244 hujus
531 2163 722 2236 verissimum
744 2172 799 2223 est.
843 2159 906 2221 Sed
917 2161 989 2241 quia
1008 2170 1041 2220 et
1063 2159 1142 2221 alia-

62 2261 133 2302 rum
148 2265 253 2305 rerum
273 2245 391 2306 dicitur
413 2247 538 2322 cultus,
559 2244 632 2307 ideo
654 2246 747 2306 latine
767 2265 833 2306 uno
861 2243 958 2306 verbo
984 2241 1141 2327 significa-

60 2331 90 2387 ri
125 2328 226 2388 cultus
257 2330 326 2389 Deo
355 2329 478 2390 debitus
508 2349 573 2389 non
601 2341 715 2411 potest
769 2329 847 2389 Nam
874 2341 905 2388 et
930 2331 940 2387 i
964 2349 997 2388 sa
1017 2328 1138 2412 religio,
1148 2321 1247 2378 ΜΨ·

62 2413 202 2490 quamvis
233 2410 411 2471 distinctius
432 2432 498 2470 non
520 2411 711 2492 quemlibet,
741 2412 795 2471 sed
823 2413 883 2471 Dei
906 2349 1025 2472 cultum
1043 2414 1141 2495 signi-

61 2491 158 2554 ficare
178 2491 336 2554 rideatur:
371 2494 454 2553 unde
490 2494 550 2554 isto
575 2497 700 2554 nomine
724 2496 921 2576 interpretati
944 2506 1018 2555 sunt
1038 2499 1140 2556 nostri

64 2597 154 2653 eam,
186 2596 267 2658 quae
300 2594 409 2660 graece
439 2570 564 2654 &penio
587 2576 719 2637 dicitur:
752 2589 854 2637 tamen
874 2580 947 2658 quia
969 2577 1063 2638 latina
1090 2579 1142 2639 lo-

60 2660 177 2743 quendi
195 2659 440 2733 consuetudine,
462 2678 527 2720 non
547 2659 649 2720 solum
666 2649 903 2743 imperitorum,
927 2665 1139 2723 verumetiam

60 2747 311 2807 doctissimorum
329 2757 360 2806 et
387 2743 626 2828 cognationibus
648 2742 788 2807 humanis
816 2758 908 2831 atque
925 2744 1139 2825 affinitatibus,

59 2842 92 2890 et
106 2828 284 2912 quibusque
310 2827 590 2891 necessitudinibus
605 2829 721 2891 dicitur
739 2829 911 2892 exbibenda
931 2829 1056 2914 religio:
1074 2851 1140 2892 nou

59 2935 99 2974 eo
121 2913 278 2977 vocabulo
295 2916 411 2976 vitatur
439 2912 638 3000 ambiguum,
673 2935 745 2975 cum
767 2913 806 2975 de
827 2915 913 2977 cultu
932 2914 1053 2975 deitatis
1068 2934 1142 2974 rar-

20 3016 34 3029 ·
56 3000 139 3059 titur
162 3001 322 3081 quaestio:
346 3012 382 3061 ut
403 2997 537 3061 fidenter
563 3001 667 3062 dicere
686 2999 849 3075 valeamus,
873 2988 1061 3083 religionem
1075 3018 1140 3060 uon

58 3103 123 3142 esse
144 3086 203 3143 nisi
230 3085 289 3144 Dei
320 3084 454 3145 cultum:
491 3087 639 3167 quoniam
665 3085 788 3146 videtur
817 3083 880 3145 boc
898 3082 1028 3143 verbum
1045 3085 1141 3167 asig-

58 3164 217 3228 nificando
233 3166 428 3230 observantia
444 3170 692 3252 propinquitatis
720 3168 870 3229 humanae
893 3167 1063 3229 insolenter
1081 3189 1141 3229 au-

57 3249 146 3311 ferri.
204 3252 306 3313 Pietas
338 3273 465 3335 quoque
503 3257 635 3337 proprie
669 3255 728 3314 Dei
765 3254 869 3314 cultus
893 3251 1025 3337 intelligi
1048 3246 1234 3330 soleam
1277 3268 1281 3278 ·

58 3349 152 3416 quam
169 3336 281 3397 Graeci
304 3341 432 3405 ιυήβείιι
452 3348 576 3397 vocant.
620 3339 703 3399 Haec
720 3350 821 3399 tamen
847 3351 877 3399 et
903 3359 936 3397 er
958 3349 1138 3420 aparentes

58 3416 202 3481 officiose
243 3420 352 3482 baberi
387 3422 513 3485 dicitur.
572 3423 664 3483 More
690 3435 791 3484 autem
825 3421 910 3505 vulgi
938 3359 1000 3482 boc
1025 3440 1137 3482 nomen

54 3506 148 3563 etiarn
181 3507 213 3563 in
245 3506 393 3588 operibus
423 3505 655 3567 misericordiae
684 3507 917 3589 frequentatur:
952 3505 1041 3589 quod
1065 3506 1136 3568 ideo

53 3587 198 3649 arbitror
224 3593 377 3668 evenisse,
408 3594 483 3674 quia
510 3590 585 3650 baec
616 3589 685 3653 fieri
727 3595 870 3674 raecipue
889 3591 975 3650 Deus
1000 3592 1135 3668 mandat,

53 3693 154 3755 eaque
178 3672 239 3733 sibi
272 3674 320 3735 vel
357 3697 429 3758 pro⁴
450 3673 634 3752 sacrificiis,
666 3613 723 3735 vel
736 3697 812 3759 prae
832 3673 991 3736 sacrificiis
1014 3675 1137 3757 placere
1183 3700 1192 3709 ·

55 3769 198 3818 testatur.
252 3759 299 3818 Er
333 3782 393 3842 qua
427 3760 577 3842 loquendi
601 3756 824 3820 cousuetudine
843 3760 1035 3837 factumest,
1058 3773 1138 3820 utet

54 3838 141 3901 Deus
158 3846 223 3925 ipse
249 3843 372 3904 dicatur
396 3848 489 3929 pius:
512 3865 605 3926 quem
619 3866 691 3905 sane
711 3846 823 3905 Graeci
842 3843 930 3904 nulio
946 3865 1005 3904 suo
1018 3865 1139 3904 sermo·

54 3927 102 3984 nis
116 3930 292 3991 ususdesea'n
309 3944 432 4007 vocant,
459 3931 596 4012 quamvis
613 3922 743 3991 edentulo
755 3950 816 4011 pro
830 3929 1043 3989 misericordia
1063 3927 1139 3989 illo-

58 4028 126 4069 rum
157 4016 248 4072 etiam
276 4013 385 4098 vulgus
414 4027 553 4096 usurpet.
597 4013 688 4073 Unde
706 4015 739 4071 in
757 4014 942 4096 quibusdam
962 4016 1138 4095 scriptura-

58 4111 126 4154 rum
155 4095 252 4173 locis,
294 4112 330 4158 ut
355 4100 515 4161 distinctio
539 4101 657 4164 certior
679 4113 860 4180 appareret,
899 4119 961 4157 non
998 4102 1136 4172 sternetur,
1219 4148 1221 4155 ,

54 4179 142 4258 quod
163 4202 198 4240 ex
231 4180 317 4243 bono
350 4184 458 4260 cultu,
490 4182 544 4242 sed
578 4183 749 4256 tetendebat,
783 4182 871 4266 quod
905 4197 939 4240 cr
963 4182 1021 4240 Dei
1049 4180 1138 4240 cultu

49 4268 259 4348 compositum
290 4282 435 4346 resonat,
470 4266 575 4331 dicere
596 4265 781 4329 maluerunt.
823 4265 1015 4333 Utrumlibet
1035 4277 1137 4328 eutem
