2768 4762
237 362 360 454 ixxw
425 363 456 407 ·''·
476 350 850 454 areomarensi«,
872 384 1086 467 quonum:
1109 382 1131 395 *¹

374 642 476 681 ⁴¹²⁷·
556 649 1028 719 nasu·aaos1o;''

317 934 487 991 assutus
515 936 636 1009 Magnus
664 933 756 1029 Epist.
782 939 825 992 55.
858 929 895 986 ad
918 933 1019 988 Ambe
1046 935 1142 1007 Episc.
1172 938 1311 999 Medion:

246 1031 492 1091 Glorilicavimus
496 1030 590 1086 Deum
606 1018 756 1109 nostrum,
777 1020 828 1102 qui
853 1028 923 1082 olim
949 1026 1064 1102 quidem
1087 1049 1121 1086 ex
1145 1039 1312 1105 pastoribus

125 1118 128 1138 ⁵
248 1129 345 1185 ovium
360 1127 470 1200 populo
489 1143 540 1181 suo
554 1125 716 1198 principem
730 1124 882 1191 excitavit,
902 1135 931 1178 et
951 1125 1038 1180 Amos
1053 1125 1089 1180 da
1107 1143 1195 1202 grege
1214 1150 1311 1205 capra

247 1244 313 1280 rum
336 1233 494 1298 ιιιιιιριιιω,
522 1220 626 1319 spiritu
647 1238 699 1276 suo
726 1220 875 1286 instruxit,
896 1218 978 1274 etad
992 1221 1197 1331 propheticam
1219 1227 1311 1301 digni.

245 1331 333 1377 tatem
356 1310 473 1393 extulit:
493 1334 568 1370 nunc
585 1334 658 1371 vero
672 1312 774 1371 virum
791 1320 826 1371 'ex
839 1315 914 1370 urbe
930 1300 1049 1393 slegil,
1049 1317 1095 1370 cni
1112 1319 1202 1399 totius
1219 1326 1311 1395 gentis

243 1400 429 1493 principatus
438 1392 635 1466 concreditus
657 1420 738 1477 crat,
767 1400 909 1484 sapientia
926 1410 1097 1479 sublimem,
1126 1418 1241 1488 generis
1256 1419 1312 1474 cla

243 1513 348 1577 ritate,
367 1502 444 1564 vilae
444 1505 633 1591 splendore,
664 1495 767 1560 or'andi
790 1507 925 1562 facultate
955 1516 984 1562 et
1012 1507 1100 1563 rebus
1118 1511 1313 1570 soecularibus

242 1604 421 1693 illustrem,
421 1600 458 1658 ad
481 1620 600 1695 gregum
623 1598 736 1656 Christi
748 1602 895 1675 pasturam
914 1603 1015 1669 trexit,
1036 1603 1087 1677 qui
1102 1607 1242 1678 projectis
1259 1610 1310 1664 hm

240 1703 286 1785 jus
309 1699 386 1755 vitae
399 1672 509 1774 opilius
529 1694 692 1764 univorsis,
709 1714 825 1783 proque
848 1696 952 1753 damno
971 1698 1091 1764 habitis,
1112 1712 1144 1756 ut
1166 1701 1311 1761 Christum

239 1788 444 1858 lucrifaceret,
465 1792 615 1847 commissa
636 1790 693 1845 sibi
711 1793 806 1864 magni
825 1794 1010 1866 acpraeclari
1023 1795 1143 1869 navigii,
1162 1800 1308 1859 Ecclesiae

240 1888 378 1946 videlicet
393 1887 464 1947 Dei,
484 1886 513 1939 in
534 1884 591 1939 fide
606 1884 730 1951 Christi,
751 1888 945 1959 gubernacula
964 1891 1082 1963 accepit
1130 1891 1191 1967 Age
1221 1897 1309 1970 igitur

238 1987 327 2041 homo
346 1984 418 2049 Dei,
444 1979 723 2057 quandoquidem
699 1999 757 2035 ιιοιι
778 1982 815 2036 ab
837 1983 1001 2039 hominibus
1023 1988 1157 2059 accepisti
1177 2002 1226 2046 aut
1242 1992 1308 2048 doe-

240 2092 287 2137 tus
324 2099 354 2136 ee
390 2075 579 2150 Evangelium
613 2075 742 2145 Christi,
768 2075 853 2133 sed
845 2095 905 2151 spse
939 2088 969 2136 te
1003 2078 1179 2138 Dominuse
1208 2088 1307 2144 medio

240 2174 378 2237 Indicum
389 2176 486 2263 terrae
503 2170 699 2245 desumptum,
720 2170 757 2228 sal
774 2172 998 2248 praesidentiam
1009 2178 1204 2251 Apostolicens
1215 2192 1306 2240 mens-

241 2268 323 2330 tulit:
345 2282 424 2328 certa
436 2270 547 2327 bonum
567 2279 713 2326 certamen
729 2279 785 2331 etc.

270 2518 275 2527 ,
312 2460 551 2525 suuusmnus
581 2462 614 2529 L.
630 2468 655 2525 1.
680 2464 757 2523 cont.
782 2445 888 2522 Julian.
908 2463 1004 2539 Pelag.
1022 2473 1104 2528 ιλιι
1131 2465 1190 2523 Sed
1215 2469 1306 2526 adhuc

239 2553 301 2614 villi
320 2546 409 2615 alium
439 2562 625 2619 excellentem
654 2562 719 2617 DEI
746 2561 989 2635 dispensatorem,
1014 2579 1100 2639 quem
1125 2582 1253 2618 veneror
1273 2578 1306 2622 nt

236 2644 369 2728 patrem:
391 2655 421 2711 in
443 2656 607 2713 CHRISTO
628 2636 706 2714 eniln
723 2656 811 2712 JESU
832 2672 888 2729 per
908 2657 1094 2730 Evangelium
1111 2657 1171 2730 ip'se
1195 2677 1240 2715 me
1259 2679 1304 2734 ge.

223 2731 315 2817 nuit,
346 2761 375 2807 et
401 2769 437 2808 co
463 2752 571 2808 christi
595 2752 729 2807 ministro
754 2750 902 2806 lavacrum
929 2751 1160 2822 regenerationis
1184 2758 1303 2830 accepi:

235 2843 352 2899 beatum
375 2845 485 2923 loquor
503 2846 707 2913 Ambrosium,
733 2846 814 2917 cujus
839 2864 896 2920 pro
918 2844 1064 2900 catholica
1085 2846 1142 2903 fide
1164 2853 1303 2923 gratiam,

235 2938 440 3010 constantiam,
459 2943 593 3009 labores,
613 2940 760 3018 pericula,
780 2942 842 2996 sive
858 2941 1015 3014 operibus,
1043 2943 1104 2998 siva
1122 2947 1305 3002 sermonibus

233 3045 265 3090 et
282 3034 343 3108 ipse
364 3053 426 3091 sum
448 3049 599 3113 expertus,
628 3049 657 3094 et
677 3037 789 3093 mecum
813 3055 872 3092 non
896 3034 1009 3094 dubitet
1032 3038 1113 3095 orbis
1132 3041 1304 3114 praedicare

219 3116 392 3193 Romanus.
428 3133 465 3190 Et
477 3134 510 3190 Ιι.
525 3135 564 3196 ΙΙ.
582 3143 659 3190 cont.
681 3128 786 3193 cunels
806 3134 844 3187 Et
862 3133 926 3205 quis
945 3132 1016 3188 haec
1034 3134 1123 3192 dicits
1142 3138 1236 3192 Homo
1248 3140 1304 3195 Dei

238 3223 418 3296 Catholieus,
438 3226 468 3284 et
488 3228 652 3301 Catholicae
668 3215 800 3284 veritatis
820 3225 956 3284 adversus
972 3229 1133 3288 haereticos
1151 3248 1244 3306 usque
1265 3232 1303 3289 ιὰ

236 3320 398 3394 periculum
420 3324 566 3399 sanguinis
587 3323 723 3381 defensor
738 3323 921 3386 Ambrosius.

308 3504 568 3591 CASSIODORUS
587 3518 711 3575 Senator
728 3517 762 3578 Ῑι.
784 3516 820 3574 <le
839 3515 931 3572 divin.
956 3519 1118 3580 lectionsc.
1130 3528 1194 3582 20.:
1215 3522 1302 3577 Sanc.

236 3620 282 3665 tus
303 3610 419 3688 quoque
441 3612 611 3669 Ambrosius
629 3598 716 3669 lactei
732 3611 874 3666 sermonis
893 3624 1057 3680 emanator,
1078 3630 1141 3667 cum
1160 3615 1302 3690 gravitate

236 3718 350 3772 acutus,
376 3709 559 3782 perviolenta
585 3707 773 3784 persuasione
799 3705 994 3762 dulcissimuss
1025 3710 1071 3763 cui
1095 3709 1152 3766 fuit
1173 3711 1303 3786 aequalis

236 3796 369 3857 doctrina
388 3821 451 3859 cuin
469 3804 545 3874 vita,
573 3802 735 3907 quando
708 3822 736 3861 es
757 3819 815 3859 non
836 3803 935 3878 parvis
953 3803 1101 3862 miraculis
1120 3809 1213 3883 gratia
1228 3808 1303 3864 divi-

234 3895 333 3954 nitatis
351 3899 459 3959 arrisit.
