2768 4762
410 404 820 473 ECGLESIAB.
1067 404 1150 479 m

68 601 155 664 Ecce
179 596 232 659 hie
255 607 301 658 est
327 592 541 669 CHRISTUS,
574 613 645 654 eece
666 590 740 653 illie.
784 590 848 668 Qui
870 588 964 666 dicit,
998 608 1069 651 eccs
1092 586 1328 666 hienreuanas.

71 699 137 762 est,
156 705 225 744 eece
239 681 322 757 illic,
346 680 385 741 ad
407 691 510 761 partes
532 674 663 742 inducit.
706 677 858 738 Unitatem
881 675 1028 760 promisit
1042 675 1145 738 Deuss

72 791 161 845 repes
185 771 221 827 io.
245 787 340 826 unum
369 763 493 824 collecti
521 776 612 840 sunt,
637 782 701 823 non
733 782 791 845 per
807 759 970 822 schismata
1005 759 1145 845 dissipati

72 848 153 914 sunt
209 852 269 911 Sed
303 851 385 909 forte
412 850 469 907 ista
501 849 624 922 civitas,
663 868 742 929 quae
765 845 914 907 mundum
938 847 1060 923 tenuit,
1085 845 1145 907 alt-

71 937 201 1020 qnando
236 933 412 995 evertetur?
455 929 564 992 Absit:
598 934 681 991 Deus
715 930 857 991 fundarit
892 951 957 992 eam
988 932 1021 991 iu
1043 941 1323 1005 aetetbttsetsstnts·

67 1044 153 1083 trum.
198 1020 230 1080 Si
254 1040 329 1101 ergo
350 1038 414 1076 earn
434 1016 519 1076 Detts
538 1015 680 1077 fundavit
695 1018 728 1076 in
752 1027 926 1094 aeternum,
949 1014 1025 1099 quid
1043 1017 1142 1095 times,
1153 992 1262 1041 'ml'

66 1128 109 1167 ne
131 1106 220 1166 cadat
248 1099 495 1164 firmatnentum?
1067 1138 1070 1143 .

160 1205 186 1258 1.
210 1190 245 1247 E.
291 1184 500 1246 otttGENES
535 1196 625 1243 tract.
651 1196 701 1252 29.
725 1183 758 1243 in
788 1179 914 1243 Mattio:
945 1179 1028 1244 Vide
1053 1203 1325 1274 ετςοηωᾶω

26 1310 32 1323 ·
69 1278 98 1337 si
114 1275 153 1335 ad
169 1275 243 1333 haec
267 1274 368 1351 dicere
386 1289 568 1353 possumus,
591 1268 678 1349 quod
700 1268 759 1328 ait:
782 1266 864 1329 Eece
883 1264 946 1343 hic,
968 1284 1041 1328 ecee
1061 1267 1139 1339 illie:
1152 1275 1216 1363 {pp
1232 1282 1323 1316 rotatu

67 1363 219 1443 quoniam
252 1376 322 1415 ecee
357 1354 428 1430 hic,
463 1373 534 1413 eece
553 1352 639 1429 illic,
659 1372 724 1412 non
747 1365 830 1413 extra
848 1353 1034 1434 scripturam
1055 1336 1324 1431 forminiaeiiii}

67 1441 304 1526 adspiciendum
333 1450 387 1499 est.
430 1438 523 1498 Dicet
551 1441 646 1513 enim,
677 1438 730 1519 qui
749 1436 896 1498 seducere
920 1435 1054 1497 voluerit
1071 1420 1273 1514 nos,”“¹¹¹³⁸·

69 1543 104 1590 et
136 1526 300 1586 defendere
326 1524 482 1583 contraria
501 1523 639 1581 veritati:
672 1521 820 1583 Eecelrie
850 1520 1063 1598 CHRISTUS,
1086 1518 1145 1580 ds-

50 1624 247 1674 -nronstrans
277 1607 376 1685 (verbi
402 1608 515 1689 gratia)
544 1604 627 1666 hune
655 1604 814 1691 Evangelii
837 1605 951 1666 locum.
1004 1603 1143 1673 Alterius

71 1712 176 1758 atatem
205 1696 320 1755 erroris
351 1704 462 1751 auctor
490 1691 590 1751 dicet:
627 1691 709 1750 Ecce
744 1694 795 1750 lric
820 1689 981 1767 Christus,
1008 1690 1142 1753 offerens
1177 1681 1309 1728 mmm·

73 1783 116 1841 ad
141 1779 308 1861 exemplum
342 1776 471 1836 alterum
496 1788 631 1850 textum,
664 1776 717 1857 qui
733 1775 856 1835 videtne
874 1774 1040 1836 defendere
1055 1741 1322 1836 men-iiiilliiiiil

74 1865 156 1923 darii
184 1863 267 1922 illius
296 1860 444 1934 verbum,
474 1860 563 1942 quod
580 1874 582 1879 ’
599 1863 768 1942 proposuit
794 1859 967 1919 vindicare:
989 1862 1085 1921 etsie
1108 1878 1144 1921 ex
1155 1832 1255 1928 ἕξω
1271 1845 1320 1877 ⁸⁰⁸

74 1949 143 2027 lege
172 1960 202 2006 et
229 1945 391 2029 prophetis
422 1956 452 2004 et
472 1943 632 2026 Apostolis
679 1942 780 2003 rofert
798 1944 1030 2026 unusquisque,
1065 1964 1145 2028 quae

70 2033 219 2089 ridentur
239 2030 404 2089 defendere
423 2029 615 2087 mendacium
633 1965 731 2104 illud,
759 2038 870 2108 utpote
884 2029 1051 2089 veritatem.
1084 2027 1146 2090 Vel

70 2120 117 2178 sic
150 2113 318 2195 impletur,¹
341 2111 427 2194 quod
454 2112 513 2170 aits
543 2110 625 2170 Ecce
652 2107 705 2171 lrie
733 2110 949 2189 CHRISTUS,
970 2132 1042 2174 eece
1068 2112 1146 2191 illic,

73 2200 236 2261 ostendens
264 2218 328 2257 noa
363 2195 590 2271 CHRlSTUM,
622 2195 676 2255 aed
711 2194 845 2277 aliquem
875 2193 984 2257 fictum
1005 2196 1147 2281 ejusdem

72 2286 221 2357 nominis,
252 2292 379 2361 utputa
395 2280 564 2339 secundum
582 2280 750 2340 Marcionis
769 2279 958 2356 doctrinam,
985 2293 1016 2343 et
1033 2302 1147 2343 seeun-

73 2369 149 2427 dnm
168 2365 351 2425 traditiones
369 2360 543 2435 Valentini,
578 2374 632 2421 aut
652 2362 792 2423 Basilidis
817 2363 942 2447 longam
961 2363 1148 2427 fabulosita-

73 2465 158 2520 tem,
191 2458 245 2505 aut
276 2443 444 2505 seeundum
472 2441 591 2524 Apellis
621 2443 766 2504 adversus
786 2446 918 2507 Paulum
935 2452 1147 2511 testimouium

77 2534 198 2591 falsum.
252 2530 355 2587 Erunt
382 2540 483 2586 autem
505 2525 602 2585 etalii
618 2526 738 2611 plures,
768 2530 822 2610 qui
848 2529 962 2591 dicturi
987 2544 1060 2594 suat
1079 2533 1147 2594 dis-

78 2615 191 2697 cipulis
219 2635 253 2674 ex
283 2613 393 2672 divinis
419 2612 605 2693 seripturis,
645 2612 867 2694 conjungentes
888 2616 931 2674 eis
957 2636 1048 2675 suum
1067 2638 1147 2701 proa

10 2744 26 2765 ,
76 2704 180 2784 prium
215 2719 348 2758 sensum:
383 2697 467 2757 Ecce
490 2694 542 2753 hie
575 2706 621 2755 est
644 2695 864 2774 CHRISTUS,
897 2719 968 2758 ecce
994 2700 1069 2760 illte.
1113 2700 1148 2762 Si

76 2798 178 2845 antem
201 2783 334 2842 dixerint
353 2781 463 2855 vobis,
488 2799 558 2839 ecce
580 2780 612 2839 in
633 2779 814 2857 solitudine,
835 2781 933 2842 nolite
955 2785 1053 2845 exire:
1077 2804 1149 2845 eece

76 2871 110 2929 ia
132 2868 293 2942 domibus,
326 2865 422 2925 nolite
446 2863 582 2923 eredere.
640 2864 776 2940 Quidam
801 2868 881 2925 enim
904 2881 1021 2930 secreta
1039 2869 1150 2952 profe-

76 2967 198 3026 rentes,
220 2952 343 3011 dicunt:
366 2951 448 3010 Ecce
467 2952 499 3008 in
521 2947 699 3009 solitudine.
758 2950 894 3027 Quando
916 2953 996 3013 enim
1016 2965 1148 3015 secretas

22 3076 25 3081 -
76 3050 110 3097 et
142 3058 203 3095 non
237 3034 373 3116 vulgatas
406 3036 576 3119 scripturas
611 3034 780 3119 proferunt
810 3036 849 3096 ad
883 3035 1148 3100 confirmationem

10 3140 32 3175 =
76 3121 229 3183 mendacii
253 3121 319 3193 sui,
353 3117 497 3178 videntur
527 3117 642 3178 dicere:
678 3118 758 3179 Ecce
780 3120 811 3179 in
830 3120 999 3183 solitudine
1017 3121 1148 3183 verbum

10 3222 31 3263 ι
78 3218 127 3266 est
160 3205 304 3263 veritatis.
359 3203 501 3263 Secretae
528 3205 607 3261 enim
630 3206 823 3286 scripturae,
857 3220 939 3266 recte
963 3207 1148 3269 solitudines

60 3288 299 3372 appellantur,
322 3295 353 3345 in
373 3287 486 3368 quibus
508 3298 562 3345 aut
582 3289 672 3369 pauci
694 3299 767 3348 sunt
787 3288 955 3368 eredentes,
968 3305 1022 3353 ant
1034 3290 1148 3351 nullus.

10 3396 33 3437 ι.
78 3376 210 3450 Quoties
242 3383 342 3431 autem
375 3373 537 3432 canonicas
564 3370 732 3453 proferunt
762 3376 951 3456 scripturas,
977 3374 1149 3458 inquibus

10 3480 33 3519 et
77 3461 178 3519 oannis
216 3455 408 3517 Christianus
424 3458 595 3515 'consentit
627 3467 658 3514 et
686 3456 804 3536 credit,
845 3459 989 3519 videntur
1021 3460 1145 3521 dicere:

77 3544 162 3605 Ecce
189 3543 220 3600 in
248 3540 391 3601 domibus
419 3538 548 3599 verbum
569 3550 614 3603 est
633 3542 779 3602 veritatis.
821 3540 883 3603 Sed
907 3551 963 3603 nos
985 3544 1049 3605 illis
1077 3564 1148 3605 ere-
1169 3558 1315 3600 aarum..

10 3658 28 3692 -ε
57 3629 153 3707 ,dere
180 3647 243 3708 noa
266 3624 428 3701 debemus,
451 3645 506 3682 nec
525 3626 606 3682 exire
623 3644 640 3684 a
659 3628 758 3706 prima
776 3638 807 3686 et
825 3627 1028 3691 ecclesiastica
1045 3606 1327 3698 tradi-lalltlalillll

10 3744 57 3781 2„
77 3715 180 3785 tione,
212 3731 267 3769 nce
297 3709 386 3770 aliter
409 3709 550 3784 credere,
588 3709 645 3767 nisi
670 3711 927 3790 quemadmodum
947 3734 1004 3796 per
1025 3705 1327 3809 succes-{r'ffissssffssg

10 3834 27 3861 --.
79 3798 198 3857 sionem
223 3794 377 3853 Ecclesiae
400 3794 458 3852 Dei
477 3792 673 3853 tradiderunt
690 3794 790 3855 nobis.
846 3796 904 3857 Vel
926 3800 992 3858 sice
1026 3799 1331 3860 Eorumomtomae·

10 3915 33 3952 5,
80 3880 246 3941 verborum
272 3879 422 3939 falsorum
452 3878 663 3960 professores,
709 3880 833 3960 quidam
862 3881 987 3962 quidem
1021 3903 1079 3943 nec
1107 3861 1233 3943 abm

10 3981 33 4048 413
83 3964 170 4024 initio
195 3964 338 4023 simulant
358 3965 548 4044 scripturas,
571 3973 602 4020 et
624 3963 667 4022 sic
689 3961 795 4024 fallere
817 3977 945 4026 tentant.
988 3968 1065 4029 Ideo
1089 3971 1152 4045 (ex-

10 4076 34 4122 ,r
82 4047 197 4122 istimo)
235 4069 287 4109 eos
320 4067 489 4121 sermones,
528 4047 677 4127 quisunt
703 4051 829 4111 omnino
852 4062 936 4111 extra
958 4055 1154 4137 scripturam,

85 4133 247 4193 ostendere
277 4132 399 4208 voleus,
433 4130 527 4190 dixit:
549 4130 581 4188 Si
604 4130 737 4193 dixerint
753 4134 865 4213 robis,
898 4156 968 4199 ecee
989 4140 1021 4198 in
1042 4137 1156 4199 solitu-

10 4229 36 4291 Β
84 4214 157 4277 dine
185 4228 246 4295 est,
267 4217 364 4277 nolite
381 4218 462 4277 exire
483 4214 521 4274 de
540 4214 645 4300 regula
670 4213 753 4278 lidei.
797 4219 860 4281 Eos
881 4234 1002 4300 autem,
1037 4223 1093 4304 qui
1118 4216 1158 4281 ad

10 4304 36 4379 il
81 4298 216 4364 schism
261 4300 410 4363 simulant
446 4298 565 4364 divinas
603 4301 790 4386 scripturas,
834 4306 998 4368 ostendere
1039 4304 1160 4381 rolens,
