<?xml version="1.0" encoding="UTF-8"?>
<!DOCTYPE html PUBLIC "-//W3C//DTD XHTML 1.0 Transitional//EN"
    "http://www.w3.org/TR/xhtml1/DTD/xhtml1-transitional.dtd">
<html xmlns="http://www.w3.org/1999/xhtml" xml:lang="en" lang="en">
 <head>
  <title>
</title>
<meta http-equiv="Content-Type" content="text/html;charset=utf-8" />
  <meta name='ocr-system' content='tesseract 3.04.00' />
  <meta name='ocr-capabilities' content='ocr_page ocr_carea ocr_par ocr_line ocrx_word'/>
</head>
<body>
  <div class='ocr_page' id='page_1' title='image "./summadoctrinaec00kanigoog_0327.png"; bbox 0 0 2768 4762; ppageno 0'>
   <div class='ocr_carea' id='block_1_1' title="bbox 181 395 1033 501">
    <p class='ocr_par' dir='ltr' id='par_1_1' title="bbox 181 395 1033 501">
     <span class='ocr_line' id='line_1_1' title="bbox 181 395 1033 501; baseline 0.006 -45"><span class='ocrx_word' id='word_1_1' title='bbox 181 484 183 501; x_wconf 33' lang='grc' dir='ltr'>Ι</span> <span class='ocrx_word' id='word_1_2' title='bbox 255 407 344 479; x_wconf 31' lang='grc' dir='ltr'>,ῃο</span> <span class='ocrx_word' id='word_1_3' title='bbox 563 398 641 462; x_wconf 78' lang='lat' dir='ltr'>ns</span> <span class='ocrx_word' id='word_1_4' title='bbox 674 395 940 467; x_wconf 72' lang='lat' dir='ltr'>enarrare</span> <span class='ocrx_word' id='word_1_5' title='bbox 971 397 1033 461; x_wconf 78' lang='lat' dir='ltr'>nr</span> 
     </span>
    </p>
   </div>
   <div class='ocr_carea' id='block_1_2' title="bbox 79 581 1357 1852">
    <p class='ocr_par' dir='ltr' id='par_1_2' title="bbox 268 581 1357 671">
     <span class='ocr_line' id='line_1_2' title="bbox 268 581 1357 671; baseline 0.002 -23"><span class='ocrx_word' id='word_1_6' title='bbox 268 586 315 648; x_wconf 88' lang='lat' dir='ltr'>los</span> <span class='ocrx_word' id='word_1_7' title='bbox 349 587 531 670; x_wconf 83' lang='lat' dir='ltr'>proximor,</span> <span class='ocrx_word' id='word_1_8' title='bbox 561 581 657 646; x_wconf 85' lang='lat' dir='ltr'>babes</span> <span class='ocrx_word' id='word_1_9' title='bbox 680 595 830 660; x_wconf 77' lang='lat' dir='ltr'>martyres</span> <span class='ocrx_word' id='word_1_10' title='bbox 853 585 1029 667; x_wconf 80' lang='lat' dir='ltr'>proximor,</span> <span class='ocrx_word' id='word_1_11' title='bbox 1060 585 1086 648; x_wconf 79' lang='lat' dir='ltr'>ti</span> <span class='ocrx_word' id='word_1_12' title='bbox 1114 587 1180 671; x_wconf 85' lang='lat' dir='ltr'>ipsa</span> <span class='ocrx_word' id='word_1_13' title='bbox 1200 590 1357 666; x_wconf 77' lang='lat' dir='ltr'>martyri-</span> 
     </span>
    </p>

    <p class='ocr_par' dir='ltr' id='par_1_3' title="bbox 79 670 1356 1009">
     <span class='ocr_line' id='line_1_3' title="bbox 268 670 1353 754; baseline 0.006 -24"><span class='ocrx_word' id='word_1_14' title='bbox 268 670 328 732; x_wconf 90' lang='lat' dir='ltr'>bus</span> <span class='ocrx_word' id='word_1_15' title='bbox 350 671 525 732; x_wconf 73' lang='lat' dir='ltr'>devotionis</span> <span class='ocrx_word' id='word_1_16' title='bbox 558 671 724 744; x_wconf 87' lang='lat' dir='ltr'>societate,</span> <span class='ocrx_word' id='word_1_17' title='bbox 760 670 991 730; x_wconf 80' lang='lat' dir='ltr'>misericordiae</span> <span class='ocrx_word' id='word_1_18' title='bbox 1013 690 1141 754; x_wconf 90' lang='lat' dir='ltr'>quoque</span> <span class='ocrx_word' id='word_1_19' title='bbox 1163 674 1353 743; x_wconf 84' lang='lat' dir='ltr'>muneribus</span> 
     </span>
     <span class='ocr_line' id='line_1_4' title="bbox 79 754 1356 840; baseline 0.005 -26"><span class='ocrx_word' id='word_1_20' title='bbox 79 758 234 827; x_wconf 49' lang='lat' dir='ltr'>&#39;unedon-</span> <span class='ocrx_word' id='word_1_21' title='bbox 268 758 514 840; x_wconf 88' lang='lat' dir='ltr'>appropinques.</span> <span class='ocrx_word' id='word_1_22' title='bbox 557 754 720 814; x_wconf 79' lang='lat' dir='ltr'>Proximus</span> <span class='ocrx_word' id='word_1_23' title='bbox 742 765 788 814; x_wconf 91' lang='lat' dir='ltr'>est</span> <span class='ocrx_word' id='word_1_24' title='bbox 809 756 905 828; x_wconf 89' lang='lat' dir='ltr'>enim,</span> <span class='ocrx_word' id='word_1_25' title='bbox 943 757 998 835; x_wconf 93' lang='lat' dir='ltr'>qui</span> <span class='ocrx_word' id='word_1_26' title='bbox 1033 755 1277 817; x_wconf 86' lang='lat' dir='ltr'>misericordiam</span> <span class='ocrx_word' id='word_1_27' title='bbox 1303 761 1356 821; x_wconf 86' lang='lat' dir='ltr'>fa-</span> 
     </span>
     <span class='ocr_line' id='line_1_5' title="bbox 269 818 1353 922; baseline 0.001 -21"><span class='ocrx_word' id='word_1_28' title='bbox 269 844 324 906; x_wconf 80' lang='lat' dir='ltr'>cit.</span> <span class='ocrx_word' id='word_1_29' title='bbox 381 818 444 901; x_wconf 61' lang='lat' dir='ltr'>Flac</span> <span class='ocrx_word' id='word_1_30' title='bbox 472 850 510 899; x_wconf 93' lang='lat' dir='ltr'>tu</span> <span class='ocrx_word' id='word_1_31' title='bbox 530 839 795 914; x_wconf 83' lang='lat' dir='ltr'>misericordiam,</span> <span class='ocrx_word' id='word_1_32' title='bbox 829 850 860 898; x_wconf 91' lang='lat' dir='ltr'>et</span> <span class='ocrx_word' id='word_1_33' title='bbox 881 839 941 899; x_wconf 85' lang='lat' dir='ltr'>eris</span> <span class='ocrx_word' id='word_1_34' title='bbox 961 838 1058 900; x_wconf 90' lang='lat' dir='ltr'>Petro</span> <span class='ocrx_word' id='word_1_35' title='bbox 1081 843 1231 922; x_wconf 75' lang='lat' dir='ltr'>proxima.</span> <span class='ocrx_word' id='word_1_36' title='bbox 1276 843 1353 906; x_wconf 87' lang='lat' dir='ltr'>Non</span> 
     </span>
     <span class='ocr_line' id='line_1_6' title="bbox 267 922 1350 1009; baseline 0.005 -23"><span class='ocrx_word' id='word_1_37' title='bbox 267 925 424 1008; x_wconf 76' lang='lat' dir='ltr'>sanguinis</span> <span class='ocrx_word' id='word_1_38' title='bbox 444 922 658 999; x_wconf 80' lang='lat' dir='ltr'>necessitudo,</span> <span class='ocrx_word' id='word_1_39' title='bbox 679 922 733 982; x_wconf 82' lang='lat' dir='ltr'>aed</span> <span class='ocrx_word' id='word_1_40' title='bbox 754 923 879 983; x_wconf 78' lang='lat' dir='ltr'>virtutis</span> <span class='ocrx_word' id='word_1_41' title='bbox 902 926 1047 1007; x_wconf 82' lang='lat' dir='ltr'>cognatio</span> <span class='ocrx_word' id='word_1_42' title='bbox 1072 924 1149 987; x_wconf 86' lang='lat' dir='ltr'>lacit</span> <span class='ocrx_word' id='word_1_43' title='bbox 1168 928 1350 1009; x_wconf 82' lang='lat' dir='ltr'>proximos:</span> 
     </span>
    </p>

    <p class='ocr_par' dir='ltr' id='par_1_4' title="bbox 266 1005 1350 1181">
     <span class='ocr_line' id='line_1_7' title="bbox 268 1005 1350 1098; baseline 0.006 -28"><span class='ocrx_word' id='word_1_44' title='bbox 268 1013 340 1092; x_wconf 85' lang='lat' dir='ltr'>quia</span> <span class='ocrx_word' id='word_1_45' title='bbox 361 1018 426 1069; x_wconf 76' lang='lat' dir='ltr'>no‘n</span> <span class='ocrx_word' id='word_1_46' title='bbox 441 1009 480 1067; x_wconf 91' lang='lat' dir='ltr'>in</span> <span class='ocrx_word' id='word_1_47' title='bbox 503 1027 595 1068; x_wconf 89' lang='lat' dir='ltr'>earne</span> <span class='ocrx_word' id='word_1_48' title='bbox 624 1005 839 1081; x_wconf 78' lang='lat' dir='ltr'>ambulamus,</span> <span class='ocrx_word' id='word_1_49' title='bbox 872 1007 926 1066; x_wconf 89' lang='lat' dir='ltr'>sed</span> <span class='ocrx_word' id='word_1_50' title='bbox 951 1010 983 1067; x_wconf 95' lang='lat' dir='ltr'>in</span> <span class='ocrx_word' id='word_1_51' title='bbox 1004 1011 1129 1091; x_wconf 89' lang='lat' dir='ltr'>spiritu.</span> <span class='ocrx_word' id='word_1_52' title='bbox 1171 1008 1249 1071; x_wconf 88' lang='lat' dir='ltr'>Ama</span> <span class='ocrx_word' id='word_1_53' title='bbox 1271 1034 1350 1098; x_wconf 77' lang='lat' dir='ltr'>crgo</span> 
     </span>
     <span class='ocr_line' id='line_1_8' title="bbox 266 1089 1350 1181; baseline 0.004 -27"><span class='ocrx_word' id='word_1_54' title='bbox 266 1093 536 1178; x_wconf 74' lang='lat' dir='ltr'>propinquitatem</span> <span class='ocrx_word' id='word_1_55' title='bbox 556 1089 869 1166; x_wconf 50' lang='lat' dir='ltr'>Pctrl„affinitatem</span> <span class='ocrx_word' id='word_1_56' title='bbox 899 1090 1058 1156; x_wconf 79' lang='lat' dir='ltr'>Andreae:</span> <span class='ocrx_word' id='word_1_57' title='bbox 1085 1114 1146 1176; x_wconf 91' lang='lat' dir='ltr'>pro</span> <span class='ocrx_word' id='word_1_58' title='bbox 1168 1106 1200 1155; x_wconf 93' lang='lat' dir='ltr'>te</span> <span class='ocrx_word' id='word_1_59' title='bbox 1222 1112 1350 1181; x_wconf 81' lang='lat' dir='ltr'>rogent,</span> 
     </span>
    </p>

    <p class='ocr_par' dir='ltr' id='par_1_5' title="bbox 267 1173 1352 1265">
     <span class='ocr_line' id='line_1_9' title="bbox 267 1173 1352 1265; baseline 0.006 -26"><span class='ocrx_word' id='word_1_60' title='bbox 267 1191 299 1239; x_wconf 92' lang='lat' dir='ltr'>et</span> <span class='ocrx_word' id='word_1_61' title='bbox 326 1177 472 1238; x_wconf 84' lang='lat' dir='ltr'>recedant</span> <span class='ocrx_word' id='word_1_62' title='bbox 504 1174 690 1258; x_wconf 86' lang='lat' dir='ltr'>cupiditates</span> <span class='ocrx_word' id='word_1_63' title='bbox 725 1188 797 1236; x_wconf 86' lang='lat' dir='ltr'>tuae</span> <span class='ocrx_word' id='word_1_64' title='bbox 825 1173 923 1235; x_wconf 82' lang='lat' dir='ltr'>verbo</span> <span class='ocrx_word' id='word_1_65' title='bbox 952 1177 1013 1238; x_wconf 92' lang='lat' dir='ltr'>Dei</span> <span class='ocrx_word' id='word_1_66' title='bbox 1047 1178 1164 1260; x_wconf 85' lang='lat' dir='ltr'>pulsae.</span> <span class='ocrx_word' id='word_1_67' title='bbox 1208 1181 1251 1243; x_wconf 91' lang='lat' dir='ltr'>Et</span> <span class='ocrx_word' id='word_1_68' title='bbox 1273 1196 1352 1265; x_wconf 92' lang='lat' dir='ltr'>post</span> 
     </span>
    </p>

    <p class='ocr_par' dir='ltr' id='par_1_6' title="bbox 264 1259 1350 1349">
     <span class='ocr_line' id='line_1_10' title="bbox 264 1259 1350 1349; baseline 0.007 -28"><span class='ocrx_word' id='word_1_69' title='bbox 264 1283 381 1346; x_wconf 87' lang='lat' dir='ltr'>pauca:</span> <span class='ocrx_word' id='word_1_70' title='bbox 411 1259 539 1322; x_wconf 83' lang='lat' dir='ltr'>Habetis</span> <span class='ocrx_word' id='word_1_71' title='bbox 567 1281 642 1342; x_wconf 78' lang='lat' dir='ltr'>ergo</span> <span class='ocrx_word' id='word_1_72' title='bbox 666 1259 777 1320; x_wconf 80' lang='lat' dir='ltr'>viduae</span> <span class='ocrx_word' id='word_1_73' title='bbox 798 1259 964 1332; x_wconf 78' lang='lat' dir='ltr'>auxilium,</span> <span class='ocrx_word' id='word_1_74' title='bbox 995 1263 1020 1323; x_wconf 85' lang='lat' dir='ltr'>si</span> <span class='ocrx_word' id='word_1_75' title='bbox 1042 1263 1118 1325; x_wconf 88' lang='lat' dir='ltr'>tales</span> <span class='ocrx_word' id='word_1_76' title='bbox 1138 1263 1229 1326; x_wconf 82' lang='lat' dir='ltr'>vobis</span> <span class='ocrx_word' id='word_1_77' title='bbox 1253 1288 1350 1349; x_wconf 80' lang='lat' dir='ltr'>gene·</span> 
     </span>
    </p>

    <p class='ocr_par' dir='ltr' id='par_1_7' title="bbox 193 1346 1348 1434">
     <span class='ocr_line' id='line_1_11' title="bbox 193 1346 1348 1434; baseline 0.009 -28"><span class='ocrx_word' id='word_1_78' title='bbox 193 1348 197 1353; x_wconf 76' lang='grc'><em>“</em></span> <span class='ocrx_word' id='word_1_79' title='bbox 264 1367 319 1408; x_wconf 87' lang='lat' dir='ltr'>ros</span> <span class='ocrx_word' id='word_1_80' title='bbox 351 1347 543 1430; x_wconf 82' lang='lat' dir='ltr'>posteritatis</span> <span class='ocrx_word' id='word_1_81' title='bbox 569 1358 688 1406; x_wconf 82' lang='lat' dir='ltr'>vestrae</span> <span class='ocrx_word' id='word_1_82' title='bbox 715 1358 885 1426; x_wconf 87' lang='lat' dir='ltr'>patronos,</span> <span class='ocrx_word' id='word_1_83' title='bbox 925 1346 1001 1406; x_wconf 85' lang='lat' dir='ltr'>tales</span> <span class='ocrx_word' id='word_1_84' title='bbox 1033 1351 1193 1430; x_wconf 81' lang='lat' dir='ltr'>proximos</span> <span class='ocrx_word' id='word_1_85' title='bbox 1215 1349 1348 1434; x_wconf 79' lang='lat' dir='ltr'>eligatis.</span> 
     </span>
    </p>

    <p class='ocr_par' dir='ltr' id='par_1_8' title="bbox 209 1415 1347 1515">
     <span class='ocr_line' id='line_1_12' title="bbox 209 1415 1347 1515; baseline 0.008 -25"><span class='ocrx_word' id='word_1_86' title='bbox 209 1415 215 1432; x_wconf 70' lang='grc'><strong>’</strong></span> <span class='ocrx_word' id='word_1_87' title='bbox 263 1429 351 1515; x_wconf 78' lang='lat' dir='ltr'>Ergo</span> <span class='ocrx_word' id='word_1_88' title='bbox 372 1441 559 1513; x_wconf 79' lang='lat' dir='ltr'>rogaverunt</span> <span class='ocrx_word' id='word_1_89' title='bbox 578 1451 640 1512; x_wconf 93' lang='lat' dir='ltr'>pro</span> <span class='ocrx_word' id='word_1_90' title='bbox 661 1430 754 1490; x_wconf 85' lang='lat' dir='ltr'>vidua</span> <span class='ocrx_word' id='word_1_91' title='bbox 776 1429 889 1490; x_wconf 86' lang='lat' dir='ltr'>Petrus</span> <span class='ocrx_word' id='word_1_92' title='bbox 911 1443 941 1490; x_wconf 90' lang='lat' dir='ltr'>et</span> <span class='ocrx_word' id='word_1_93' title='bbox 968 1430 1130 1514; x_wconf 78' lang='lat' dir='ltr'>Andreas:</span> <span class='ocrx_word' id='word_1_94' title='bbox 1152 1436 1271 1496; x_wconf 87' lang='lat' dir='ltr'>utinam</span> <span class='ocrx_word' id='word_1_95' title='bbox 1294 1460 1347 1499; x_wconf 88' lang='lat' dir='ltr'>ex-</span> 
     </span>
    </p>

    <p class='ocr_par' dir='ltr' id='par_1_9' title="bbox 264 1515 1344 1601">
     <span class='ocr_line' id='line_1_13' title="bbox 264 1515 1344 1601; baseline 0.005 -26"><span class='ocrx_word' id='word_1_96' title='bbox 264 1518 336 1576; x_wconf 89' lang='lat' dir='ltr'>istat</span> <span class='ocrx_word' id='word_1_97' title='bbox 368 1515 503 1597; x_wconf 87' lang='lat' dir='ltr'>aliquis,</span> <span class='ocrx_word' id='word_1_98' title='bbox 536 1517 591 1597; x_wconf 88' lang='lat' dir='ltr'>qui</span> <span class='ocrx_word' id='word_1_99' title='bbox 619 1527 680 1574; x_wconf 88' lang='lat' dir='ltr'>tam</span> <span class='ocrx_word' id='word_1_100' title='bbox 715 1515 778 1574; x_wconf 89' lang='lat' dir='ltr'>cito</span> <span class='ocrx_word' id='word_1_101' title='bbox 801 1526 902 1596; x_wconf 77' lang='lat' dir='ltr'>possit</span> <span class='ocrx_word' id='word_1_102' title='bbox 924 1536 1035 1598; x_wconf 78' lang='lat' dir='ltr'>rogare</span> <span class='ocrx_word' id='word_1_103' title='bbox 1061 1540 1122 1601; x_wconf 89' lang='lat' dir='ltr'>pro</span> <span class='ocrx_word' id='word_1_104' title='bbox 1144 1517 1262 1597; x_wconf 92' lang='lat' dir='ltr'>nobis,</span> <span class='ocrx_word' id='word_1_105' title='bbox 1296 1524 1344 1584; x_wconf 77' lang='lat' dir='ltr'>rel</span> 
     </span>
    </p>

    <p class='ocr_par' dir='ltr' id='par_1_10' title="bbox 263 1597 1344 1682">
     <span class='ocr_line' id='line_1_14' title="bbox 263 1597 1344 1682; baseline 0.006 -22"><span class='ocrx_word' id='word_1_106' title='bbox 263 1613 347 1660; x_wconf 87' lang='lat' dir='ltr'>certe</span> <span class='ocrx_word' id='word_1_107' title='bbox 370 1603 449 1678; x_wconf 88' lang='lat' dir='ltr'>iste,</span> <span class='ocrx_word' id='word_1_108' title='bbox 487 1601 542 1680; x_wconf 92' lang='lat' dir='ltr'>qui</span> <span class='ocrx_word' id='word_1_109' title='bbox 578 1620 638 1680; x_wconf 86' lang='lat' dir='ltr'>pro</span> <span class='ocrx_word' id='word_1_110' title='bbox 660 1619 756 1661; x_wconf 86' lang='lat' dir='ltr'>socru</span> <span class='ocrx_word' id='word_1_111' title='bbox 786 1611 877 1682; x_wconf 78' lang='lat' dir='ltr'>rogat</span> <span class='ocrx_word' id='word_1_112' title='bbox 895 1597 1008 1659; x_wconf 89' lang='lat' dir='ltr'>Petrus</span> <span class='ocrx_word' id='word_1_113' title='bbox 1032 1614 1063 1663; x_wconf 91' lang='lat' dir='ltr'>et</span> <span class='ocrx_word' id='word_1_114' title='bbox 1083 1601 1225 1664; x_wconf 84' lang='lat' dir='ltr'>Andreas</span> <span class='ocrx_word' id='word_1_115' title='bbox 1245 1606 1344 1666; x_wconf 86' lang='lat' dir='ltr'>frater</span> 
     </span>
    </p>

    <p class='ocr_par' dir='ltr' id='par_1_11' title="bbox 264 1680 1340 1772">
     <span class='ocr_line' id='line_1_15' title="bbox 264 1680 1340 1772; baseline 0.006 -27"><span class='ocrx_word' id='word_1_116' title='bbox 264 1687 342 1766; x_wconf 89' lang='lat' dir='ltr'>ejus.</span> <span class='ocrx_word' id='word_1_117' title='bbox 394 1686 483 1743; x_wconf 88' lang='lat' dir='ltr'>Tunc</span> <span class='ocrx_word' id='word_1_118' title='bbox 510 1685 588 1742; x_wconf 91' lang='lat' dir='ltr'>enim</span> <span class='ocrx_word' id='word_1_119' title='bbox 618 1705 678 1766; x_wconf 92' lang='lat' dir='ltr'>pro</span> <span class='ocrx_word' id='word_1_120' title='bbox 706 1680 856 1744; x_wconf 84' lang='lat' dir='ltr'>affinitate</span> <span class='ocrx_word' id='word_1_121' title='bbox 878 1696 1039 1765; x_wconf 90' lang='lat' dir='ltr'>poterant,</span> <span class='ocrx_word' id='word_1_122' title='bbox 1073 1707 1158 1748; x_wconf 90' lang='lat' dir='ltr'>nunc</span> <span class='ocrx_word' id='word_1_123' title='bbox 1182 1691 1244 1771; x_wconf 87' lang='lat' dir='ltr'>jam</span> <span class='ocrx_word' id='word_1_124' title='bbox 1264 1711 1340 1772; x_wconf 85' lang='lat' dir='ltr'>pos·</span> 
     </span>
    </p>

    <p class='ocr_par' dir='ltr' id='par_1_12' title="bbox 86 1756 1339 1852">
     <span class='ocr_line' id='line_1_16' title="bbox 86 1756 1339 1852; baseline 0.006 -24"><span class='ocrx_word' id='word_1_125' title='bbox 86 1756 193 1798; x_wconf 56' lang='lat' dir='ltr'>&#39;mn&#39;</span> <span class='ocrx_word' id='word_1_126' title='bbox 212 1757 336 1829; x_wconf 63' lang='lat' dir='ltr'>‘&#39;l‘sunt</span> <span class='ocrx_word' id='word_1_127' title='bbox 365 1790 425 1851; x_wconf 85' lang='lat' dir='ltr'>pro</span> <span class='ocrx_word' id='word_1_128' title='bbox 454 1767 546 1828; x_wconf 88' lang='lat' dir='ltr'>nobis</span> <span class='ocrx_word' id='word_1_129' title='bbox 578 1782 606 1827; x_wconf 87' lang='lat' dir='ltr'>ct</span> <span class='ocrx_word' id='word_1_130' title='bbox 629 1790 688 1849; x_wconf 86' lang='lat' dir='ltr'>pro</span> <span class='ocrx_word' id='word_1_131' title='bbox 723 1767 867 1828; x_wconf 89' lang='lat' dir='ltr'>omnibus</span> <span class='ocrx_word' id='word_1_132' title='bbox 888 1771 1068 1851; x_wconf 84' lang='lat' dir='ltr'>impetrare.</span> <span class='ocrx_word' id='word_1_133' title='bbox 1109 1771 1231 1834; x_wconf 87' lang='lat' dir='ltr'>Videtis</span> <span class='ocrx_word' id='word_1_134' title='bbox 1251 1777 1339 1852; x_wconf 87' lang='lat' dir='ltr'>enim,</span> 
     </span>
    </p>
   </div>
   <div class='ocr_carea' id='block_1_3' title="bbox 87 1806 1343 1942">
    <p class='ocr_par' dir='ltr' id='par_1_13' title="bbox 87 1806 1343 1942">
     <span class='ocr_line' id='line_1_17' title="bbox 87 1806 1343 1942; baseline 0.011 -34"><span class='ocrx_word' id='word_1_135' title='bbox 87 1806 352 1937; x_wconf 54' lang='lat' dir='ltr'>25¹illlli⁵lssqu0d</span> <span class='ocrx_word' id='word_1_136' title='bbox 375 1872 485 1934; x_wconf 81' lang='lat' dir='ltr'>magno</span> <span class='ocrx_word' id='word_1_137' title='bbox 511 1865 638 1934; x_wconf 86' lang='lat' dir='ltr'>peccato</span> <span class='ocrx_word' id='word_1_138' title='bbox 660 1851 817 1928; x_wconf 83' lang='lat' dir='ltr'>obnoxia,</span> <span class='ocrx_word' id='word_1_139' title='bbox 840 1854 940 1913; x_wconf 87' lang='lat' dir='ltr'>minus</span> <span class='ocrx_word' id='word_1_140' title='bbox 962 1853 1075 1916; x_wconf 87' lang='lat' dir='ltr'>idonea</span> <span class='ocrx_word' id='word_1_141' title='bbox 1095 1860 1159 1933; x_wconf 90' lang='lat' dir='ltr'>sit,</span> <span class='ocrx_word' id='word_1_142' title='bbox 1183 1880 1263 1942; x_wconf 88' lang='lat' dir='ltr'>qnae</span> <span class='ocrx_word' id='word_1_143' title='bbox 1280 1881 1343 1942; x_wconf 90' lang='lat' dir='ltr'>pro</span> 
     </span>
    </p>
   </div>
   <div class='ocr_carea' id='block_1_4' title="bbox 78 1905 1344 2950">
    <p class='ocr_par' dir='ltr' id='par_1_14' title="bbox 78 1905 1344 2950">
     <span class='ocr_line' id='line_1_18' title="bbox 85 1905 1341 2028; baseline 0.01 -33"><span class='ocrx_word' id='word_1_144' title='bbox 85 1905 228 2006; x_wconf 57' lang='lat' dir='ltr'>lli-iffi.</span> <span class='ocrx_word' id='word_1_145' title='bbox 263 1960 295 1999; x_wconf 91' lang='lat' dir='ltr'>se</span> <span class='ocrx_word' id='word_1_146' title='bbox 316 1951 482 2019; x_wconf 85' lang='lat' dir='ltr'>precetur,</span> <span class='ocrx_word' id='word_1_147' title='bbox 518 1949 600 1994; x_wconf 90' lang='lat' dir='ltr'>certe</span> <span class='ocrx_word' id='word_1_148' title='bbox 623 1957 702 2016; x_wconf 89' lang='lat' dir='ltr'>quae</span> <span class='ocrx_word' id='word_1_149' title='bbox 728 1958 789 2016; x_wconf 94' lang='lat' dir='ltr'>pro</span> <span class='ocrx_word' id='word_1_150' title='bbox 817 1958 848 1996; x_wconf 87' lang='lat' dir='ltr'>se</span> <span class='ocrx_word' id='word_1_151' title='bbox 875 1939 1027 2018; x_wconf 89' lang='lat' dir='ltr'>impetret.</span> <span class='ocrx_word' id='word_1_152' title='bbox 1069 1942 1226 2005; x_wconf 84' lang='lat' dir='ltr'>Adhibeat</span> <span class='ocrx_word' id='word_1_153' title='bbox 1248 1947 1341 2028; x_wconf 83' lang='lat' dir='ltr'>igitur</span> 
     </span>
     <span class='ocr_line' id='line_1_19' title="bbox 264 2019 1343 2104; baseline -0.002 -22"><span class='ocrx_word' id='word_1_154' title='bbox 264 2022 303 2082; x_wconf 87' lang='lat' dir='ltr'>ad</span> <span class='ocrx_word' id='word_1_155' title='bbox 324 2021 477 2080; x_wconf 90' lang='lat' dir='ltr'>medicum</span> <span class='ocrx_word' id='word_1_156' title='bbox 499 2019 576 2080; x_wconf 86' lang='lat' dir='ltr'>alios</span> <span class='ocrx_word' id='word_1_157' title='bbox 604 2032 784 2103; x_wconf 88' lang='lat' dir='ltr'>precatores</span> <span class='ocrx_word' id='word_1_158' title='bbox 844 2019 937 2104; x_wconf 77' lang='lat' dir='ltr'>Aegri</span> <span class='ocrx_word' id='word_1_159' title='bbox 962 2026 1065 2100; x_wconf 89' lang='lat' dir='ltr'>enirn,</span> <span class='ocrx_word' id='word_1_160' title='bbox 1098 2030 1155 2088; x_wconf 83' lang='lat' dir='ltr'>nisi</span> <span class='ocrx_word' id='word_1_161' title='bbox 1178 2029 1217 2088; x_wconf 81' lang='lat' dir='ltr'>ad</span> <span class='ocrx_word' id='word_1_162' title='bbox 1241 2051 1343 2092; x_wconf 66' lang='lat' dir='ltr'>cosa..</span> 
     </span>
     <span class='ocr_line' id='line_1_20' title="bbox 260 2104 1343 2196; baseline 0.01 -32"><span class='ocrx_word' id='word_1_163' title='bbox 260 2106 375 2167; x_wconf 89' lang='lat' dir='ltr'>liorum</span> <span class='ocrx_word' id='word_1_164' title='bbox 408 2104 555 2187; x_wconf 87' lang='lat' dir='ltr'>precibus</span> <span class='ocrx_word' id='word_1_165' title='bbox 588 2104 726 2174; x_wconf 84' lang='lat' dir='ltr'>medicus</span> <span class='ocrx_word' id='word_1_166' title='bbox 754 2105 850 2164; x_wconf 86' lang='lat' dir='ltr'>fuerit</span> <span class='ocrx_word' id='word_1_167' title='bbox 877 2107 1044 2187; x_wconf 87' lang='lat' dir='ltr'>invitatus,</span> <span class='ocrx_word' id='word_1_168' title='bbox 1079 2132 1138 2194; x_wconf 90' lang='lat' dir='ltr'>pro</span> <span class='ocrx_word' id='word_1_169' title='bbox 1165 2133 1196 2171; x_wconf 90' lang='lat' dir='ltr'>se</span> <span class='ocrx_word' id='word_1_170' title='bbox 1226 2133 1343 2196; x_wconf 78' lang='lat' dir='ltr'>rogare</span> 
     </span>
     <span class='ocr_line' id='line_1_21' title="bbox 259 2185 1344 2279; baseline 0.009 -30"><span class='ocrx_word' id='word_1_171' title='bbox 259 2211 323 2250; x_wconf 90' lang='lat' dir='ltr'>non</span> <span class='ocrx_word' id='word_1_172' title='bbox 347 2202 487 2273; x_wconf 81' lang='lat' dir='ltr'>possunt.</span> <span class='ocrx_word' id='word_1_173' title='bbox 532 2185 658 2249; x_wconf 87' lang='lat' dir='ltr'>Inlirma</span> <span class='ocrx_word' id='word_1_174' title='bbox 683 2201 729 2249; x_wconf 90' lang='lat' dir='ltr'>est</span> <span class='ocrx_word' id='word_1_175' title='bbox 754 2209 845 2264; x_wconf 83' lang='lat' dir='ltr'>caro,</span> <span class='ocrx_word' id='word_1_176' title='bbox 868 2211 951 2252; x_wconf 90' lang='lat' dir='ltr'>mens</span> <span class='ocrx_word' id='word_1_177' title='bbox 975 2213 1065 2267; x_wconf 66' lang='lat' dir='ltr'>aegra</span> <span class='ocrx_word' id='word_1_178' title='bbox 1086 2207 1152 2271; x_wconf 88' lang='lat' dir='ltr'>est,</span> <span class='ocrx_word' id='word_1_179' title='bbox 1173 2208 1203 2256; x_wconf 90' lang='lat' dir='ltr'>et</span> <span class='ocrx_word' id='word_1_180' title='bbox 1223 2217 1344 2279; x_wconf 84' lang='lat' dir='ltr'>pecca-</span> 
     </span>
     <span class='ocr_line' id='line_1_22' title="bbox 260 2272 1342 2357; baseline 0.007 -22"><span class='ocrx_word' id='word_1_181' title='bbox 260 2289 366 2337; x_wconf 90' lang='lat' dir='ltr'>torum</span> <span class='ocrx_word' id='word_1_182' title='bbox 398 2272 530 2335; x_wconf 78' lang='lat' dir='ltr'>vinculis</span> <span class='ocrx_word' id='word_1_183' title='bbox 566 2273 730 2357; x_wconf 90' lang='lat' dir='ltr'>impedita,</span> <span class='ocrx_word' id='word_1_184' title='bbox 772 2273 812 2332; x_wconf 84' lang='lat' dir='ltr'>ad</span> <span class='ocrx_word' id='word_1_185' title='bbox 842 2275 954 2336; x_wconf 89' lang='lat' dir='ltr'>medici</span> <span class='ocrx_word' id='word_1_186' title='bbox 987 2277 1071 2340; x_wconf 90' lang='lat' dir='ltr'>illius</span> <span class='ocrx_word' id='word_1_187' title='bbox 1099 2280 1198 2341; x_wconf 89' lang='lat' dir='ltr'>sedem</span> <span class='ocrx_word' id='word_1_188' title='bbox 1232 2280 1342 2344; x_wconf 84' lang='lat' dir='ltr'>debile</span> 
     </span>
     <span class='ocr_line' id='line_1_23' title="bbox 106 2358 1342 2450; baseline 0.01 -33"><span class='ocrx_word' id='word_1_189' title='bbox 106 2368 326 2432; x_wconf 66' lang='lat' dir='ltr'>obqurandinon</span> <span class='ocrx_word' id='word_1_190' title='bbox 362 2370 465 2443; x_wconf 89' lang='lat' dir='ltr'>potest</span> <span class='ocrx_word' id='word_1_191' title='bbox 490 2358 643 2443; x_wconf 84' lang='lat' dir='ltr'>¹explicare</span> <span class='ocrx_word' id='word_1_192' title='bbox 670 2359 838 2442; x_wconf 81' lang='lat' dir='ltr'>vestigium.</span> <span class='ocrx_word' id='word_1_193' title='bbox 902 2360 1094 2424; x_wconf 88' lang='lat' dir='ltr'>Obsecrandi</span> <span class='ocrx_word' id='word_1_194' title='bbox 1134 2377 1207 2428; x_wconf 91' lang='lat' dir='ltr'>sunt</span> <span class='ocrx_word' id='word_1_195' title='bbox 1238 2369 1342 2450; x_wconf 76' lang='lat' dir='ltr'>angeli</span> 
     </span>
     <span class='ocr_line' id='line_1_24' title="bbox 78 2421 1343 2530; baseline 0.008 -28"><span class='ocrx_word' id='word_1_196' title='bbox 78 2421 252 2522; x_wconf 57' lang='lat' dir='ltr'>{Jss‘l.¹⁸¹”“&#39;</span> <span class='ocrx_word' id='word_1_197' title='bbox 260 2465 323 2530; x_wconf 92' lang='lat' dir='ltr'>pro</span> <span class='ocrx_word' id='word_1_198' title='bbox 339 2443 448 2511; x_wconf 77' lang='lat' dir='ltr'>,nobis</span> <span class='ocrx_word' id='word_1_199' title='bbox 461 2486 471 2521; x_wconf 93' lang='lat'>,</span> <span class='ocrx_word' id='word_1_200' title='bbox 503 2444 560 2525; x_wconf 92' lang='lat' dir='ltr'>qui</span> <span class='ocrx_word' id='word_1_201' title='bbox 581 2442 674 2505; x_wconf 88' lang='lat' dir='ltr'>nobis</span> <span class='ocrx_word' id='word_1_202' title='bbox 694 2441 733 2502; x_wconf 87' lang='lat' dir='ltr'>ad</span> <span class='ocrx_word' id='word_1_203' title='bbox 761 2444 949 2527; x_wconf 87' lang='lat' dir='ltr'>praesidinm</span> <span class='ocrx_word' id='word_1_204' title='bbox 981 2445 1046 2509; x_wconf 86' lang='lat' dir='ltr'>dati</span> <span class='ocrx_word' id='word_1_205' title='bbox 1072 2463 1161 2511; x_wconf 86' lang='lat' dir='ltr'>sunt:</span> <span class='ocrx_word' id='word_1_206' title='bbox 1189 2463 1343 2527; x_wconf 85' lang='lat' dir='ltr'>martyres</span> 
     </span>
     <span class='ocr_line' id='line_1_25' title="bbox 262 2527 1341 2620; baseline 0.003 -30"><span class='ocrx_word' id='word_1_207' title='bbox 262 2527 466 2604; x_wconf 87' lang='lat' dir='ltr'>obsecrandi,</span> <span class='ocrx_word' id='word_1_208' title='bbox 489 2542 625 2611; x_wconf 88' lang='lat' dir='ltr'>quorum</span> <span class='ocrx_word' id='word_1_209' title='bbox 645 2527 787 2610; x_wconf 74' lang='lat' dir='ltr'>ridemur</span> <span class='ocrx_word' id='word_1_210' title='bbox 808 2528 900 2590; x_wconf 90' lang='lat' dir='ltr'>nobis</span> <span class='ocrx_word' id='word_1_211' title='bbox 918 2532 1077 2611; x_wconf 86' lang='lat' dir='ltr'>quoddam</span> <span class='ocrx_word' id='word_1_212' title='bbox 1095 2542 1241 2618; x_wconf 84' lang='lat' dir='ltr'>corporis</span> <span class='ocrx_word' id='word_1_213' title='bbox 1269 2539 1341 2620; x_wconf 74' lang='lat' dir='ltr'>pig-</span> 
     </span>
     <span class='ocr_line' id='line_1_26' title="bbox 259 2612 1339 2704; baseline 0.006 -30"><span class='ocrx_word' id='word_1_214' title='bbox 259 2635 337 2676; x_wconf 90' lang='lat' dir='ltr'>nore</span> <span class='ocrx_word' id='word_1_215' title='bbox 370 2615 581 2697; x_wconf 87' lang='lat' dir='ltr'>patrocinium</span> <span class='ocrx_word' id='word_1_216' title='bbox 614 2612 782 2676; x_wconf 83' lang='lat' dir='ltr'>vindicare.</span> <span class='ocrx_word' id='word_1_217' title='bbox 837 2616 973 2675; x_wconf 89' lang='lat' dir='ltr'>Possunt</span> <span class='ocrx_word' id='word_1_218' title='bbox 990 2638 1050 2700; x_wconf 90' lang='lat' dir='ltr'>pro</span> <span class='ocrx_word' id='word_1_219' title='bbox 1070 2622 1205 2700; x_wconf 85' lang='lat' dir='ltr'>peccatis</span> <span class='ocrx_word' id='word_1_220' title='bbox 1229 2642 1339 2704; x_wconf 79' lang='lat' dir='ltr'>rogare</span> 
     </span>
     <span class='ocr_line' id='line_1_27' title="bbox 257 2699 1339 2784; baseline 0.007 -27"><span class='ocrx_word' id='word_1_221' title='bbox 257 2700 392 2776; x_wconf 90' lang='lat' dir='ltr'>nostris,</span> <span class='ocrx_word' id='word_1_222' title='bbox 430 2700 483 2779; x_wconf 90' lang='lat' dir='ltr'>qui</span> <span class='ocrx_word' id='word_1_223' title='bbox 512 2699 646 2779; x_wconf 90' lang='lat' dir='ltr'>proprio</span> <span class='ocrx_word' id='word_1_224' title='bbox 679 2700 826 2780; x_wconf 80' lang='lat' dir='ltr'>sanguine</span> <span class='ocrx_word' id='word_1_225' title='bbox 861 2701 970 2777; x_wconf 88' lang='lat' dir='ltr'>etiam,</span> <span class='ocrx_word' id='word_1_226' title='bbox 1005 2703 1030 2762; x_wconf 85' lang='lat' dir='ltr'>si</span> <span class='ocrx_word' id='word_1_227' title='bbox 1069 2722 1132 2784; x_wconf 85' lang='lat' dir='ltr'>qua</span> <span class='ocrx_word' id='word_1_228' title='bbox 1158 2703 1339 2766; x_wconf 87' lang='lat' dir='ltr'>habuerunt</span> 
     </span>
     <span class='ocr_line' id='line_1_28' title="bbox 91 2781 1342 2873; baseline 0.009 -34"><span class='ocrx_word' id='word_1_229' title='bbox 91 2804 232 2856; x_wconf 55' lang='lat' dir='ltr'>rma„</span> <span class='ocrx_word' id='word_1_230' title='bbox 258 2795 394 2867; x_wconf 88' lang='lat' dir='ltr'>peccata,</span> <span class='ocrx_word' id='word_1_231' title='bbox 418 2781 568 2842; x_wconf 86' lang='lat' dir='ltr'>laverunt.</span> <span class='ocrx_word' id='word_1_232' title='bbox 611 2783 667 2843; x_wconf 88' lang='lat' dir='ltr'>Isti</span> <span class='ocrx_word' id='word_1_233' title='bbox 687 2785 767 2841; x_wconf 89' lang='lat' dir='ltr'>enim</span> <span class='ocrx_word' id='word_1_234' title='bbox 780 2795 854 2843; x_wconf 91' lang='lat' dir='ltr'>sunt</span> <span class='ocrx_word' id='word_1_235' title='bbox 873 2784 931 2844; x_wconf 90' lang='lat' dir='ltr'>Dei</span> <span class='ocrx_word' id='word_1_236' title='bbox 950 2796 1109 2862; x_wconf 84' lang='lat' dir='ltr'>martyres,</span> <span class='ocrx_word' id='word_1_237' title='bbox 1129 2792 1232 2852; x_wconf 87' lang='lat' dir='ltr'>nostri</span> <span class='ocrx_word' id='word_1_238' title='bbox 1246 2812 1342 2873; x_wconf 90' lang='lat' dir='ltr'>prae-</span> 
     </span>
     <span class='ocr_line' id='line_1_29' title="bbox 78 2857 1340 2950; baseline 0.006 -23"><span class='ocrx_word' id='word_1_239' title='bbox 78 2857 242 2914; x_wconf 68' lang='lat' dir='ltr'>&#39;l⁰⁰¹&#39;¹¹⁸⁰&#39;”</span> <span class='ocrx_word' id='word_1_240' title='bbox 259 2867 363 2943; x_wconf 79' lang='lat' dir='ltr'>eules,</span> <span class='ocrx_word' id='word_1_241' title='bbox 386 2866 596 2950; x_wconf 83' lang='lat' dir='ltr'>speculatores</span> <span class='ocrx_word' id='word_1_242' title='bbox 613 2868 693 2925; x_wconf 85' lang='lat' dir='ltr'>ritae</span> <span class='ocrx_word' id='word_1_243' title='bbox 712 2879 897 2947; x_wconf 87' lang='lat' dir='ltr'>actuumque</span> <span class='ocrx_word' id='word_1_244' title='bbox 928 2883 1120 2936; x_wconf 86' lang='lat' dir='ltr'>nostrorum.</span> <span class='ocrx_word' id='word_1_245' title='bbox 1164 2872 1236 2934; x_wconf 91' lang='lat' dir='ltr'>Non</span> <span class='ocrx_word' id='word_1_246' title='bbox 1265 2896 1340 2934; x_wconf 88' lang='lat' dir='ltr'>eru-</span> 
     </span>
    </p>
   </div>
   <div class='ocr_carea' id='block_1_5' title="bbox 76 2912 1338 3036">
    <p class='ocr_par' dir='ltr' id='par_1_15' title="bbox 76 2912 1338 3036">
     <span class='ocr_line' id='line_1_30' title="bbox 76 2912 1338 3036; baseline 0.008 -28"><span class='ocrx_word' id='word_1_247' title='bbox 76 2912 420 3013; x_wconf 57' lang='lat' dir='ltr'>ll‘ltlsllllll&#39;bescamu,</span> <span class='ocrx_word' id='word_1_248' title='bbox 449 2973 502 3011; x_wconf 88' lang='lat' dir='ltr'>cos</span> <span class='ocrx_word' id='word_1_249' title='bbox 537 2952 754 3010; x_wconf 87' lang='lat' dir='ltr'>intercessores</span> <span class='ocrx_word' id='word_1_250' title='bbox 796 2964 921 3013; x_wconf 84' lang='lat' dir='ltr'>nostrae</span> <span class='ocrx_word' id='word_1_251' title='bbox 945 2949 1141 3018; x_wconf 81' lang='lat' dir='ltr'>&#39;infirmitatis</span> <span class='ocrx_word' id='word_1_252' title='bbox 1176 2957 1338 3036; x_wconf 85' lang='lat' dir='ltr'>adbibere,</span> 
     </span>
    </p>
   </div>
   <div class='ocr_carea' id='block_1_6' title="bbox 69 3006 1337 4381">
    <p class='ocr_par' dir='ltr' id='par_1_16' title="bbox 76 3006 1337 3205">
     <span class='ocr_line' id='line_1_31' title="bbox 76 3006 1337 3120; baseline 0.011 -31"><span class='ocrx_word' id='word_1_253' title='bbox 76 3006 316 3120; x_wconf 56' lang='lat' dir='ltr'>illsllnmu&#39;qui</span> <span class='ocrx_word' id='word_1_254' title='bbox 347 3050 379 3097; x_wconf 90' lang='lat' dir='ltr'>et</span> <span class='ocrx_word' id='word_1_255' title='bbox 405 3038 465 3119; x_wconf 88' lang='lat' dir='ltr'>ipsi</span> <span class='ocrx_word' id='word_1_256' title='bbox 495 3033 704 3096; x_wconf 89' lang='lat' dir='ltr'>infirmitatem</span> <span class='ocrx_word' id='word_1_257' title='bbox 740 3037 901 3117; x_wconf 89' lang='lat' dir='ltr'>corporis,</span> <span class='ocrx_word' id='word_1_258' title='bbox 936 3042 1029 3100; x_wconf 83' lang='lat' dir='ltr'>etium</span> <span class='ocrx_word' id='word_1_259' title='bbox 1057 3061 1128 3102; x_wconf 90' lang='lat' dir='ltr'>cum</span> <span class='ocrx_word' id='word_1_260' title='bbox 1164 3045 1337 3120; x_wconf 85' lang='lat' dir='ltr'>vincerent,</span> 
     </span>
     <span class='ocr_line' id='line_1_32' title="bbox 130 3124 481 3205; baseline -0.009 -23"><span class='ocrx_word' id='word_1_261' title='bbox 130 3124 135 3135; x_wconf 88' lang='lat'><em>&#39;</em></span> <span class='ocrx_word' id='word_1_262' title='bbox 258 3132 481 3205; x_wconf 77' lang='lat' dir='ltr'>cognoverunt.</span> 
     </span>
    </p>

    <p class='ocr_par' dir='ltr' id='par_1_17' title="bbox 250 3202 1337 3625">
     <span class='ocr_line' id='line_1_33' title="bbox 339 3202 1337 3287; baseline 0.004 -23"><span class='ocrx_word' id='word_1_263' title='bbox 339 3219 369 3274; x_wconf 80' lang='lat'>8.</span> <span class='ocrx_word' id='word_1_264' title='bbox 412 3205 521 3265; x_wconf 87' lang='lat' dir='ltr'><strong>IDEM</strong></span> <span class='ocrx_word' id='word_1_265' title='bbox 543 3215 621 3265; x_wconf 89' lang='lat' dir='ltr'>orat.</span> <span class='ocrx_word' id='word_1_266' title='bbox 645 3217 676 3270; x_wconf 79' lang='lat'>2.</span> <span class='ocrx_word' id='word_1_267' title='bbox 698 3204 731 3263; x_wconf 92' lang='lat' dir='ltr'>in</span> <span class='ocrx_word' id='word_1_268' title='bbox 752 3215 844 3264; x_wconf 91' lang='lat' dir='ltr'>mort.</span> <span class='ocrx_word' id='word_1_269' title='bbox 868 3202 938 3265; x_wconf 79' lang='lat' dir='ltr'>frat.</span> <span class='ocrx_word' id='word_1_270' title='bbox 965 3204 1004 3266; x_wconf 91' lang='lat' dir='ltr'>de</span> <span class='ocrx_word' id='word_1_271' title='bbox 1025 3205 1079 3270; x_wconf 86' lang='lat' dir='ltr'>lid.</span> <span class='ocrx_word' id='word_1_272' title='bbox 1103 3222 1279 3287; x_wconf 83' lang='lat' dir='ltr'>resurrect,</span> <span class='ocrx_word' id='word_1_273' title='bbox 1304 3211 1337 3268; x_wconf 92' lang='lat' dir='ltr'>in</span> 
     </span>
     <span class='ocr_line' id='line_1_34' title="bbox 253 3288 1336 3434; baseline 0.004 -84"><span class='ocrx_word' id='word_1_274' title='bbox 253 3288 334 3352; x_wconf 89' lang='lat' dir='ltr'>fine:</span> <span class='ocrx_word' id='word_1_275' title='bbox 368 3290 464 3366; x_wconf 88' lang='lat' dir='ltr'>Quod</span> <span class='ocrx_word' id='word_1_276' title='bbox 492 3291 568 3349; x_wconf 87' lang='lat' dir='ltr'>siin</span> <span class='ocrx_word' id='word_1_277' title='bbox 590 3290 652 3351; x_wconf 90' lang='lat' dir='ltr'>hoc</span> <span class='ocrx_word' id='word_1_278' title='bbox 680 3309 769 3364; x_wconf 86' lang='lat' dir='ltr'>erro,</span> <span class='ocrx_word' id='word_1_279' title='bbox 807 3290 880 3370; x_wconf 86' lang='lat' dir='ltr'>quia</span> <span class='ocrx_word' id='word_1_280' title='bbox 905 3290 1019 3434; x_wconf 75' lang='lat' dir='ltr'>anqelis</span> <span class='ocrx_word' id='word_1_281' title='bbox 1043 3315 1091 3353; x_wconf 90' lang='lat' dir='ltr'>me</span> <span class='ocrx_word' id='word_1_282' title='bbox 1110 3306 1336 3377; x_wconf 88' lang='lat' dir='ltr'>postmortem</span> 
     </span>
     <span class='ocr_line' id='line_1_35' title="bbox 252 3372 1335 3461; baseline 0.002 -26"><span class='ocrx_word' id='word_1_283' title='bbox 252 3376 363 3437; x_wconf 88' lang='lat' dir='ltr'>sociari</span> <span class='ocrx_word' id='word_1_284' title='bbox 386 3374 467 3435; x_wconf 90' lang='lat' dir='ltr'>malo</span> <span class='ocrx_word' id='word_1_285' title='bbox 491 3396 582 3455; x_wconf 87' lang='lat' dir='ltr'>quam</span> <span class='ocrx_word' id='word_1_286' title='bbox 603 3373 728 3448; x_wconf 89' lang='lat' dir='ltr'>bestiis,</span> <span class='ocrx_word' id='word_1_287' title='bbox 751 3372 885 3434; x_wconf 90' lang='lat' dir='ltr'>libenter</span> <span class='ocrx_word' id='word_1_288' title='bbox 905 3377 937 3433; x_wconf 93' lang='lat' dir='ltr'>in</span> <span class='ocrx_word' id='word_1_289' title='bbox 963 3397 1013 3435; x_wconf 83' lang='lat' dir='ltr'>roc</span> <span class='ocrx_word' id='word_1_290' title='bbox 1036 3399 1125 3438; x_wconf 89' lang='lat' dir='ltr'>erro:</span> <span class='ocrx_word' id='word_1_291' title='bbox 1156 3401 1257 3461; x_wconf 91' lang='lat' dir='ltr'>neque</span> <span class='ocrx_word' id='word_1_292' title='bbox 1277 3400 1335 3438; x_wconf 92' lang='lat' dir='ltr'>un·</span> 
     </span>
     <span class='ocr_line' id='line_1_36' title="bbox 252 3456 1333 3544; baseline 0.001 -25"><span class='ocrx_word' id='word_1_293' title='bbox 252 3481 343 3540; x_wconf 86' lang='lat' dir='ltr'>quam</span> <span class='ocrx_word' id='word_1_294' title='bbox 366 3458 425 3518; x_wconf 88' lang='lat' dir='ltr'>hac</span> <span class='ocrx_word' id='word_1_295' title='bbox 443 3479 490 3517; x_wconf 91' lang='lat' dir='ltr'>me</span> <span class='ocrx_word' id='word_1_296' title='bbox 510 3459 678 3540; x_wconf 90' lang='lat' dir='ltr'>opinione,</span> <span class='ocrx_word' id='word_1_297' title='bbox 701 3456 775 3516; x_wconf 87' lang='lat' dir='ltr'>dum</span> <span class='ocrx_word' id='word_1_298' title='bbox 797 3460 892 3533; x_wconf 75' lang='lat' dir='ltr'>vivo,</span> <span class='ocrx_word' id='word_1_299' title='bbox 931 3459 1070 3522; x_wconf 80' lang='lat' dir='ltr'>fraudari</span> <span class='ocrx_word' id='word_1_300' title='bbox 1090 3465 1205 3544; x_wconf 68' lang='lat' dir='ltr'>patiar¹¹</span> <span class='ocrx_word' id='word_1_301' title='bbox 1246 3462 1333 3539; x_wconf 90' lang='lat' dir='ltr'>Quid</span> 
     </span>
     <span class='ocr_line' id='line_1_37' title="bbox 250 3541 1335 3625; baseline 0.004 -23"><span class='ocrx_word' id='word_1_302' title='bbox 250 3546 330 3603; x_wconf 90' lang='lat' dir='ltr'>enim</span> <span class='ocrx_word' id='word_1_303' title='bbox 356 3543 431 3602; x_wconf 90' lang='lat' dir='ltr'>mihi</span> <span class='ocrx_word' id='word_1_304' title='bbox 449 3555 591 3625; x_wconf 88' lang='lat' dir='ltr'>superest</span> <span class='ocrx_word' id='word_1_305' title='bbox 612 3541 737 3617; x_wconf 89' lang='lat' dir='ltr'>solatii,</span> <span class='ocrx_word' id='word_1_306' title='bbox 761 3562 853 3621; x_wconf 90' lang='lat' dir='ltr'>quam</span> <span class='ocrx_word' id='word_1_307' title='bbox 878 3543 965 3624; x_wconf 88' lang='lat' dir='ltr'>quod</span> <span class='ocrx_word' id='word_1_308' title='bbox 981 3567 1029 3605; x_wconf 91' lang='lat' dir='ltr'>me</span> <span class='ocrx_word' id='word_1_309' title='bbox 1053 3549 1142 3607; x_wconf 89' lang='lat' dir='ltr'>eitius</span> <span class='ocrx_word' id='word_1_310' title='bbox 1161 3548 1202 3608; x_wconf 88' lang='lat' dir='ltr'>ad</span> <span class='ocrx_word' id='word_1_311' title='bbox 1220 3559 1252 3608; x_wconf 90' lang='lat' dir='ltr'>te</span> <span class='ocrx_word' id='word_1_312' title='bbox 1269 3549 1335 3607; x_wconf 87' lang='lat' dir='ltr'>sra-</span> 
     </span>
    </p>

    <p class='ocr_par' dir='ltr' id='par_1_18' title="bbox 71 3623 1336 3873">
     <span class='ocr_line' id='line_1_38' title="bbox 86 3623 1336 3723; baseline 0.006 -39"><span class='ocrx_word' id='word_1_313' title='bbox 86 3685 123 3723; x_wconf 65' lang='grc' dir='ltr'>Η</span> <span class='ocrx_word' id='word_1_314' title='bbox 205 3686 210 3696; x_wconf 81' lang='grc'><strong>,</strong></span> <span class='ocrx_word' id='word_1_315' title='bbox 249 3639 298 3687; x_wconf 93' lang='lat' dir='ltr'>ter</span> <span class='ocrx_word' id='word_1_316' title='bbox 326 3649 418 3711; x_wconf 87' lang='lat' dir='ltr'>spero</span> <span class='ocrx_word' id='word_1_317' title='bbox 448 3640 629 3702; x_wconf 82' lang='lat' dir='ltr'>venturum,</span> <span class='ocrx_word' id='word_1_318' title='bbox 664 3647 720 3685; x_wconf 92' lang='lat' dir='ltr'>nec</span> <span class='ocrx_word' id='word_1_319' title='bbox 742 3623 897 3708; x_wconf 79' lang='lat' dir='ltr'>digressus</span> <span class='ocrx_word' id='word_1_320' title='bbox 919 3630 965 3688; x_wconf 93' lang='lat' dir='ltr'>tni</span> <span class='ocrx_word' id='word_1_321' title='bbox 1000 3632 1082 3699; x_wconf 83' lang='lat' dir='ltr'>inter</span> <span class='ocrx_word' id='word_1_322' title='bbox 1099 3653 1155 3692; x_wconf 92' lang='lat' dir='ltr'>nos</span> <span class='ocrx_word' id='word_1_323' title='bbox 1172 3631 1268 3715; x_wconf 81' lang='lat' dir='ltr'>longa</span> <span class='ocrx_word' id='word_1_324' title='bbox 1285 3631 1336 3692; x_wconf 85' lang='lat' dir='ltr'>di·</span> 
     </span>
     <span class='ocr_line' id='line_1_39' title="bbox 71 3694 1335 3801; baseline 0.005 -31"><span class='ocrx_word' id='word_1_325' title='bbox 71 3694 350 3786; x_wconf 55' lang='lat' dir='ltr'>nalblilllf⁰vortia</span> <span class='ocrx_word' id='word_1_326' title='bbox 382 3712 472 3786; x_wconf 90' lang='lat' dir='ltr'>sore,</span> <span class='ocrx_word' id='word_1_327' title='bbox 502 3713 626 3792; x_wconf 87' lang='lat' dir='ltr'>tuisque</span> <span class='ocrx_word' id='word_1_328' title='bbox 656 3711 928 3773; x_wconf 88' lang='lat' dir='ltr'>intercessionibus</span> <span class='ocrx_word' id='word_1_329' title='bbox 956 3712 1032 3774; x_wconf 90' lang='lat' dir='ltr'>mihi</span> <span class='ocrx_word' id='word_1_330' title='bbox 1056 3716 1119 3776; x_wconf 85' lang='lat' dir='ltr'>hoc</span> <span class='ocrx_word' id='word_1_331' title='bbox 1139 3738 1232 3801; x_wconf 88' lang='lat' dir='ltr'>posse</span> <span class='ocrx_word' id='word_1_332' title='bbox 1255 3738 1335 3778; x_wconf 89' lang='lat' dir='ltr'>con·</span> 
     </span>
     <span class='ocr_line' id='line_1_40' title="bbox 249 3795 1002 3873; baseline 0.001 -18"><span class='ocrx_word' id='word_1_333' title='bbox 249 3796 346 3873; x_wconf 77' lang='lat' dir='ltr'>ferri,</span> <span class='ocrx_word' id='word_1_334' title='bbox 369 3809 406 3856; x_wconf 93' lang='lat' dir='ltr'>ut</span> <span class='ocrx_word' id='word_1_335' title='bbox 430 3797 519 3856; x_wconf 90' lang='lat' dir='ltr'>citius</span> <span class='ocrx_word' id='word_1_336' title='bbox 538 3795 763 3856; x_wconf 88' lang='lat' dir='ltr'>desiderantem</span> <span class='ocrx_word' id='word_1_337' title='bbox 779 3797 826 3855; x_wconf 90' lang='lat' dir='ltr'>tui</span> <span class='ocrx_word' id='word_1_338' title='bbox 852 3795 1002 3858; x_wconf 78' lang='lat' dir='ltr'>advoces?</span> 
     </span>
    </p>

    <p class='ocr_par' dir='ltr' id='par_1_19' title="bbox 331 3880 1334 3961">
     <span class='ocr_line' id='line_1_41' title="bbox 331 3880 1334 3961; baseline 0.004 -20"><span class='ocrx_word' id='word_1_339' title='bbox 331 3893 362 3948; x_wconf 77' lang='lat'>9.</span> <span class='ocrx_word' id='word_1_340' title='bbox 405 3881 575 3959; x_wconf 71' lang='lat' dir='ltr'>l&#39;sEMtn</span> <span class='ocrx_word' id='word_1_341' title='bbox 604 3893 655 3947; x_wconf 70' lang='lat'>22.</span> <span class='ocrx_word' id='word_1_342' title='bbox 687 3881 784 3941; x_wconf 73' lang='lat' dir='ltr'>Luc:</span> <span class='ocrx_word' id='word_1_343' title='bbox 815 3880 903 3940; x_wconf 91' lang='lat' dir='ltr'>Unde</span> <span class='ocrx_word' id='word_1_344' title='bbox 919 3894 948 3941; x_wconf 91' lang='lat' dir='ltr'>te</span> <span class='ocrx_word' id='word_1_345' title='bbox 977 3904 1125 3961; x_wconf 84' lang='lat' dir='ltr'>evocem,</span> <span class='ocrx_word' id='word_1_346' title='bbox 1156 3883 1271 3960; x_wconf 88' lang='lat' dir='ltr'>Petre,</span> <span class='ocrx_word' id='word_1_347' title='bbox 1296 3895 1334 3945; x_wconf 90' lang='lat' dir='ltr'>ut</span> 
     </span>
    </p>

    <p class='ocr_par' dir='ltr' id='par_1_20' title="bbox 69 3945 1335 4381">
     <span class='ocr_line' id='line_1_42' title="bbox 69 3945 1335 4051; baseline 0.003 -28"><span class='ocrx_word' id='word_1_348' title='bbox 69 3945 180 4038; x_wconf 54' lang='grc' dir='ltr'>ριξζζζ*</span> <span class='ocrx_word' id='word_1_349' title='bbox 195 3949 223 3990; x_wconf 63' lang='grc' dir='ltr'>Β·</span> <span class='ocrx_word' id='word_1_350' title='bbox 247 3963 358 4026; x_wconf 84' lang='lat' dir='ltr'>doceas</span> <span class='ocrx_word' id='word_1_351' title='bbox 377 3985 443 4038; x_wconf 89' lang='lat' dir='ltr'>mc,</span> <span class='ocrx_word' id='word_1_352' title='bbox 479 3964 557 4045; x_wconf 93' lang='lat' dir='ltr'>quid</span> <span class='ocrx_word' id='word_1_353' title='bbox 588 3963 665 4026; x_wconf 85' lang='lat' dir='ltr'>flens</span> <span class='ocrx_word' id='word_1_354' title='bbox 685 3964 894 4046; x_wconf 79' lang='lat' dir='ltr'>cogitaveris?</span> <span class='ocrx_word' id='word_1_355' title='bbox 937 3965 1045 4045; x_wconf 88' lang='lat' dir='ltr'>Unde,</span> <span class='ocrx_word' id='word_1_356' title='bbox 1076 3970 1224 4051; x_wconf 90' lang='lat' dir='ltr'>inquam,</span> <span class='ocrx_word' id='word_1_357' title='bbox 1246 3981 1278 4028; x_wconf 91' lang='lat' dir='ltr'>te</span> <span class='ocrx_word' id='word_1_358' title='bbox 1299 3989 1335 4027; x_wconf 91' lang='lat' dir='ltr'>e·</span> 
     </span>
     <span class='ocr_line' id='line_1_43' title="bbox 244 4047 1332 4137; baseline 0.004 -30"><span class='ocrx_word' id='word_1_359' title='bbox 244 4047 379 4110; x_wconf 83' lang='lat' dir='ltr'>vocem?</span> <span class='ocrx_word' id='word_1_360' title='bbox 421 4048 595 4122; x_wconf 86' lang='lat' dir='ltr'>Decaelo,</span> <span class='ocrx_word' id='word_1_361' title='bbox 631 4047 687 4108; x_wconf 81' lang='lat' dir='ltr'>ubi</span> <span class='ocrx_word' id='word_1_362' title='bbox 713 4051 777 4128; x_wconf 87' lang='lat' dir='ltr'>jam</span> <span class='ocrx_word' id='word_1_363' title='bbox 800 4048 899 4111; x_wconf 90' lang='lat' dir='ltr'>choro</span> <span class='ocrx_word' id='word_1_364' title='bbox 920 4052 1053 4112; x_wconf 88' lang='lat' dir='ltr'>insertus</span> <span class='ocrx_word' id='word_1_365' title='bbox 1081 4075 1112 4114; x_wconf 93' lang='lat' dir='ltr'>es</span> <span class='ocrx_word' id='word_1_366' title='bbox 1136 4052 1332 4137; x_wconf 80' lang='lat' dir='ltr'>angelorum,</span> 
     </span>
     <span class='ocr_line' id='line_1_44' title="bbox 243 4131 1332 4217; baseline 0.003 -24"><span class='ocrx_word' id='word_1_367' title='bbox 243 4153 281 4193; x_wconf 80' lang='lat' dir='ltr'>en</span> <span class='ocrx_word' id='word_1_368' title='bbox 314 4135 405 4194; x_wconf 87' lang='lat' dir='ltr'>etiarn</span> <span class='ocrx_word' id='word_1_369' title='bbox 428 4131 466 4191; x_wconf 89' lang='lat' dir='ltr'>de</span> <span class='ocrx_word' id='word_1_370' title='bbox 497 4133 644 4194; x_wconf 73' lang='lat' dir='ltr'>tumulo?</span> <span class='ocrx_word' id='word_1_371' title='bbox 668 4134 834 4216; x_wconf 76' lang='lat' dir='ltr'>quiamon</span> <span class='ocrx_word' id='word_1_372' title='bbox 858 4147 947 4217; x_wconf 88' lang='lat' dir='ltr'>putas</span> <span class='ocrx_word' id='word_1_373' title='bbox 969 4138 1117 4217; x_wconf 86' lang='lat' dir='ltr'>injuriam</span> <span class='ocrx_word' id='word_1_374' title='bbox 1145 4150 1176 4199; x_wconf 87' lang='lat' dir='ltr'>et</span> <span class='ocrx_word' id='word_1_375' title='bbox 1196 4136 1240 4197; x_wconf 88' lang='lat' dir='ltr'>ibi</span> <span class='ocrx_word' id='word_1_376' title='bbox 1256 4158 1332 4212; x_wconf 87' lang='lat' dir='ltr'>esse,</span> 
     </span>
     <span class='ocr_line' id='line_1_45' title="bbox 240 4216 1333 4364; baseline 0.005 -88"><span class='ocrx_word' id='word_1_377' title='bbox 240 4216 323 4364; x_wconf 69' lang='lat' dir='ltr'>ppde</span> <span class='ocrx_word' id='word_1_378' title='bbox 355 4216 508 4279; x_wconf 87' lang='lat' dir='ltr'>Dominus</span> <span class='ocrx_word' id='word_1_379' title='bbox 534 4219 710 4291; x_wconf 59' lang='lat' dir='ltr'>resurrexit.</span> <span class='ocrx_word' id='word_1_380' title='bbox 755 4218 844 4289; x_wconf 79' lang='lat' dir='ltr'>Doce</span> <span class='ocrx_word' id='word_1_381' title='bbox 864 4238 941 4298; x_wconf 70' lang='lat' dir='ltr'>noe,</span> <span class='ocrx_word' id='word_1_382' title='bbox 976 4221 1055 4304; x_wconf 81' lang='lat' dir='ltr'>quid</span> <span class='ocrx_word' id='word_1_383' title='bbox 1073 4222 1134 4285; x_wconf 91' lang='lat' dir='ltr'>tibi</span> <span class='ocrx_word' id='word_1_384' title='bbox 1150 4223 1333 4306; x_wconf 85' lang='lat' dir='ltr'>profuerint</span> 
     </span>
     <span class='ocr_line' id='line_1_46' title="bbox 272 4303 821 4381; baseline 0.002 -17"><span class='ocrx_word' id='word_1_385' title='bbox 272 4303 476 4367; x_wconf 79' lang='lat' dir='ltr'>erimaetuae.</span> <span class='ocrx_word' id='word_1_386' title='bbox 640 4342 668 4375; x_wconf 44' lang='grc' dir='ltr'>,ι</span> <span class='ocrx_word' id='word_1_387' title='bbox 761 4350 778 4381; x_wconf 66' lang='grc'>.,</span> <span class='ocrx_word' id='word_1_388' title='bbox 812 4316 821 4365; x_wconf 92' lang='grc'>·.</span> 
     </span>
    </p>
   </div>
   <div class='ocr_carea' id='block_1_7' title="bbox 0 0 1388 4762">
    <p class='ocr_par' dir='ltr' id='par_1_21' title="bbox 0 0 1388 4762">
     <span class='ocr_line' id='line_1_47' title="bbox 0 0 1388 4762; baseline 0 6"><span class='ocrx_word' id='word_1_389' title='bbox 0 0 1388 4762; x_wconf 95' lang='lat' dir='ltr'> </span> 
     </span>
    </p>
   </div>
  </div>
 </body>
</html>
