2768 4762
203 394 286 469 ⁴0⁴
458 382 538 448 Μ
576 378 1022 455 nuntietis

205 595 281 636 vero
300 572 484 634 bonornmt
514 570 652 653 quinio
671 578 720 633 est
736 567 883 631 solantes
899 568 981 647 Dei,
998 580 1035 630 ut
1058 567 1143 630 bene
1165 571 1291 634 incien-

205 694 252 743 tes
278 679 490 741 obmutescere
522 678 643 739 faciatis
667 675 910 761 imprudentium
939 675 1103 737 hominnm
1136 678 1292 763 ignoran-

206 791 290 849 tianr.
333 782 435 863 Quasi
452 783 565 863 liberi,
587 796 618 844 et
637 805 702 845 non
717 785 804 865 quasi
823 782 959 843 velamen
977 782 1126 845 habentes
1150 788 1290 850 malitiae

207 894 404 970 libertatem,
434 892 491 953 sed
521 893 602 953 siem
623 892 704 951 servi
722 890 792 951 Dei.
835 890 936 951 Deum
952 893 1075 969 timete,
1105 914 1216 977 regem
1232 896 1291 958 lio·

206 998 380 1062 morificate.
422 1000 529 1077 Serri,
563 998 681 1077 subditi
703 1012 801 1061 estote
828 1001 861 1058 in
891 999 975 1059 omni
1001 1001 1115 1060 timore
1140 1000 1291 1083 dominis,

206 1128 271 1168 non
295 1120 414 1168 tantum
435 1105 531 1169 bonis
547 1118 580 1169 et
599 1084 767 1185 redderetis,
797 1105 851 1167 sed
873 1108 965 1166 etiam
986 1104 1136 1181 dyscolis.

288 1236 395 1298 Rom.
426 1236 532 1299 XIIIe
568 1235 645 1296 ldeo
679 1238 859 1297 necessitate
890 1232 1008 1295 subditi
1048 1247 1175 1316 estote,
1226 1262 1290 1304 non

188 1342 307 1405 'solum
328 1355 462 1426 propter
481 1344 578 1421 itant„
591 1341 647 1403 sed
664 1346 754 1404 etiarn
773 1355 906 1427 propter
927 1343 1165 1406 conscientiam.
1210 1348 1289 1412 Ideo

206 1452 288 1527 enim
314 1462 346 1511 et
359 1449 478 1512 tributa
497 1452 679 1535 praestatis:
715 1452 847 1511 ministri
863 1452 944 1511 enim
967 1450 1026 1509 Dei
1042 1464 1119 1513 sunt
1131 1496 1142 1531 ‚
1169 1458 1205 1516 in
1226 1456 1290 1520 hoc

164 1614 167 1619 .
205 1558 308 1641 ipsum
338 1560 514 1618 servientes.
563 1556 696 1619 Reddite
727 1579 802 1641 ergo
822 1556 966 1618 omnibus
986 1556 1112 1623 debita:
1152 1567 1208 1624 eni
1229 1569 1290 1627 tri.

205 1662 334 1745 butum,
369 1664 538 1726 tributumr
569 1667 621 1726 eui
641 1664 791 1749 vectigal,
812 1665 961 1750 vectigal:
982 1667 1033 1727 cui
1054 1676 1225 1751 timorem,
1246 1675 1289 1735 ti-

204 1792 339 1832 morem:
359 1773 411 1831 eui
430 1771 603 1852 honorem,
625 1771 788 1832 honorem.

287 1900 370 1967 Tit.
394 1900 471 1963 1le
512 1901 655 1964 Admone
676 1900 748 1963 iilos
779 1902 974 1987 principibus
1003 1916 1040 1966 et
1073 1910 1285 1989 potestatibus

204 2007 351 2070 subditos
376 2028 463 2087 esse,
494 2006 581 2069 dieto
612 2006 764 2090 obedire,
792 2010 834 2071 ad
859 2031 950 2072 omne
977 2033 1061 2097 opus
1077 2012 1196 2075 honum
1216 2036 1283 2099 pa-

204 2126 290 2175 ratos
312 2134 386 2177 esse.

287 2240 418 2305 Hebr.
439 2242 550 2315 xllir
581 2242 718 2308 Obedite
737 2248 925 2330 praepositis
956 2249 1084 2323 vestris,
1113 2260 1147 2309 et
1166 2246 1281 2331 subia-

201 2362 269 2411 cete
287 2352 342 2417 eis.
400 2350 467 2435 Ipsi
496 2373 577 2413 enrm
598 2352 806 2437 pervigilant,
837 2358 925 2439 quasi
950 2358 1108 2417 rationem
1125 2376 1190 2439 pro
1216 2360 1272 2417 ani·

200 2456 309 2521 mabus
343 2464 453 2519 restris
480 2458 659 2539 reddituri,
684 2472 721 2521 nt
755 2462 828 2521 edm
851 2461 968 2545 gaudio
1000 2460 1066 2523 hoe
1092 2462 1229 2545 saciant,
1243 2474 1270 2523 es

197 2584 263 2627 non
282 2578 433 2649 gementes
447 2564 542 2629 thoe
566 2571 647 2627 enim
674 2586 739 2629 non
760 2567 885 2651 expedit
911 2566 1012 2629 vobis.
1183 2541 1192 2559 ⁸

279 2706 314 2761 Β.
334 2693 361 2756 Ι.
381 2692 520 2757 Thess.
542 2695 616 2756 IV.=
645 2696 765 2779 Itaque,
794 2698 848 2780 qni
869 2695 945 2759 haee
962 2698 1105 2781 spernit,
1134 2722 1201 2762 non
1218 2698 1276 2761 ho·

193 2803 306 2863 minem
326 2803 463 2884 spernit,
486 2802 540 2863 sed
560 2803 683 2883 Deum,
710 2806 766 2889 qni
786 2806 878 2865 etiam
898 2802 986 2866 dedit
1004 2804 1168 2889 Spiritum
1188 2826 1273 2869 snum

189 2921 335 2971 sanetum
351 2912 383 2968 in
406 2907 508 2969 nobis.

274 3036 413 3099 LCor.
435 3035 539 3099 xiva
580 3037 614 3098 Si
653 3006 724 3119 qnis
760 3035 885 3097 videtur
908 3036 1070 3121 propheta
1096 3062 1184 3121 esse,
1220 3050 1271 3102 ant

189 3142 384 3229 spiritualis,
421 3155 608 3227 eognoscat,
652 3164 732 3227 quae
758 3142 866 3206 scribo
894 3144 983 3207 vobis
994 3187 1008 3225 ‚
1039 3148 1123 3229 quia
1142 3146 1268 3211 Domini

189 3262 263 3312 sunt
286 3250 439 3311 mandata.

246 3406 251 3413 ·
269 3379 288 3441 J
294 3399 413 3441 oann.
433 3379 524 3442 XX:
547 3379 636 3441 Siout
655 3382 740 3443 misit
759 3403 808 3443 me
827 3393 938 3466 pater,
958 3392 990 3443 et
1009 3402 1071 3467 ego
1092 3385 1190 3449 mitto
1207 3404 1265 3446 ros.

269 3507 373 3568 Item
394 3509 412 3571 J
422 3531 532 3572 oann.
555 3509 675 3571 xv11.2
711 3512 801 3572 Sicut
833 3524 871 3573 tn
901 3530 951 3573 me
979 3513 1093 3575 misisti
1116 3516 1153 3575 in
1176 3535 1266 3576 mun-

186 3613 276 3691 dum,
299 3616 342 3677 ita
363 3628 394 3677 et
415 3639 472 3702 ego
493 3618 562 3677 misi
583 3638 637 3678 eos
657 3618 689 3677 in
710 3617 869 3678 mundum.

266 3741 354 3805 Lae.
375 3744 441 3808 X..-
463 3746 528 3824 Qui
546 3767 602 3808 ros
631 3746 737 3826 audit,
758 3768 807 3807 me
827 3746 931 3808 audit:
960 3757 992 3807 et
1013 3746 1072 3829 qui
1092 3768 1155 3811 vos
1178 3770 1267 3836 sper·

181 3848 251 3926 nit,
274 3868 323 3911 me
343 3856 473 3935 spernit.

263 3977 504 4044 Rom.x111.=
537 3983 648 4066 ltaque
673 3986 726 4068 qui
750 3986 866 4045 resistit
886 3984 1051 4067 potestati,
1085 3982 1154 4047 Dei
1178 3986 1267 4050 ordi-

177 4084 297 4146 nationi
331 4088 455 4147 resistit.
508 4090 571 4167 Qui
593 4110 695 4155 autem
715 4093 883 4175 resistunt,
914 4092 976 4187 ipss
996 4088 1059 4153 sibi
1082 4090 1269 4160 damnatio·

175 4206 245 4254 nem
265 4192 439 4278 acquirunt.
