2768 4762
267 355 322 426 00
655 347 724 409 nn
751 346 880 409 erun
913 347 976 409 nr

261 531 356 619 pium
382 544 454 594 sunt
476 531 607 617 spiritns
634 534 765 617 sancti,
785 533 842 614 qui
866 533 901 594 in
923 529 1013 594 vobis
1042 545 1109 613 est,
1131 558 1226 620 quom
1245 536 1349 605 habe-

264 642 308 701 tis
328 660 345 701 a
363 640 453 717 Deo,
487 650 518 701 et
538 641 691 721 nonestis
714 638 829 700 nostrii

348 767 461 831 Ibad.
485 768 565 831 nt·
555 767 738 846 ·Ncscitis,
757 771 836 853 qnia
860 750 1010 853 templum
1030 767 1091 830 Dei
1111 775 1201 850 estis,
1224 779 1258 837 et'
1279 777 1347 860 spi·

263 879 344 938 ritus
376 876 436 937 Dei
467 873 626 948 habitat
617 898 649 936 in
678 875 792 939 vobisi
836 874 870 938 Si
896 877 965 959 quis
991 889 1092 938 autem
1113 878 1263 965 templum
1282 882 1344 944 Dei

264 982 444 1059 violaverit,
466 981 625 1066 disperdet
642 981 730 1045 illum
753 964 876 1046 Deus.
890 980 1055 1068 Templum
1081 986 1162 1046 enim
1175 983 1235 1047 Dei
1253 1007 1345 1048 sanc-

263 1102 413 1152 tumeat:
436 1089 525 1172 quod
555 1094 627 1152 estis
652 1113 717 1154 ros.
1188 1109 1190 1112 ’

347 1196 492 1260 Psalm.
513 1195 565 1259 L.=
589 1197 653 1261 Cor
673 1196 823 1260 mundum
846 1219 917 1262 crea
939 1199 972 1261 in
995 1219 1043 1260 me
1063 1198 1170 1271 Deus,
1196 1210 1228 1260 et
1245 1200 1343 1283 spiri-

263 1317 331 1368 tum
361 1316 481 1365 rectum
510 1291 623 1368 innova
649 1308 680 1367 in
699 1305 873 1369 visceribus
889 1308 973 1367 meis}
1016 1306 1062 1368 Ne
1080 1305 1232 1392 projicias
1252 1328 1342 1370 mea

262 1412 345 1475 facie
378 1424 455 1490 tua,
496 1425 528 1476 ct
556 1416 701 1497 spiritum
725 1427 864 1476 sanctum
890 1426 981 1474 tuum
1010 1433 1049 1473 ne
1080 1413 1200 1475 auferas
1232 1433 1250 1476 a
1282 1436 1340 1476 me·

251 1520 368 1585 Jiedde
389 1518 466 1581 mihi
481 1518 627 1581 laetitiam
647 1519 789 1583 salutaris
809 1523 873 1600 tui,
900 1531 931 1583 et
951 1522 1067 1605 spiritu
1083 1522 1251 1608 principali
1263 1545 1342 1586 con-

261 1623 353 1691 firma
375 1649 432 1689 me.

348 1735 454 1797 Esai.
486 1733 560 1797 XL:
598 1733 787 1822 Egredietur
818 1735 905 1821 virga
927 1732 1087 1798 deradice
1104 1735 1207 1815 Iesse,
1235 1732 1339 1799 etilos

264 1843 304 1906 de
329 1843 435 1906 radice
464 1843 532 1926 ejus
560 1844 723 1904 ascendet:
753 1842 797 1907 Et
813 1845 988 1926 requiescet
1008 1865 1103 1926 snper
1126 1867 1196 1907 enm
1212 1846 1340 1929 spiritus

262 1952 408 2028 Domini,
438 1949 574 2034 Spiritus
596 1953 763 2035 sapientiae
790 1963 822 2012 et
835 1949 1009 2013 intellectus
1017 1995 1027 2030 ,
1061 1952 1198 2037 Spiritus
1213 1952 1338 2012 consilii

261 2071 293 2120 et
321 2056 538 2135 fortitudinis,
568 2057 703 2143 Spiritus
735 2057 880 2119 scientiae
911 2070 943 2121 et
961 2060 1095 2144 pietatis.
1143 2058 1187 2120 Et
1204 2058 1340 2143 replevit

263 2186 333 2230 curn
351 2165 488 2251 Spiritus
506 2167 628 2228 timoris
650 2166 785 2229 Domini·

247 2333 249 2336 a
346 2271 427 2335 Gai.
451 2272 511 2335 V..
532 2273 668 2335 Fructus
692 2289 793 2337 autern
810 2273 947 2361 Spiritus
972 2288 1019 2338 est
1034 2275 1161 2347 caritas,
1180 2271 1338 2357 gaudium,

262 2403 343 2469 pax,
365 2382 532 2469 patientia,
552 2380 747 2466 benignitas,
769 2381 913 2462 bonitas,
943 2382 1174 2468 longanimitas,
1196 2399 1340 2441 mansue-

261 2491 361 2568 tudo,
382 2487 481 2569 fides,
501 2488 668 2568 modestia,
691 2492 903 2567 continentia,
934 2493 1066 2554 castitas.

250 2658 254 2671 ,
342 2598 449 2661 Rom.
472 2595 532 2659 V.:
556 2600 675 2661 Caritas
694 2600 754 2660 Dei
777 2599 889 2660 diffusa
909 2611 956 2662 est
977 2600 1010 2659 in
1032 2595 1182 2659 cordibus
1220 2595 1336 2656 nostris

259 2728 317 2792 per
330 2707 497 2790 -Spiritum
517 2719 672 2783 sanctum,
695 2728 751 2788 qus
776 2705 866 2767 datus
884 2718 930 2767 est
950 2704 1053 2766 nobis.
1132 2778 1134 2782 λ

345 2813 487 2898 Ephes.
509 2812 553 2875 L:
586 2813 636 2871 ln
660 2812 785 2877 Christo
807 2814 966 2875 credentes
987 2811 1099 2896 signati
1121 2809 1192 2869 estis
1212 2806 1337 2890 Spiritu

261 2923 477 3008 promissionis
500 2931 624 2996 saneto,
647 2922 702 3002 qui
725 2933 771 2982 est
791 2924 904 3004 pigens
923 2917 1121 2982 haereditatis
1134 2926 1280 2991 nostrae,
1304 2915 1337 2972 in

262 3030 506 3112 redemptionem
521 3031 764 3112 acquisitionis,
786 3031 819 3089 in
842 3027 965 3090 laudem
983 3027 1101 3112 gloriae
1124 3022 1231 3105 ipsius·

275 3130 281 3165 ¹
345 3137 450 3198 Rom.
471 3136 575 3199 Vnt:
606 3135 756 3200 Similiter
776 3149 877 3199 autem
898 3147 930 3198 et
947 3135 1075 3220 spiritus
1096 3127 1225 3211 adjuvat
1246 3125 1338 3189 infir-

260 3248 395 3310 mitatem
421 3257 568 3306 nostram.

245 3408 249 3413 .
346 3353 481 3415 LCor.
503 3353 597 3414 x11.=
637 3352 735 3417 Nemo
757 3365 863 3439 potest
895 3349 1016 3428 dicere,
1045 3347 1199 3410 Dominus
1223 3345 1332 3422 Iesus,

262 3534 340 3631 dem·
362 3581 463 3630 autem
502 3571 641 3651 spiritus.
701 3568 745 3630 Et
775 3566 941 3627 divisiones
967 3566 1227 3626 ministrationum
1251 3574 1336 3639 sunt,

259 3679 342 3741 idem
361 3688 463 3739 autem
481 3677 648 3742 Dominus.
690 3675 734 3738 Et
761 3671 928 3735 divisiones
951 3672 1171 3756 operationum
1193 3681 1282 3749 aunt,
1310 3673 1340 3730 i-

261 3783 333 3846 dem
357 3804 432 3845 vero
450 3783 554 3856 Deus,
577 3786 630 3866 qui
652 3794 803 3868 operatur
830 3782 933 3844 omnia
954 3785 985 3840 in
1010 3777 1165 3840 omnibus.
1208 3779 1341 3842 Unicui-

263 3886 326 3978 que
352 3903 452 3954 autem
482 3889 575 3952 datur
602 3891 808 3953 manifestatio
832 3890 961 3974 spiritns
992 3885 1032 3948 ad
1056 3886 1232 3963 utilitatem.
1274 3886 1340 3950 Alii

266 3999 393 4083 quidem
406 4019 464 4082 per
484 4000 628 4081 spiritum
644 3999 737 4063 datur
754 4020 855 4061 sermo
875 3995 1063 4082 sapientiae,
1085 3993 1138 4055 alii
1159 4006 1259 4055 autem
1273 4016 1342 4055 scr·-

265 4128 317 4169 mo
338 4108 482 4168 scientiae
502 4105 670 4167 secundum
695 4107 826 4170 eundem
848 4105 1006 4190 spiritum:
1029 4096 1120 4160 alteri
1141 4098 1218 4164 fides
1239 4102 1271 4162 in
1288 4124 1346 4164 eo-

252 4215 338 4279 dem
356 4216 488 4301 spiritu:
510 4200 563 4275 ulii
581 4217 682 4298 gratia
701 4217 865 4280 sanitatum
884 4214 917 4274 in
939 4227 1004 4272 uno
1024 4207 1157 4292 spiritu:
1191 4208 1244 4271 alii
1262 4232 1342 4297 ope-
