2768 4762
233 376 314 452 aaa
430 462 433 467 ι
542 350 904 453 neemiae-‘ria
943 282 1011 438 eii

1115 516 1118 539 a

319 558 344 619 1.
368 557 458 619 Cor.
486 554 562 617 ixa
600 557 679 633 Quis
709 558 822 649 militat
847 560 912 621 suis
953 559 1116 642 stipendiis
1152 573 1319 647 unquam!

236 667 316 743 Quis
355 664 475 747 plantat
503 666 640 740 vineam,
655 677 702 725 ὀῖ
731 665 770 727 de
792 667 899 728 fructu
919 668 986 747 ejus
1016 688 1081 728 non
1106 667 1191 730 edit?
1240 674 1319 751 Quis

232 776 333 858 pascit
363 793 506 857 gregem,
542 785 572 832 et
603 772 640 832 de
664 772 743 834 laete
764 779 865 858 gregis
897 794 961 835 non
987 775 1172 837 manducat?
1218 779 1317 842 Nura-

234 882 311 964 quid
336 881 506 941 seeundum
526 878 682 940 hominem
704 879 779 939 haee
803 881 897 941 dico?
949 882 997 942 An
1018 898 1049 944 et
1073 884 1121 944 lex
1143 884 1237 970 haee,
1252 911 1313 951 non

233 988 329 1050 dicit?
370 968 532 1073 ¹¹Scriptum
563 1002 608 1049 est
641 990 768 1065 enimin
786 987 851 1073 lege
871 974 1089 1066 Moysiz‘Non
1110 991 1260 1076 alligabis
1282 1022 1314 1059 os

232 1094 308 1157 bovi
344 1098 514 1158 trituranti.
555 1095 714 1178 Numquid
745 1096 783 1156 de
817 1095 923 1163 bobus
953 1118 1028 1157 eura
1058 1112 1103 1159 est
1126 1100 1221 1162 Deo?
1266 1106 1313 1166 Aa

232 1216 366 1289 propter
393 1222 450 1290 pos
473 1206 581 1287 utique
607 1188 706 1264 diiii?
749 1203 825 1264 Nam
856 1216 987 1287 propter·
1007 1226 1064 1265 nos
1086 1209 1209 1290 scripta
1231 1228 1311 1288 suut,

196 1320 199 1326 '
233 1314 379 1395 quoniam
407 1310 499 1373 debet
517 1348 520 1353 -
539 1313 570 1370 in
593 1334 663 1395 spe,
698 1315 862 1393 quierat,
888 1331 994 1370 arare:
1031 1317 1138 1395 etqui
1167 1321 1309 1395 triturat,

207 1420 264 1478 'in
302 1440 356 1502 spe
383 1420 504 1481 fruetus
535 1417 738 1503 percipiendi.
782 1420 887 1477 Sinos
908 1418 997 1477 vobis
1018 1420 1198 1502 spiritualia
1222 1429 1310 1486 serni·

189 1528 394 1613 (suavimus,
435 1547 576 1610 maguum
607 1541 667 1596 est,
698 1529 722 1586 si
759 1546 815 1587 nos
846 1525 980 1584 carnalia
1012 1538 1113 1587 vestra
1136 1535 1310 1595 metamus?

232 1633 264 1693 Si
278 1634 330 1693 alii
350 1637 512 1717 potestatis
543 1649 660 1696 vestrae
678 1636 845 1718 participes
871 1645 943 1693 sunt
956 1678 965 1709 ,
995 1655 1091 1714 quare
1113 1657 1178 1696 non
1203 1645 1307 1722 potins

229 1742 310 1802 nos?
353 1743 414 1802 Sed
440 1765 511 1805 ,nou
543 1747 589 1805 usi
611 1764 715 1806 surnns
736 1740 793 1800 liae
813 1752 982 1822 potestate:
1014 1741 1068 1801 sed
1090 1750 1198 1806 omnia
1217 1752 1308 1808 susti·

229 1860 352 1927 nemus,
394 1871 431 1910 ne
464 1851 551 1933 quod
580 1848 800 1910 offendiculum
830 1848 935 1909 demus
961 1849 1133 1934 Evangelio
1165 1852 1305 1916 Christi:

228 1956 380 2033 Nescitis,
405 1961 564 2039 quoniam,
591 1961 645 2037 qui
667 1960 697 2014 in
724 1957 860 2014 sacrario
880 1970 1071 2039 operantur,
1105 1980 1183 2040 quae
1199 1961 1240 2021 de
1260 1986 1308 2023 sa·

229 2064 332 2123 erario
359 2077 441 2137 sunt,
466 2064 576 2123 edunt:
602 2077 631 2122 et
652 2063 706 2143 qui
726 2061 814 2120 altari
839 2061 1025 2142 deserviunt,
1047 2086 1111 2125 cum
1124 2065 1216 2126 altari
1230 2091 1310 2151 par-

226 2169 381 2252 ticipant?
422 2171 470 2230 Ita
503 2183 533 2230 et
571 2170 722 2228 Dominus
755 2167 911 2230 ordinavit
940 2173 998 2250 iis,
1026 2173 1076 2255 qni
1095 2170 1305 2258 Evangelium

227 2280 432 2359 annunciant,
460 2275 498 2337 de
527 2277 694 2361 Evangelio
716 2279 826 2336 virere.

310 2407 459 2468 Matth.
482 2408 537 2468 Xe
569 2409 674 2471 Nolite
704 2411 863 2494 possidere
896 2430 1027 2488 aurum,
1066 2430 1172 2494 neque
1194 2434 1293 2495 argen-

227 2529 312 2593 tum,
333 2512 434 2597 niaque
463 2518 624 2599 pecuniam
647 2519 679 2576 in
707 2523 791 2578 zonis
813 2519 939 2577 restris:
968 2538 1033 2579 non
1056 2518 1166 2600 peram
1191 2523 1224 2581 in
1245 2523 1299 2593 ria,

227 2646 327 2707 neque
361 2624 435 2684 duas
473 2628 609 2701 tunicas,
640 2647 740 2711 neque
772 2625 990 2702 calceamenta,
1034 2647 1138 2709 neque
1169 2630 1298 2712 rirgau13

227 2732 345 2816 dignus,
360 2734 439 2791 enim
462 2745 508 2793 est
529 2737 689 2815 operarius
715 2733 787 2793 cibo
814 2754 882 2797 sno.
1023 2724 1026 2731 ¹

311 2864 358 2923 Et
380 2863 501 2925 xilla:
523 2863 655 2924 Reddite
677 2883 775 2945 ergo,
797 2883 876 2944 quae
898 2874 971 2923 sunt
994 2862 1146 2941 Caesaris,
1174 2864 1298 2939 Caesari,

226 2984 256 3031 et
280 2992 358 3058 quae
381 2981 454 3029 sunt
474 2970 554 3046 Dei,
577 2972 654 3030 Deo.

309 3080 398 3136 Lue.
422 3078 478 3138 X.t
499 3078 540 3138 ln.
556 3079 658 3137 eadem
684 3078 777 3141 domo
798 3090 931 3155 manete,
954 3078 1078 3138 edentes
1099 3090 1132 3138 et
1148 3077 1296 3152 bibentes,

225 3207 304 3267 qnae
323 3164 405 3268 apud
429 3183 500 3244 illos
520 3198 601 3245 sunt.
654 3188 773 3270 Dignus
798 3198 844 3246 est
866 3189 946 3245 enim
979 3187 1148 3269 operarius
1162 3185 1296 3246 mercede

224 3316 286 3353 sua.
331 3295 366 3353 ln
395 3313 610 3374 quamcunque
630 3295 782 3352 civitatem
814 3295 1019 3371 intraveritis,
1053 3303 1086 3353 et
1107 3295 1298 3377 susceperint

224 3424 295 3476 vos,
318 3399 517 3477 manducate,
549 3423 627 3481 qnae
655 3414 857 3484 apponuntur
877 3400 975 3459 vobis.

306 3509 338 3566 C.
383 3509 414 3566 Μ
425 3507 530 3568 attli.
553 3509 643 3568 XV.:
683 3512 752 3592 lpse
784 3520 883 3566 autem
904 3506 1118 3588 respondens,
1155 3510 1201 3568 ait
1227 3507 1295 3567 illis:

225 3613 328 3688 Quare
354 3626 383 3672 et
412 3634 466 3673 vos
492 3617 741 3698 transgredimini
768 3616 943 3674 mandatnm
965 3615 1029 3674 Dei.
1045 3628 1183 3698 propter
1205 3615 1296 3676 tradi·

222 3723 337 3781 tionem
361 3722 510 3781 vestrum?
551 3724 626 3783 Nam
645 3726 729 3784 Deus
752 3725 848 3783 dixit:
882 3724 1011 3783 Honora
1033 3733 1157 3805 patrem
1185 3737 1220 3783 et
1241 3744 1297 3782 ma·

222 3840 320 3889 trem:
360 3843 390 3890 et
412 3833 464 3913 qui
487 3832 779 3916 maledixeritpatri
801 3830 847 3889 vel
871 3831 980 3905 matri,
1009 3841 1111 3889 morte
1135 3834 1295 3891 moriatur.

222 3936 288 3997 Vos
314 3951 414 3997 autern
429 3941 550 4000 dicitis:
574 3945 758 4022 Quicunque
782 3939 893 3997 dixerit
915 3940 996 4019 patri
1015 3937 1063 3997 vel
1084 3941 1198 3999 matri:
1234 3940 1298 4000 llln·

222 4064 280 4103 nus
303 4044 514 4126 quodeunque
537 4062 582 4109 est
608 4071 642 4109 ex
664 4071 731 4123 me,
766 4046 825 4106 tibi
846 4045 1006 4128 proderit:
1030 4056 1062 4105 et
1081 4065 1150 4106 non
1167 4044 1299 4110 honori·

223 4149 332 4243 iicebit
362 4162 481 4234 patrem
510 4176 599 4217 suum
628 4129 683 4218 ant
702 4169 829 4217 matrem
857 4172 958 4211 suam:
982 4164 1014 4212 et
1039 4153 1168 4215 irritum
1189 4157 1298 4219 fecistis

223 4259 403 4328 mandatum
426 4260 486 4323 Dei
504 4276 639 4351 propter
653 4264 854 4328 traditionem
871 4271 1012 4322 vestram.
