2768 4762
392 388 823 473 reomao.-
1049 410 1128 479 aaa

47 623 119 670 mus
153 610 246 665 natos
263 595 375 673 um,
403 615 473 660 eum
492 592 597 659 Deum
625 589 810 676 diligamus,
845 599 877 652 et
894 585 1039 653 mandata
1056 576 1129 673 'ejus

51 713 212 775 faciamus.
252 707 335 769 Haeo
357 716 405 766 est
424 704 505 791 euim
527 703 639 764 caritas
658 699 747 777 Dei,
760 710 797 760 ut
816 695 960 762 mandata
980 699 1050 781 ejus
1071 718 1131 763 uu·

48 819 241 899 stodiamus,
263 827 295 879 et
312 808 459 877 mandata
481 811 550 896 ejus
570 809 676 898 gravia
698 826 764 871 nou
785 816 869 905 sunt.
920 812 924 819 ‘

239 966 821 1151 'grarass

137 1245 172 1302 ’1.
193 1218 455 1292 aversurus
476 1236 593 1309 quaest.
623 1236 691 1295 tto·
714 1247 783 1311 sup.
806 1220 931 1285 Exod..·
974 1222 1050 1285 Cum
1071 1235 1134 1286 tam

54 1318 154 1384 multa
175 1317 300 1377 loeutus
330 1317 370 1374 sit
389 1313 493 1388 Deus,
517 1311 596 1372 duae
616 1322 735 1372 tantum
749 1308 875 1389 tabulae
897 1308 1013 1369 dantur
1040 1310 1134 1386 Moy·

56 1409 85 1467 si
115 1401 276 1488 lapideae,
314 1417 394 1482 quae
426 1395 574 1456 dicuutur
601 1394 723 1455 tabulae
752 1394 920 1456 testimonii
953 1394 1077 1455 suturae
1098 1398 1135 1453 in

57 1510 142 1551 arca.
197 1485 350 1546 Nimirum
384 1484 488 1543 omnia
514 1493 651 1561 caetera,
682 1498 758 1559 quae
779 1480 937 1562 praecepit
958 1476 1063 1558 Deus,
1099 1502 1134 1540 ex

59 1574 124 1634 illis
143 1571 247 1631 decem
265 1567 456 1652 praeceptis,
479 1585 558 1647 quae
583 1562 704 1623 duabus
724 1562 837 1624 tabulis
859 1567 980 1622 conseri
1006 1578 1035 1625 ta
1049 1576 1132 1642 sunt,
1144 1553 1309 1655 ξζηᾶῐξξζξζξῗ

58 1655 198 1741 pendere
225 1651 463 1734 intelliguntur,
484 1653 510 1710 si
532 1648 697 1732 diligenter
724 1656 913 1730 quaerantur
933 1660 964 1721 et
983 1586 1064 1709 hene
1085 1652 1132 1708 in·
1145 1654 1182 1692 ¹¹³·
1194 1655 1311 1708 Duru·-

60 1741 259 1820 telligantur:
298 1735 458 1817 quomodo
492 1733 568 1793 haec
598 1734 665 1815 ipsa
694 1752 800 1793 rursus
835 1730 939 1790 decem
958 1709 1218 1816 praecepta,⁰⁰⁹‘⁵'

63 1844 101 1881 ex
122 1820 244 1881 duobus
260 1819 337 1897 illis,
359 1819 527 1879 dilectione
551 1817 668 1879 seilicet
693 1816 752 1877 Dei
775 1829 806 1877 et
829 1817 984 1901 proximi,
1005 1820 1038 1879 in
1062 1821 1227 1902 qui-uates.
1240 1842 1272 1881 η,

62 1905 123 1967 hus
141 1918 205 1966 tota
227 1905 273 1964 lex
294 1903 456 1988 penderet
474 1901 658 1987 prophetae.
696 1976 699 1981 .
961 1908 968 1917 '
1228 1912 1239 1937 ⁸

149 2023 177 2078 l·
200 2009 233 2071 C·
268 2010 507 2093 Ι(ᾹΟΝΕΙΙᾸΗΜ
537 2011 624 2074 Ττίἀ,
647 2008 727 2072 Sess.
749 2002 804 2071 VI.
838 2031 905 2094 cap.
931 2022 999 2077 fla
1038 2008 1135 2069 Nemo
1170 2021 1297 2063 Justiteatt

60 2108 182 2179 autem,
218 2098 408 2179 quantumvis
431 2095 640 2179 justificatus,
662 2093 796 2157 liberum
824 2116 857 2156 se
876 2116 940 2156 esse
960 2093 1000 2155 ah
1026 2070 1314 2164 obser-illidii&

58 2182 181 2242 mione
207 2180 424 2263 mandatorum
447 2196 558 2266 putare
579 2182 689 2242 debet:
723 2202 813 2241 nemo
837 2183 1000 2241 temeraria
1017 2179 1083 2240 'illa
1105 2192 1136 2239 et
1145 2171 1281 2273 ζζζζζῖζῗο,

1237 2271 1256 2308 0
1274 2270 1279 2280 .

62 2264 239 2348 epatribus
260 2265 319 2325 sub
350 2265 539 2328 anathemate
568 2266 732 2352 prohibito
753 2285 829 2324 roco
848 2268 919 2341 uti,
949 2264 1025 2325 DEI
1043 2282 1313 2358 prae-ffidmtgm

63 2362 153 2431 cepta
179 2348 298 2407 homini
320 2348 490 2427 justificato
516 2352 555 2413 ad
576 2347 804 2412 observandum
826 2371 890 2408 esse
912 2349 1133 2431 impossibilia:
1147 2368 1313 2457 impersurus.

62 2454 136 2495 nam
152 2430 261 2489 DEUS
285 2431 487 2510 impossibilia
505 2456 569 2497 nou
591 2435 702 2519 jubet,
735 2432 789 2490 sed
812 2432 955 2511 jubendo
978 2447 1083 2494 monet
1105 2445 1136 2493 et
1146 2426 1278 2509 fflffi

66 2517 185 2591 facere,
220 2511 308 2594 quod
330 2516 449 2595 possis,
479 2531 510 2578 et
529 2512 654 2601 petere,
678 2515 766 2599 quqd
787 2537 850 2574 non
873 2519 995 2596 possis:
1028 2530 1058 2575 et
1080 2517 1270 2577 αεὶ-ΨΜ*

65 2603 174 2682 juvat,
210 2598 380 2680 utpossis.
428 2600 527 2681 Cujus
554 2605 695 2665 mandata
716 2602 819 2683 gravia
841 2619 905 2658 non
928 2611 1018 2674 sunt,
1048 2603 1138 2680 eujus

57 2682 177 2766 'jugum
212 2702 304 2742 suave
327 2695 393 2758 est,
426 2696 457 2744 et
476 2706 554 2747 onus
575 2685 648 2750 leve.
701 2687 766 2762 Qui
794 2686 873 2743 enim
892 2695 967 2744 sunt
989 2682 1047 2742 filii
1069 2684 1139 2760 Dei,

65 2768 227 2829 Christum
247 2765 395 2849 diligunt:
428 2771 483 2847 qui
504 2784 603 2833 autem
630 2772 764 2856 diligunt
785 2791 872 2845 eum,
905 2781 942 2830 ut
960 2769 1027 2852 ipse
1048 2781 1144 2828 testa·

66 2866 140 2929 tur,
162 2862 286 2911 serrant
309 2870 465 2909 sermones
490 2856 567 2935 ejus.
610 2857 708 2934 Quod
731 2858 840 2935 utique
862 2877 932 2915 eum
954 2855 1062 2913 divino
1084 2873 1143 2913 au·

64 2935 141 2998 xilio
175 2945 333 3017 praestare
363 2949 505 3015 possunt.
555 2940 642 3003 Licet
674 2941 756 3001 enim
791 2942 821 2997 in
852 2938 910 3001 hae
929 2937 1055 3000 mortali
1080 2938 1142 2996 vita

66 3020 264 3103 quantumvis
296 3019 393 3096 sancti
428 3033 459 3080 et
486 3024 561 3103 justi
589 3029 621 3085 in
655 3025 733 3084 levia
765 3023 870 3083 saltem
893 3037 924 3082 et
945 3022 1140 3102 quotidiana,

67 3124 148 3186 quae
184 3104 275 3163 etiam
305 3103 435 3164 venialia
457 3105 619 3183 dicuntur,
655 3119 780 3190 peccata
803 3109 993 3187 quandoque
1017 3105 1139 3179 cadant,
1151 3101 1316 3200 „ffifffgn'ffi

66 3208 133 3248 nou
154 3200 322 3271 propterea
345 3187 490 3250 desinunt
508 3212 571 3251 esse
595 3195 681 3270 justi.
724 3190 802 3249 Nam
822 3193 980 3273 justorum
1003 3189 1059 3251 illa
1080 3209 1140 3248 vox
1151 3213 1187 3240 am
1202 3179 1315 3241 non'tol·

67 3284 117 3333 est
138 3285 169 3332 et
189 3271 314 3332 humilis
337 3284 368 3331 et
389 3293 496 3333 verax:
527 3275 654 3333 Dimitte
676 3273 768 3335 nohis
795 3275 898 3335 dehita
924 3287 1053 3354 uostra3
1076 3294 1139 3354 quo
1152 3251 1235 3338 lillis.
1251 3309 1272 3344 e.

66 3356 129 3432 su,
159 3369 195 3416 ut
213 3358 290 3436 justi
311 3357 370 3438 ipsi
392 3378 429 3419 eo
450 3358 544 3440 magis
566 3376 607 3416 *se
628 3355 783 3439 obligatos
805 3361 844 3420 ad
866 3357 1085 3421 ambulandum
1108 3360 1139 3417 in
1147 3346 1252 3444 ᾒζζᾎ·

64 3442 118 3501 ria
151 3440 288 3520 justitiae
316 3444 432 3515 sentire
456 3443 610 3516 debeant,
644 3461 709 3520 quo
732 3441 854 3503 liberati
874 3446 938 3524 jam
961 3449 1226 3527 apeccato,1it·a

66 3526 149 3587 servi
183 3536 281 3587 autem
318 3525 392 3586 faeti
419 3527 511 3602 Deo,
543 3524 671 3599 sobrie,
710 3527 816 3605 juste,
851 3541 882 3587 et
912 3529 964 3612 pie
993 3530 1138 3605 virentes,
1209 3572 1212 3577 ·

91 3605 224 3669 rotinere
242 3623 373 3691 possunt
390 3631 447 3692 per
472 3610 629 3670 Christum
649 3609 770 3688 Jesum,
793 3632 850 3694 per
871 3633 963 3692 quem
984 3633 1140 3681 aceessum
1257 3601 1262 3611 ⁸

66 3631 248 3755 habuerunt
276 3695 308 3751 in
342 3698 469 3777 gratiam
499 3696 596 3754 istam.
638 3695 723 3754 Deus
744 3716 875 3778 namque
897 3719 952 3758 sua
972 3699 1070 3781 gratia
1091 3718 1141 3755 se·
1165 3707 1310 3766 usurpent.

67 3777 129 3839 mel
164 3774 350 3858 justificatos
391 3800 455 3839 non
486 3779 616 3854 deserit,
649 3780 709 3839 uisi
731 3778 770 3840 ab
792 3803 834 3842 ers
859 3786 946 3863 prius
969 3757 1319 3849 deseratur.:2;¹32{''¹⁰'l⁰‘

67 3862 181 3943 Itaque
210 3882 299 3922 nemo
333 3862 392 3923 sibi
416 3862 537 3923 insola
569 3860 631 3923 fide
653 3862 790 3924 blandiri
811 3865 924 3944 dehet,
945 3879 1056 3950 putans
1077 3861 1141 3925 fide

69 3945 136 4005 sola
161 3965 193 4004 se
215 3945 376 4006 haeredem
396 3969 460 4008 esse
478 3948 698 4027 constitutum,
726 3948 1007 4032 haereditatemque
1032 3970 1144 4011 conse·

71 4040 241 4107 cuturum,
262 4033 378 4092 etiamsi
399 4031 525 4093 Christo
538 4053 602 4091 non
625 4037 852 4114 compatiatur,
873 4048 911 4095 ut
931 4048 961 4095 et
982 4033 1144 4118 conglori-

70 4109 199 4183 ficetur,
229 4135 299 4174 nam
331 4128 363 4177 et
384 4115 527 4177 Christus
549 4120 635 4199 ipse,
668 4130 704 4176 ut
731 4119 835 4199 inquit
857 4119 1049 4202 Apostolus,
1073 4127 1290 4178 cumton-⁸2¹⁷·

68 4209 150 4258 esset
169 4196 253 4261 filius
279 4198 361 4273 Dei,
393 4200 505 4262 didicit
526 4221 563 4261 ex
584 4202 645 4278 iis,
678 4220 756 4281 quae
776 4221 883 4285 passus
903 4215 971 4280 est,
994 4178 1287 4263 obedien-“m'M'

67 4285 163 4346 tiam:
200 4295 232 4344 et
262 4298 509 4364 consummatus,
544 4285 644 4347 factus
666 4298 712 4345 est
732 4284 876 4349 omnihus
901 4286 1146 4371 obtemperanti·
