2768 4762
272 392 327 470 94
631 398 705 463 DE
746 398 889 466 FIDE
930 400 1019 468 ΕΤ,

96 550 259 626 mansino*-
354 559 465 647 mnu
481 579 519 645 h.
540 582 566 646 1.
588 584 676 670 epist
698 598 729 656 s.
751 583 792 650 ad
811 532 954 649 comem
982 585 1091 672 Neque
1110 588 1347 658 enim'allnnde

93 631 262 724 ‘rid-lithini
272 665 412 732 haereses
433 666 567 730 obortae
591 683 687 748 sant,
711 683 764 734 aut
784 683 854 734 nata
878 685 955 734 rant
975 671 1156 755 schismata,
1179 698 1273 761 quam
1292 681 1345 742 in·

95 729 261 835 2?less
273 750 313 813 de
348 751 437 839 quod
464 753 619 815 sacerdoti
652 756 711 816 Dei
746 776 811 818 non
842 755 1090 840 obtemperatur:
1124 768 1183 823 nec
1200 780 1283 824 unns
1309 766 1343 825 in

94 835 129 873 ‘⁸
272 836 419 900 Ecclesia¹
430 835 470 899 ad
495 849 615 922 tempus
635 839 781 902 sacerdos
801 851 833 902 et
852 841 892 901 ad
908 852 1028 926 tempus
1048 842 1146 924 judex
1169 844 1345 909 viccChri·

272 924 312 985 sti
328 924 504 1007 cogitatur,
525 924 577 984 cui
598 926 623 983 si
647 922 816 1013 secundum
835 928 1009 1013 magisteria
1027 924 1131 990 divina
1144 926 1344 1015 obtempera·

272 1019 321 1069 ret
343 1008 521 1071 fraternitas
538 1009 697 1087 universe,
733 1029 823 1073 nemo
840 1011 1002 1073 adversum
1030 1012 1225 1076 sacerdotnm
1243 1014 1344 1077 colle·

273 1094 357 1177 giam
388 1093 555 1175 quicquam
585 1105 742 1155 moveret:
784 1116 875 1157 nemo
901 1107 976 1179 post
1007 1093 1146 1159 divinum
1176 1099 1341 1181 judicium,

272 1192 346 1262 post
377 1177 489 1261 populi
519 1174 713 1260 suffragium,
748 1191 822 1263 post
855 1181 1117 1265 co'c'piscoporum
1141 1203 1340 1262 consensum,

272 1263 410 1343 jndicem
427 1279 459 1321 se
477 1261 540 1343 jam
566 1281 630 1322 non
653 1262 680 1322 E
704 1264 825 1346 iscopi,
847 1263 901 1325 sed
922 1265 981 1324 Dei
1007 1264 1137 1328 laceret:
1158 1287 1249 1329 nemo
1274 1267 1342 1329 dis·

274 1347 358 1409 cidin
384 1347 510 1407 unitatis
537 1345 653 1407 Christi
682 1284 858 1408 1licclesiam
883 1346 1055 1428 scinderet,
1076 1371 1168 1413 nemo
1188 1351 1248 1413 sibi
1272 1350 1343 1436 pla-

152 1475 160 1503 ,.
274 1453 345 1493 cens
363 1451 399 1492 ac
414 1443 534 1491 tumens
550 1450 690 1491 seorsum
709 1431 786 1492 foris
805 1430 954 1493 haeresim
973 1454 1084 1495 novam
1108 1434 1267 1499 conderet.
1310 1437 1345 1498 I-

103 1509 264 1604 fiflfssljffig
275 1516 380 1578 bidem
404 1514 520 1576 Christi
545 1514 738 1599 adversarius
759 1528 790 1576 et
801 1515 957 1579 Ecclesiae
975 1519 1044 1599 ejus
1062 1520 1206 1581 inimicus
1223 1520 1262 1582 ad
1280 1519 1344 1582 hoc

101 1611 257 1671 praepetum
277 1601 433 1662 Ecclesiae
455 1601 668 1683 praepositum
693 1619 748 1661 sua
767 1600 964 1663 infestatione
981 1605 1202 1687 persequitur,
1223 1617 1259 1666 ut
1283 1626 1344 1689 gn-

154 1761 158 1768 .
195 1672 248 1749 ..i'
277 1686 445 1748 bernatore
463 1675 608 1756 sublato,
630 1687 767 1745 atrocius
786 1697 880 1767 atque
898 1685 1064 1748 violentius
1087 1689 1171 1750 circa
1187 1688 1345 1752 Ecclesiae

95 1763 230 1851 Ἐξιῖρἰζῖ·
278 1769 439 1853 naufragia
466 1781 630 1852 grassetur.
681 1767 737 1830 Et¹
751 1768 848 1854 paulo
870 1783 962 1853 post:
993 1769 1105 1835 Petrus
1131 1786 1232 1835 tamen
1250 1794 1346 1858 super

96 1856 267 1948 ffipfflff
280 1874 372 1940 quem
405 1850 566 1914 aedificata
597 1851 765 1914 abeodem
796 1854 934 1916 Domino
952 1853 1055 1919 inerat
1083 1857 1243 1936 Ecclesia,
1265 1877 1347 1920 nnus

100 1920 268 1997 ‘urescere
304 1960 340 2000 rc
368 1928 512 2000 omnihus
537 1935 689 2020 loquens,
724 1950 756 1998 et
782 1937 939 2001 Ecclesiae
957 1959 1035 2003 voce
1059 1941 1265 2025 respondens,
1288 1944 1345 2003 ait:

129 2017 174 2046 ⁰¹⁸
203 2005 244 2047 ω’
313 2023 432 2100 omine,
454 2021 494 2081 ad
523 2042 612 2103 quem
632 2019 767 2083 ibimus?
807 2021 949 2084 Verbum
970 2026 1051 2085 vitae
1073 2038 1212 2086 aeternae
1231 2023 1346 2085 habes:

280 2121 312 2170 et
337 2104 395 2169 nos
422 2104 575 2166 credimus
596 2118 627 2167 et
650 2107 870 2191 cognovimns,
903 2109 1051 2190 qnoniam
1072 2122 1107 2172 tn
1126 2130 1157 2171 es
1181 2106 1264 2169 filius
1282 2108 1344 2170 Dei

267 2193 360 2255 vvivia
392 2187 567 2276 significans
595 2188 714 2252 scilicet
748 2201 779 2253 et
803 2191 969 2253 ostendens
1001 2213 1072 2274 eos,
1095 2193 1151 2277 qul
1178 2177 1346 2256 aChristo

164 2288 168 2295 '
280 2277 479 2354 recesserint,
512 2273 605 2358 culpa
632 2295 688 2336 sua
714 2276 833 2359 perire:
865 2275 1035 2347 Ecclesiam
1070 2290 1190 2358 tamen,
1220 2279 1347 2360 quaein

281 2361 440 2425 Christum
471 2359 593 2438 credat,
628 2371 659 2420 et
691 2378 770 2442 qnae
799 2360 890 2421 semel
910 2361 960 2438 id,
986 2363 1075 2445 quod
1098 2363 1279 2448 cognoverit
1301 2372 1351 2422 te-

281 2457 373 2523 neat,
406 2464 563 2528 nunquam
589 2445 716 2505 omnino
745 2443 784 2505 ah
805 2465 842 2506 eo
861 2445 1043 2526 discedere,
1073 2461 1104 2510 et
1121 2468 1174 2509 eos
1197 2466 1260 2507 esse
1285 2445 1351 2505 Ec-

107 2530 423 2608 ¹¹⁰¹¹³“¹·;·clesiam,
455 2550 512 2613 qur
538 2531 570 2590 in
604 2528 698 2590 domo
730 2528 806 2591 DEI
822 2541 1015 2612 permanent
1058 2530 1101 2594 Et
1125 2530 1230 2593 multis
1252 2532 1352 2591 inter-

107 2587 391 2699 {lilli'eliijectisz
412 2612 490 2676 Post
511 2616 569 2675 ista
585 2613 689 2674 adhuc
712 2608 839 2698 insuper
856 2615 1128 2700 pseudoepiscopo
1145 2615 1203 2678 sibi
1225 2613 1264 2676 ab
1275 2614 1351 2674 hae-

105 2685 152 2776 ᾖξ’
164 2684 387 2763 “⁸⁸¹⁸''reticis
410 2701 605 2775 constituto,
628 2698 771 2782 navigare
793 2696 927 2778 audent,
955 2699 1043 2760 etad
1062 2699 1149 2759 Petri
1172 2697 1351 2760 cathedram

260 2798 377 2869 'atque
406 2784 444 2844 ad
471 2783 640 2843 Ecclesiam
671 2780 892 2867 principalem,
925 2782 1008 2844 unde
1027 2784 1129 2844 unitas
1149 2781 1352 2844 sacerdotalis

283 2881 390 2932 exortu
419 2880 481 2945 est,
514 2888 531 2928 a
556 2867 757 2928 schismaticis
788 2879 819 2929 et
846 2866 1019 2950 prophanis
1045 2864 1148 2929 literas
1179 2867 1276 2944 ferre,
1295 2887 1352 2927 ncc

108 2943 237 2991 ΜΗ·
282 2955 422 3036 cogitare
439 2973 492 3013 eos
510 2973 573 3012 esse
592 2952 767 3028 Romanos,
801 2953 953 3033 (quorum
969 2948 1065 3028 fides,
1087 2948 1242 3035 Apostolo
1261 2972 1355 3034 prac-

282 3039 421 3115 dicante,
455 3035 577 3098 laudata
604 3040 680 3115 est),
710 3034 750 3097 ad
776 3055 857 3120 qnos
885 3034 1018 3120 perfidia
1038 3032 1154 3108 habere
1175 3055 1238 3097 non
1252 3037 1355 3120 possit

282 3143 444 3185 accessum.

368 3218 397 3276 7.
441 3206 548 3268 IDEM
579 3206 614 3266 L.
636 3202 692 3268 IV.
721 3205 809 3267 cist
832 3217 862 3275 9.
885 3203 924 3266 ad
953 3203 1094 3268 Floreat.
1122 3205 1177 3267 siv.
1200 3202 1354 3287 Pupiam:

282 3292 347 3356 Nec
365 3290 441 3353 haec
472 3291 577 3374 jacto,
608 3290 662 3351 sed
692 3227 801 3351 dollns
822 3290 969 3375 profero,
992 3312 1061 3352 curn
1084 3301 1115 3350 te
1134 3288 1272 3372 jndicem
1294 3289 1354 3347 Dei

284 3378 453 3441 constituas
485 3387 516 3437 et
546 3374 678 3452 Christi,
704 3376 758 3459 qui
783 3374 860 3436 dicit
875 3375 916 3435 ad
934 3374 1125 3458 Apostolos,
1147 3394 1183 3435 ac
1214 3392 1271 3457 per
1291 3370 1354 3432 hoc

285 3463 325 3524 ad
356 3482 460 3523 omnes
483 3462 696 3546 praepositos,
740 3461 796 3541 qui
822 3458 982 3543 Apostolis
1009 3460 1128 3523 vicaria
1158 3456 1354 3520 ordinatione

111 3569 255 3615 nuaram.
286 3547 472 3609 succedunt:
496 3547 559 3622 Qui
579 3545 668 3605 audit
688 3564 763 3620 vos,
785 3564 833 3602 me
852 3543 956 3603 audit:
980 3555 1011 3603 et
1033 3544 1089 3626 qui
1112 3565 1160 3604 me
1174 3541 1274 3616 audit,
1297 3558 1356 3599 au·

288 3632 335 3694 dit
359 3652 449 3707 eum,
473 3631 527 3712 qui
559 3650 606 3689 mc
629 3630 719 3689 misit
762 3627 805 3688 Et
826 3626 882 3709 qui
906 3627 1010 3708 rejicit
1030 3646 1104 3705 vos,
1125 3649 1173 3688 me
1191 3625 1302 3708 rejicit,
1326 3633 1359 3684 ct

111 3739 227 3779 namu·
253 3739 380 3795 seeum,
403 3714 459 3798 qui
480 3734 528 3775 me
544 3713 635 3774 misit.
677 3711 755 3772 inde
774 3713 853 3770 enirn
867 3710 1030 3773 schismata
1055 3723 1087 3772 et
1106 3711 1245 3773 haereses
1258 3706 1361 3770 obora

114 3785 339 3876 il,l¹i'.¹¹³22.‘.f''tac
369 3810 462 3875 sunt,
497 3808 528 3857 et
557 3799 718 3874 oriuntur,
751 3793 824 3856 dnm
847 3794 1043 3880 Episcopus,
1067 3798 1121 3878 qni
1141 3815 1222 3857 nnus
1241 3805 1305 3870 est,
1327 3803 1360 3853 et

115 3884 256 3974 ‘⁸¹21’¹'⁰⁸³·
291 3884 450 3949 Ecclesiae
471 3893 612 3966 praeest,
634 3877 771 3963 superba
786 3880 984 3962 quorundam
1006 3882 1258 3965 praesumptione
1281 3897 1360 3938 con-

113 3946 145 3978 „
157 3946 192 3978 ω’
292 3971 455 4047 temnitur,
477 3978 509 4027 et
524 3963 620 4028 homo
637 3964 815 4050 dignatione
839 3964 900 4026 Dei
917 3963 1110 4044 honoratus,
1133 3963 1279 4048 indignus
1298 3960 1363 4023 hc-

291 4051 428 4118 minihus
466 4047 635 4134 judicatur.
689 4049 731 4110 Et
754 4046 850 4133 paulo
883 4062 973 4134 posta
1005 4049 1158 4112 Dominus
1180 4067 1308 4132 qnoque
1328 4045 1364 4106 in

290 4134 480 4221 Evangelio,
513 4157 582 4197 cum
612 4155 681 4196 etun
708 4132 887 4216 loquentem
920 4130 1069 4234 discipuli
1097 4133 1363 4215 derelinquerent,

291 4238 459 4283 conversus
484 4220 524 4282 ad
547 4216 732 4296 duodecim,
753 4216 848 4281 dixit:
881 4216 1041 4303 Numquid
1057 4232 1089 4282 et
1104 4215 1266 4283 rosrultis
1294 4210 1365 4277 irel

118 4329 254 4374 toan-ms
291 4302 466 4394 Respondit
481 4306 509 4370 ei
528 4304 666 4383 Petrus,
686 4292 813 4367 dicensi
832 4302 989 4383 Domine,
1011 4301 1050 4365 ad
1066 4324 1159 4389 quem
1178 4299 1276 4365 imusl
1296 4318 1369 4363 rcr-
