2768 4762
433 364 764 437 sunnone
1087 374 1140 446 ω

66 557 240 646 colimus,
267 569 306 627 et
327 552 424 628 tiam
449 552 572 628 crucis
594 552 711 629 'duce
732 552 880 633 Christo
911 578 989 628 non
1010 578 1134 655 gram.
1148 558 1315 659 gyne-23¹3.

68 682 133 755 tim
150 678 430 780 amplectamur.
1148 656 1223 752 {fil
1233 665 1317 755 {1352

164 804 207 876 Ε.
259 801 392 896 Neque
417 800 539 874 minua
559 820 659 873 erma
679 797 768 871 hinc
783 799 951 874 victricia
976 803 1135 901 petimus
1148 764 1182 802 Μ’

66 926 266 999 ³ntlversus
295 924 468 996 satanam
483 923 573 997 olim
589 923 713 995 crucis
744 923 875 996 virtute
897 944 1134 1024 prostratum,
1148 919 1318 1011 353132'33

69 1051 143 1124 imo
160 1066 198 1122 et
214 1065 343 1123 contra
359 1069 487 1119 omnes
506 1062 656 1120 nostrae
673 1044 802 1120 salutis
825 1046 1057 1122 aduersarios
1086 1050 1137 1120 ita
1148 1019 1317 1171 {iffi-⁶:132&

1149 1167 1274 1218 eaestup.

71 1174 351 1246 communimur.

167 1275 208 1342 F.
258 1272 438 1354 Demum‚
489 1284 532 1342 ut
565 1250 791 1369 auspicatius
822 1261 1055 1351 tarataram,
1105 1286 1139 1339 et
1151 1292 1185 1385 p&
1188 1285 1253 1330 tub·
1271 1298 1316 1329 m·

68 1395 250 1493 majorem
269 1395 309 1465 in
329 1392 442 1465 rebus
464 1390 639 1489 gerendis
660 1415 874 1465 successum
897 1393 1142 1491 experiamur,

68 1519 144 1591 hoc
163 1519 286 1590 crucis
307 1514 451 1587 illustre
475 1513 697 1612 trophaeum
719 1504 927 1614 arripimus,
954 1516 1050 1585 etin
1072 1516 1145 1585 hoc
1186 1544 1190 1553 ·

69 1641 181 1736 signo
211 1637 387 1723 ⁵victuri,
425 1660 539 1734 saepe
569 1634 694 1708 dicere
723 1661 802 1708 non
838 1635 1071 1709 dubitemus:
1099 1626 1321 1718 letffi'l'lfllt

72 1762 226 1831 nornine
250 1762 380 1831 Patris
405 1771 440 1832 et
465 1760 553 1834 fitii
577 1769 614 1831 et
638 1761 803 1853 Spiritus
827 1762 958 1832 sancti.

1155 1722 1319 1782 taCeastaatl-

337 1958 873 2035 SCRIPTURAE.

154 2100 297 2164 Mattb.
330 2103 436 2166 XVI.:
469 2104 503 2165 st
524 2107 593 2187 quis
614 2102 683 2164 mlt
702 2115 778 2181 post
796 2124 846 2164 me
864 2106 988 2184 venire,
1011 2104 1144 2192 abneget

68 2211 282 2295 semetipsum,
306 2221 337 2271 et
357 2211 449 2272 tollat
472 2232 597 2272 cencem
617 2231 723 2288 suam,
745 2222 777 2271 et
798 2224 947 2293 sequntur
967 2234 1024 2274 me.

153 2318 249 2377 Luc.
272 2317 348 2378 lx:
384 2317 418 2377 Si
451 2319 520 2399 quis
539 2317 608 2378 vult
627 2329 701 2399 post
721 2336 769 2377 me
790 2318 914 2398 venire,
946 2318 1076 2405 abneget
1096 2342 1146 2383 se·

75 2426 260 2506 metipsum,
283 2433 315 2482 et
335 2420 428 2483 tollat
451 2444 574 2483 crucem
593 2442 680 2482 suam
700 2422 852 2500 quotidie,
875 2435 907 2484 et
925 2442 1074 2506 sequatur
1087 2450 1144 2489 me.

160 2530 186 2589 l.
208 2528 322 2587 Pete.
351 2526 430 2587 HL:
476 2529 510 2588 Si
542 2526 619 2609 quid
647 2525 788 2607 patimini
823 2539 956 2608 propter
985 2532 1146 2610 justitiam,
1178 2526 1182 2533 ’

72 2637 169 2699 beati.
214 2632 326 2694 Melius
349 2646 394 2695 est
415 2636 516 2710 enim,
544 2644 582 2693 ut
602 2629 830 2691 benefacientes
857 2630 903 2713 (si
924 2631 1065 2697 voluntas
1087 2638 1148 2699 Dei

72 2740 162 2823 velit)
180 2741 270 2824 pati,
294 2760 387 2825 qnam
409 2740 650 2803 malefacientes:
673 2737 747 2821 quia
769 2748 800 2797 et
812 2735 952 2799 Christus
974 2741 1065 2801 semel
1085 2718 1164 2825 pm.
1212 2799 1215 2804 .

75 2848 211 2931 peccatis
245 2850 361 2909 nostris
387 2862 531 2911 mortuns
558 2860 625 2924 est,
655 2847 759 2927 justus
780 2864 841 2927 pro
863 2845 1010 2927 injustis,
1032 2862 1068 2909 ut
1089 2870 1147 2912 noa

78 2952 209 3016 efferret
224 2952 313 3034 Deo,
334 2952 540 3019 mortificatos
559 2954 685 3039 qnidcm
704 2970 797 3014 carne
807 2995 817 3029 ,
849 2948 1020 3017 vivificatos
1044 2968 1146 3019 eutem

79 3062 203 3143 spiritu.

161 3163 268 3226 lbid.
289 3166 348 3229 ll:
369 3167 452 3231 llaec
473 3181 520 3231 est
541 3166 622 3231 enim
639 3168 758 3254 gratia,
785 3167 811 3229 si
832 3178 966 3253 propter
988 3166 1047 3229 Dei
1068 3190 1145 3232 eon·

76 3273 237 3333 seientiam
252 3277 384 3339 sustinet
394 3279 462 3359 quis
483 3279 643 3354 tristitias,
664 3277 782 3359 patiens
798 3275 922 3359 injuste.
965 3276 1053 3351 Quae
1065 3279 1146 3339 enim

76 3391 127 3439 est
146 3381 264 3461 gratia,
297 3384 323 3442 si
344 3394 527 3466 peccantes,
560 3394 592 3444 et
617 3380 800 3465 colaphizati
832 3381 992 3442 suffertis?
1034 3382 1097 3444 Sed
1117 3385 1145 3445 si

77 3485 306 3549 benefacientes
347 3493 500 3574 patienter
535 3490 712 3566 sustinetis,
749 3486 825 3549 baec
862 3499 907 3549 est
939 3491 1036 3572 guntin
1061 3488 1147 3575 apud

78 3592 189 3653 Deum.
232 3592 268 3655 In
300 3594 362 3657 hoc
395 3600 474 3659 enim
495 3600 597 3663 vocati
620 3598 705 3659 estis:
736 3594 808 3677 quia
829 3608 861 3657 et
881 3594 1021 3661 cbristus
1042 3616 1148 3681 passus

79 3712 126 3761 est
148 3706 211 3783 pre
232 3698 346 3781 nobis,
380 3704 469 3767 vobis
490 3706 669 3789 relinquens
691 3703 881 3787 exemplum,
913 3715 950 3764 ut
979 3702 1149 3785 sequamini

81 3810 209 3891 vestigia
232 3810 309 3891 ejus.

450 3966 480 4037 P
505 3968 540 4038 A
564 3964 598 4037 Τ
623 3968 658 4038 R
681 3970 713 4040 E
740 3968 778 4043 S·

168 4116 198 4171 1·
221 4098 589 4167 sustentamus
611 4104 651 4167 de
671 4074 781 4171 cornia.
801 4104 865 4171 mil.
887 4110 1070 4175 traditiones
1080 4134 1151 4179 nnn
1161 4112 1327 4180 finiit-¹⁰·

77 4188 215 4273 aetiptaa
237 4208 431 4252 enumerante
452 4184 504 4253 Ad
524 4211 670 4273 emnem,
696 4196 817 4277 inquit,
836 4216 1036 4285 peneressum
1056 4170 1328 4311 atqueffffiugii
1368 4260 1373 4277 ‚
