2768 4762
279 354 740 473 uectusaan
997 382 1077 478 aas

30 588 85 663 rit,
117 604 224 646 rernm
248 598 314 646 nou
343 581 386 644 ob
417 580 451 642 id
483 593 646 644 accusatur
671 579 753 647 urdo
774 581 985 665 apostolicus,
1019 584 1250 667 sedmhmh„

33 675 91 731 lius
117 672 253 732 animust
272 686 331 725 nec
353 667 469 728 crimen
488 677 535 727 est
550 665 731 741 sacerdotii,
763 666 818 727 sed
840 667 953 729 malum
972 672 1073 730 animi.
1084 668 1250 718 anausoni..

31 758 51 815 lt
93 767 127 816 tu
156 755 247 812 iitnr
281 771 320 809 ne
358 751 566 811 sacerdotium
602 752 776 831 vituperes,
805 753 860 814 sed
882 753 1075 816 sacerdotem

31 839 86 899 ule
113 858 146 896 re
166 774 251 896 bona
274 844 420 895 utentem.
462 834 537 894 lieri
557 854 693 916 corpora
719 838 877 897 commissa
897 848 995 915 sunt,
1023 859 1075 899 sa·

31 921 124 982 erdoti
167 923 296 981 animae.
344 916 408 977 Rex
426 883 559 979 msulae
581 920 747 1000 corporum
765 922 908 998 remittit,
930 922 1075 984 sacerdos

31 1018 107 1065 ntem
123 1003 254 1064 maculas
272 1015 483 1083 peccatorum.
525 1002 583 1062 Ille
597 1004 693 1084 cogit,
714 999 766 1060 bic
786 1001 973 1066 exhortatur.
1016 1006 1074 1067 Ille

31 1090 205 1164 acessitatc,
239 1086 292 1144 bic
320 1085 461 1147 consilio.
521 1085 580 1146 Ille
609 1085 706 1145 babet
719 1105 803 1146 arma
826 1088 999 1166 sensibilia,
1021 1089 1073 1151 bic

31 1194 89 1233 rma
116 1169 295 1256 spiritualia.
334 1170 407 1237 ¹llle
432 1168 549 1228 bellum
563 1212 567 1219 -
582 1172 661 1253 gerit
694 1189 764 1231 etun
796 1170 959 1248 barbaris,
996 1173 1073 1235 mibi

31 1257 120 1318 ellum
154 1268 200 1315 est
233 1252 377 1313 adversas
405 1253 586 1314 Daemones.
642 1252 749 1335 Major
782 1250 834 1314 bic
861 1257 1156 1339 principatuum«.
1173 1276 1247 1323 tut·

31 1354 171 1425 rupterea
200 1356 252 1397 rex
272 1348 364 1418 capnt
378 1336 532 1397 submittit
554 1338 657 1397 manui
678 1338 865 1399 sacerdotisr
900 1350 933 1401 et
954 1338 1073 1423 ubique
1086 1316 1125 1369 ⁸⁰⁹
1138 1325 1178 1370 ¹³·

31 1448 36 1485 ι
59 1425 155 1485 reteri
181 1423 351 1503 scriptura,
380 1420 556 1481 sacerdotes
580 1422 654 1480 inan
676 1420 769 1485 ebant
786 1440 883 1507 reges.
912 1482 916 1491 ,

89 1520 120 1573 3.
162 1505 271 1565 IDEM
304 1503 388 1565 hom.
414 1518 445 1571 s.
472 1504 512 1563 ds
545 1504 632 1565 verb.
722 1506 752 1583 i,
792 1506 858 1567 vidi
888 1498 1074 1567 Dominum:

31 1590 222 1653 sacrdotium
272 1590 438 1670 riucipatus
457 1600 529 1662 est‚.
550 1589 619 1672 ipso
643 1590 731 1649 uiam
750 1610 846 1674 reguo
868 1587 1074 1652 venerabilius

31 1698 42 1736 :
78 1675 186 1755 majus.
239 1611 285 1733 Ile
316 1671 392 1732 mibi
431 1691 537 1731 narres
565 1692 754 1755 purpuram,
791 1694 893 1756 neque
924 1672 1074 1751 diadema,

31 1779 109 1839 eque
125 1768 221 1817 vestes
235 1776 364 1817 aureas:
385 1754 514 1815 umbrae
527 1770 601 1817 snut
628 1756 742 1817 isthaec
761 1759 885 1833 omnia,
908 1759 1137 1838 vernisqueun.
1143 1783 1186 1829 to,
1200 1778 1249 1828 ο-

30 1841 143 1902 osculis
171 1840 293 1900 leviora.
343 1839 451 1901 Omnis
476 1842 577 1913 enim,
611 1842 713 1922 inquit
726 1883 736 1917 ‚
751 1840 861 1923 ‚gloria
879 1839 937 1903 llos
959 1831 1211 1927 grani-32¹³&
1227 1838 1249 1879 ¹·

31 1926 73 2001 is,
112 1926 228 1984 etiamsi
255 1926 351 2006 ipsam
374 1923 504 2007 gloriam
530 1924 662 1985 realem
686 1924 806 1985 dixeris.
847 1924 915 2001 Ne,
938 1926 1072 2007 inquam,
1096 1950 1248 1994 amam..

31 2004 82 2067 ahi
97 2028 202 2067 narres
221 2008 292 2067 ista:
327 2008 381 2067 sed
401 2008 428 2067 si
447 2006 497 2065 'vis
523 1946 627 2066 ridere
646 2006 825 2084 discrimen,
848 2020 996 2090 quantum
1017 2007 1072 2068 ab·
1082 2001 1164 2090 {¹¹¹0'·
1181 2014 1249 2094 W

32 2103 47 2153 t
73 2112 124 2151 rex
156 2112 174 2151 a
204 2090 383 2165 sacerdote,
428 2088 565 2170 expende
596 2088 724 2147 modum
756 2093 916 2189 potestatis
947 2062 1161 2173 utrique&
1170 2062 1186 2105 ¹

31 2174 153 2250 uditac,
175 2172 294 2233 videbis
314 2170 504 2234 sacerdotem
523 2170 631 2247 multo·
644 2170 803 2234 sublimius
821 2194 892 2259 rege
909 2174 1075 2236 sedentcm.

31 2268 201 2341 {numquam
230 2277 310 2315 enam
334 2256 427 2315 nobis
444 2255 639 2315 admirandus
663 2256 787 2317 videtur
810 2256 944 2319 tbrouus
972 2261 1077 2342 regius

31 2342 50 2402 b
79 2359 207 2425 gemmas
236 2338 359 2412 stirias,
395 2347 426 2394 et
450 2353 580 2412 aurum,
613 2356 678 2416 qno
707 2336 869 2401 obciuctus
896 2352 956 2401 est:
975 2354 1078 2403 tamen

31 2446 111 2485 erum
137 2433 328 2480 terrenarum
349 2416 644 2477 administrationem
665 2423 793 2479 sortitus
819 2435 884 2499 est,
912 2442 970 2484 nec
994 2424 1080 2485 ultra

33 2517 189 2568 otestatem
220 2501 300 2563 hanc
361 2510 496 2561 raeterea
536 2500 706 2583 quidquam
746 2501 841 2564 habet
875 2507 1079 2567 auctoritatis.

31 2588 126 2650 'erum
155 2585 309 2648 sacerdoti
333 2597 466 2645 tronus
495 2584 529 2644 in
562 2582 652 2647 caelis
679 2584 845 2646 collocatus
876 2598 941 2664 cst,
976 2601 1007 2649 et
1039 2587 1080 2651 de

31 2672 190 2737 celestibus
219 2671 348 2755 negotiis
369 2667 587 2752 pronuntiandi
616 2666 711 2729 babet
733 2672 954 2731 auctoritatem.
996 2672 1075 2749 Quis

31 2778 86 2819 acc
113 2736 213 2818 dicitl
243 2756 314 2838 lpse
335 2753 490 2814 eaelomm
513 2772 583 2814 rexa
613 2752 823 2841 Quaecunque
843 2752 1005 2839 ligaveritis
1020 2776 1167 2822 su-unaa.
1195 2784 1235 2830 ss,

31 2852 217 2919 arturum,
241 2837 440 2923 ernntligata
462 2848 494 2899 et
514 2838 547 2897 in
567 2836 674 2898 caeliae
705 2850 736 2899 et
754 2858 893 2921 quaecnn
937 2833 1127 2902 esulae-¹⁰·

31 2928 74 2987 itis
91 2946 205 3068 ¹¹super
235 2935 364 3066 usqam,
388 2933 500 3069 eruut?
513 2920 613 3067 solAutqa
639 2932 671 2983 et
690 2922 721 3022 in
736 2922 858 3071 (qiaeliqii
893 2860 983 3023 guid
1001 2944 1077 3070 lquau

31 3018 480 3153 ῖῖ,,,ῖῖῖῖῖῖῖ,ῖῖ“,ΞῖῖῖΞ
520 3091 599 3153 am
608 3026 1078 3174 ‘tiletbltlltllitn‘t

31 3179 110 3237 rinus
142 3180 280 3258 sequitur
315 3196 453 3235 servum:
495 3186 527 3237 et
561 3176 715 3259 quidquid
745 3176 797 3237 bic
825 3178 856 3238 in
881 3178 1079 3239 inferioribus

31 3260 179 3337 adiuerit,
209 3258 270 3321 boc
297 3258 346 3319 ille
366 3261 398 3321 in
431 3261 567 3343 supernis
595 3260 782 3405 comqrobat.
837 3263 946 3345 ltaque
962 3262 1081 3324 medias

31 3358 74 3407 tut
98 3345 241 3405 sacerdos
257 3345 335 3405 inter
347 3344 447 3403 Deum
471 3356 501 3404 et
515 3357 657 3407 naturam
685 3366 834 3422 umanum,
854 3346 938 3408 illinc
957 3349 1082 3407 venien·

31 3450 55 3490 ra
74 3425 222 3489 beneficia
241 3428 281 3501 ad
300 3446 355 3488 nos
374 3427 530 3506 deferens,
552 3440 720 3511 etnostras
739 3432 900 3513 petitiones
923 3428 1082 3515 illucpcr·
1150 3454 1153 3463 ¹

31 3532 134 3591 arens,
165 3512 329 3574 Dominum
349 3514 459 3572 iratum
487 3510 683 3575 reconcilians
706 3516 832 3597 utrique
850 3525 995 3593 naturae,
1015 3532 1082 3589 nos,

31 3598 68 3659 ,ui
93 3596 284 3674 obedimus,
310 3598 440 3681 eripiens
480 3618 516 3658 ax
549 3596 630 3658 illius
664 3598 820 3659 manibus'
866 3598 976 3681 linque
996 3598 1082 3658 Deus

31 3672 35 3683 ’
62 3702 113 3740 nm
142 3678 242 3764 regale
274 3692 365 3764 caput
399 3680 567 3743 sacerdotis
595 3680 735 3742 manibus
751 3682 904 3764 subjecit,
932 3702 989 3744 nos
1010 3702 1083 3742 eru-

31 3702 123 3841 lim,
145 3767 230 3847 quod
246 3765 297 3826 hie
311 3769 450 3848 princeps
476 3778 521 3827 cat
542 3766 594 3828 illo
614 3767 723 3847 major.
765 3765 923 3849 Siquidem
942 3764 984 3842 id,
996 3764 1082 3848 qnod
1091 3778 1195 3831 ltus-t.
1210 3782 1233 3825 a·

31 3852 114 3909 ainus
147 3861 207 3929 est,
242 3849 487 3913 benedictionem
513 3852 625 3935 accipit
643 3848 695 3912 ²ab
718 3856 788 3926 luo,
819 3850 905 3931 quod
924 3862 1084 3934 praestan·

31 3935 78 3995 ius
100 3944 152 3993 est.
933 3968 940 3985 ·.

33 4034 38 4041 ·
104 4029 133 4085 u.
173 4014 369 4079 IGNATIUS
401 4015 434 4078 iu
460 4015 591 4102 epistola
605 4012 662 4081 :ad
685 4014 902 4094 Smyrnemst
928 4012 1085 4079 Houome

31 4100 134 4176 lenm,
155 4096 195 4162 nt'
214 4115 368 4163 auctorem
390 4104 525 4183 omnium
544 4104 766 4180 annotinum,
779 4102 970 4187 Episcopum
984 4112 1086 4162 autem

216 4186 361 4269 rlncipcm
394 4188 619 4273 “adetum
641 4186 800 4271 imaginem
833 4187 894 4249 Ilei
914 4186 1088 4258 tumn,

242 4282 258 4321 ι’
300 4273 305 4284 ’
387 4272 577 4347 πωπω
608 4270 979 4361 lltunjjweribtluu
1013 4282 1088 4341 m

791 4383 876 4460 aa*
