2768 4762
423 372 758 440 SYMBOLO.
1085 380 1139 453 16

61 564 170 628 Latine
190 560 239 624 acl
261 562 358 648 signa,
379 557 427 622 vel
448 559 565 627 iudicia
584 563 804 623 nominantur:
823 571 860 621 ut
879 559 907 621 si
925 558 1009 625 forte
1021 577 1138 625 oecur-

64 662 147 711 reret
168 649 250 726 ouis,
272 646 312 709 de
335 665 400 728 quo
423 642 595 724 dubite'tur,
629 648 838 729 iuterrogatus
857 643 1035 721 symbolum
1057 631 1281 731 ρτο-ξζῗξξζζῗ

62 734 125 811 dat,
159 734 186 792 si
209 734 249 792 sit
270 729 385 806 hostis,
433 750 470 790 an
498 732 611 793 socius.
667 730 791 790 Idcirco
813 729 949 812 denique
969 728 1046 791 haec
1070 733 1287 831 ”⁰⁰2¹’.l'2'3¹¹,'..

61 817 156 880 scribi
179 815 329 877 chartulis
352 827 445 896 atquc
466 816 658 891 membranis,
680 814 733 874 scd
756 814 882 873 retineri
904 814 1054 877 cordibus
1069 797 1225 877 tra-analo.
1287 810 1298 820 “

62 902 232 979 diderunt,
265 913 300 961 ut
322 912 441 960 certum
464 914 559 978 essct,
592 902 742 960 neminem
763 898 821 958 hac
846 919 881 958 en
902 900 1034 962 lectione
1057 922 1134 984 quae

60 986 220 1048 interdum
240 987 402 1069 pervenire
429 986 518 1044 ctiam
543 984 582 1045 ad
605 982 744 1045 infideles
772 981 867 1060 solet,
912 985 966 1045 sed
989 1007 1025 1046 cx
1044 984 1134 1069 Apo·

59 1069 219 1133 stolorum
250 1070 419 1130 traditione
452 1069 595 1131 didicisse
627 1065 795 1137 sufficeret.
848 1068 1025 1131 Discessuri
1046 1090 1132 1155 ergo,

59 1167 97 1216 ut
118 1156 263 1231 diximus,
284 1155 324 1214 ad
345 1152 597 1233 praedicandum,
608 1152 693 1213 istud
716 1152 922 1213 unanimitatis
937 1150 1209 1245 etfideisuaeom
1227 1214 1253 1249 u
1279 1208 1307 1257 ⁴·

60 1238 212 1300 iudicium
220 1230 364 1322 Apostoli
373 1258 507 1320 posuere
519 1259 582 1299 non
596 1236 740 1298 sicutlilii
750 1235 816 1294 Noe
831 1234 995 1297 discessuri
1005 1236 1045 1297 ab
1055 1238 1178 1307 alte-u·
1209 1232 1217 1249 ⁸
1239 1246 1242 1251 '
1259 1228 1269 1255 ⁹

60 1336 196 1400 rutrum,
217 1335 337 1383 turrem
348 1344 384 1383 ex
395 1323 489 1381 latere
501 1334 593 1383 cocto
616 1320 809 1381 etbitumine
830 1330 1056 1396 construentes,
1076 1342 1136 1383 au-

61 1409 115 1489 jus
138 1428 284 1468 cacumen
315 1408 508 1490 pertingeret
537 1426 637 1486 usquc
659 1403 699 1463 ad
721 1402 848 1476 caelum,
877 1402 931 1463 sed
950 1406 1136 1471 munimenta

59 1490 147 1567 lidci,
170 1512 248 1575 quae
263 1503 381 1551 starent
404 1489 567 1548 adversum
589 1488 697 1546 faciem
719 1488 846 1562 inimici,
868 1506 904 1545 ex
918 1485 1075 1569 lapidibus
1088 1490 1137 1549 ri-

58 1578 107 1637 vis
126 1587 158 1635 et
178 1575 351 1657 margaritis
368 1573 531 1633 dominicis
549 1568 753 1646 aedificantes,
775 1589 852 1652 quae
866 1590 967 1652 neque
985 1574 1137 1633 ventiim-
1284 1602 1299 1631 ι

57 1660 234 1743 pellerent,
265 1677 366 1737 neque
399 1654 528 1716 llumina
549 1653 777 1731 subverterent,
799 1673 900 1734 neque
922 1666 1137 1737 tempestatum

60 1764 98 1801 uc
117 1740 330 1822 procellarum
350 1740 493 1800 turbines
517 1752 740 1823 permoverent.
782 1739 897 1799 Merito
924 1759 999 1799 ero
1029 1738 1076 1800 illi
1096 1741 1135 1803 ab

62 1826 197 1884 invicem
215 1824 384 1907 separandi,
409 1837 527 1884 turrem
548 1821 712 1907 superbiae
732 1820 938 1901 aedificantes,
958 1760 1136 1909 linguarum

59 1907 247 1969 confusione
258 1908 390 1969 damuati
401 1919 483 1982 sunt,
505 1910 552 1967 uti
575 1928 614 1967 ne
630 1908 842 1987 unusquisque
854 1920 961 1990 posset
973 1908 1133 1971 advertere

56 1993 195 2137 proximi
224 1994 271 2052 sui
295 1991 457 2136 laspuelam.
499 1991 555 2053 Isti
568 2012 654 2068 vero,
675 1993 728 2073 qui
746 2003 864 2051 turrem
876 1988 951 2053 fidei
969 2006 1132 2055 construe-

82 2087 146 2152 ant,
179 2078 315 2137 omnium
352 2079 517 2161 inguarum
534 2077 662 2137 scientia
686 2087 718 2135 et
736 2077 894 2159 agnitione
918 2076 1027 2139 donati
1046 2090 1130 2157 suut,

58 2158 195 2222 utillud
236 2162 343 2238 secati,
364 2160 427 2223 hoc
450 2158 524 2222 fidei
541 2160 734 2245 probaretur
754 2159 914 2223 iudicium.

142 2256 174 2313 6.
240 2244 399 2305 ENAEUS
422 2244 538 2306 advers.
560 2244 677 2306 haeres.
698 2242 811 2306 Valent
841 2244 876 2305 L.
898 2247 923 2307 1.
946 2268 972 2309 c.
995 2263 1025 2317 2.
1068 2247 1132 2311 Ee-

57 2326 152 2391 elesiu
173 2350 232 2413 per
249 2331 425 2391 universum
448 2329 556 2391 orbem
580 2349 680 2412 usque
703 2327 743 2389 ad
766 2326 841 2390 lines
858 2342 960 2393 terrae
973 2334 1128 2412 seminata,
1139 2376 1305 2431 „ng

57 2426 90 2475 et
111 2412 153 2473 ab
178 2412 355 2497 Apostolis,
389 2427 420 2475 ct
441 2436 458 2475 a
480 2413 642 2496 discipulis
661 2434 768 2473 eorum
795 2419 915 2497 accepit
937 2438 1002 2477 earn
1024 2415 1290 2496 lidemonium·

57 2518 139 2581 quae
165 2500 264 2559 estin
286 2518 383 2556 unum
404 2499 521 2575 Deum,
554 2510 675 2580 patrem
692 2499 944 2578 omnipotentem,
979 2503 1033 2582 qui
1057 2478 1307 2568 secitlltrtlmm

57 2581 178 2643 eaelum
193 2593 225 2642 et
242 2594 368 2649 terram,
390 2602 472 2642 mare
494 2594 525 2642 ct
543 2583 647 2642 omnia
671 2602 750 2663 quae
775 2584 807 2639 iu
827 2584 869 2640 cis
896 2595 977 2658 sunt,
1000 2596 1056 2644 etc.

143 2678 173 2735 7.
195 2666 306 2726 IDEM
327 2664 382 2725 lib.
397 2679 427 2733 5.
440 2687 505 2749 cap.
529 2680 559 2733 t.
586 2665 673 2742 Quid
693 2678 794 2725 autem
816 2665 842 2724 si
865 2685 966 2746 neque
985 2666 1228 2754 Apostoliw.ti

103 2750 185 2812 ’dem
203 2752 376 2833 scripturos
401 2749 596 2832 reliquissent
619 2749 720 2826 nobis,
757 2770 861 2809 nonne
883 2751 1053 2833 oportebat
1076 2726 1290 2821 or.s}›0·¹toh¹ii⁸·

58 2772 163 2897 Elem
179 2836 269 2917 sequi
288 2834 477 2910 traditionis,
506 2856 596 2916 quam
618 2834 816 2895 tradiderunt
838 2836 885 2909 iis,
908 2834 1024 2917 quibus
1045 2819 1303 2897 com-”⁰⁰⁸⁸”Pm‘

58 2919 224 2982 mittebant
240 2917 399 2979 ecclesias?
443 2920 493 2978 cui
514 2919 703 2979 ordinationi
726 2919 894 2979 assentiunt
915 2919 1030 2981 multae
1055 2943 1132 3005 geu-

57 3016 104 3066 tes
128 3001 350 3080 barbarorum,
372 3024 480 3063 eorum
500 3005 555 3085 qui
574 3005 606 3063 in
623 3003 779 3064 Christum
802 3002 943 3079 credunt,
967 3006 1032 3066 sine
1054 3006 1131 3069 cba-

58 3101 179 3150 ractere
203 3087 253 3149 vel
271 3101 441 3149 atramento
454 3091 600 3170 scriptam
613 3086 760 3148 habentes
775 3090 990 3170 perspiritum
1010 3093 1040 3150 in
1054 3113 1130 3151 cor-

57 3173 156 3234 dibus
180 3174 243 3234 suis
263 3173 399 3250 salutem,
416 3184 447 3232 ct
472 3186 605 3232 vetarem
623 3173 822 3232 traditionem
841 3172 1005 3256 diligenter
1025 3190 1129 3237 custo·

56 3257 191 3334 dientes,
213 3258 352 3317 inunum
366 3258 464 3316 Deum
487 3256 645 3316 credentes
671 3256 890 3317 fabricatorem
912 3258 986 3319 caeli
1008 3272 1039 3320 ct
1063 3273 1130 3320 ter·
1199 3334 1202 3339 .

57 3362 124 3419 rac,
145 3353 177 3402 et
196 3344 331 3404 omnium
353 3362 433 3426 quae
451 3343 483 3401 iu
501 3342 543 3402 eis
562 3353 646 3421 sunt,
666 3362 723 3426 per
739 3341 898 3403 Christum
919 3343 1051 3420 JESUM
1068 3345 1129 3406 Dei

56 3425 171 3488 filium.

142 3543 174 3601 8.
196 3531 468 3595 HIERONYMUS
500 3532 539 3595 ad
566 3531 740 3594 Pammach.
770 3533 886 3596 advers.
914 3554 1013 3597 error.
1037 3535 1126 3598 Joan.

58 3616 215 3679 Hierosol.
239 3620 327 3700 epist.
350 3632 421 3687 61.:
465 3620 500 3679 In
513 3618 663 3695 Symbolo
682 3617 755 3678 lidei
767 3634 796 3679 et
807 3623 871 3702 spei
884 3632 1017 3698 nostrae,
1040 3620 1128 3703 quod

60 3702 98 3762 ab
117 3700 279 3785 Apostolis
303 3704 450 3764 traditum
468 3724 531 3764 non
548 3703 698 3763 scribitur
719 3706 751 3763 in
775 3702 882 3764 charta
901 3716 932 3764 et
947 3717 1128 3779 atramento,

60 3786 160 3846 sedin
176 3783 292 3845 tabulis
310 3788 413 3847 cordis
435 3787 620 3863 carnalibus,
645 3800 718 3871 post
737 3788 960 3849 consessionem
968 3789 1128 3849 Trinitatis

60 3882 91 3931 et
106 3872 255 3931 unitatem
274 3869 444 3948 Ecclesiae,
476 3894 565 3931 omne
589 3871 756 3932 Christiani
781 3872 930 3956 dogmatis
957 3893 1130 3936 sacramen-

57 3968 127 4016 tum
152 3956 254 4016 curnis
280 3958 507 4016 resurrectione
530 3956 741 4018 concluditur.

142 4072 174 4131 9.
194 4060 279 4122 LEO
300 4062 344 4122 M.
367 4063 462 4124 Serm.
484 4075 533 4132 11.
557 4062 588 4123 d.
610 4084 690 4147 pass.
711 4063 822 4126 Doma
863 4064 930 4128 Hac
947 4062 1021 4127 fidei
1035 4086 1129 4152 regu-

56 4142 99 4223 la,
120 4142 324 4248 dilectissimi,
345 4148 492 4247 quatern
507 4150 584 4248 ’ips-o
603 4148 731 4247 exordio
746 4148 896 4250 symboli·
908 4171 968 4235 per
989 4154 1295 4255 auctori-&mm

56 4242 154 4295 tatem
165 4226 367 4319 Apostobeae
383 4243 587 4298 tnshtuttoms
602 4254 784 4320 accepimus,
804 4235 975 4299 Domuum
986 4247 1128 4299 uerbum
1138 4262 1182 4301 on.
1280 4266 1284 4273 ·
