2752 4770
255 392 335 464 soe
570 380 1013 459 na'caairarner

261 577 311 636 ria
331 569 475 635 tenebras
494 557 666 655 impietatis
685 556 919 653 discusserunt:
948 588 979 638 et
1007 569 1088 637 sicut
1107 576 1209 655 tauri,
1238 576 1338 642 anima

107 684 199 746 annau
214 658 574 747 aspromptitudineque
604 658 725 747 eadem,
738 669 830 718 suave
870 659 1033 722 CHRISTI
1063 662 1174 746 jugum
1205 665 1335 724 traxere.

81 735 389 846 gssjzssgglgldcirco
414 764 504 817 saepe
532 758 586 802 eos
612 745 800 819 inrisamu's,
820 746 958 808 tumulos
981 744 1189 825 adornemus,
1212 766 1338 833 magna-

80 839 253 979 qpllipffiffi
264 850 324 912 que
342 826 406 889 fide
434 828 579 909 reliquias
603 836 713 906 eorum
737 830 970 911 contingamus,
990 842 1026 890 ut
1050 831 1122 890 inde
1142 830 1338 893 benedictio-

81 951 110 993 as
128 936 223 975 terronis
263 934 332 973 uem
357 912 493 995 aliquam
526 930 731 993 assequamur.
795 913 916 975 Etenim
951 918 1032 983 sieut
1063 916 1175 976 luilites
1198 916 1336 990 uulnera,

80 996 223 1090 ssssss‘fflj
264 1020 343 1080 quae
365 1000 402 1057 in
424 996 549 1082 praeliis
578 997 637 1055 sibi
657 995 794 1072 inflicta,
825 1003 893 1082 regi
914 1012 1120 1060 monstrantes
1140 996 1336 1063 fidenterlo·

124 1078 128 1087 ’
264 1095 428 1164 quantur:
451 1085 492 1143 ita
512 1084 550 1141 'et
573 1080 619 1139 illi
647 1082 677 1142 in
698 1083 838 1142 manibus
861 1084 984 1147 absecta
1000 1087 1101 1168 capita
1118 1096 1282 1168 gestantes,
1308 1099 1337 1146 ct

262 1170 294 1226 in·
313 1168 448 1247 medium
462 1166 643 1242 afferentes,
673 1186 812 1248 quaeque
832 1168 1010 1243 voluerint,
1044 1186 1061 1227 u
1085 1169 1129 1230 ud
1147 1189 1253 1252 regem
1272 1189 1337 1229 cac-

261 1253 365 1312 lnrum
395 1256 561 1334 impetrare
577 1262 725 1332 possunt:
760 1251 900 1313 Proinde
923 1274 1031 1336 magna
1053 1190 1116 1312 ilde
1143 1257 1337 1337 promptitu-

260 1338 393 1422 dineque
426 1336 488 1396 buc
512 1336 685 1411 veniamus,
711 1334 775 1417 quo
802 1350 833 1396 et
855 1342 927 1398 risis
950 1349 1129 1398 sanctorum
1152 1358 1336 1397 monumen-

80 1412 318 1514 ,Ξξξξωζξξξξζῑίὴ
348 1435 380 1481 et
400 1421 603 1482 consideratis
621 1440 728 1480 eorum
751 1425 911 1504 praemiis,
940 1423 1012 1481 inde
1041 1424 1145 1487 uarios
1171 1422 1334 1482 thesauros

49 1515 52 1518 ⁴
81 1506 459 1589 reiossuut‚11ndiquaque
486 1504 688 1587 colligamus:
720 1518 750 1565 et
769 1528 826 1589 per
845 1520 1036 1591 praesentem
1060 1509 1153 1566 vitam
1181 1509 1225 1567 ita
1250 1511 1334 1589 juxta

110 1595 113 1602 '
240 1588 449 1652 'voluntatem
471 1591 529 1649 Dei
553 1603 763 1667 transeamus,
796 1604 832 1651 ut
850 1596 881 1652 in
903 1605 1030 1675 portum
1057 1593 1248 1651 aeternitatis
1268 1613 1334 1651 cum

258 1672 368 1736 multis*
387 1673 542 1736 mercibus
573 1675 804 1757 ingrediamur,
837 1676 966 1737 fruituri
998 1696 1094 1760 regno
1125 1675 1288 1736 caelorum
1305 1678 1334 1734 in

259 1760 436 1822 GlllilSTO
456 1758 561 1819 Just]
582 1761 720 1819 Domino
742 1773 863 1821 nostro.
1164 1810 1167 1814 .

266 1868 281 1879 ··
313 1858 371 1912 ·6.
413 1844 523 1905 IDEM
553 1845 588 1902 1..
616 1856 716 1904 contr.
752 1845 856 1929 gentil.
891 1842 929 1904 de
956 1845 1015 1904 vit.
1042 1841 1073 1902 S.
1108 1842 1246 1920 Babylae
1273 1843 1334 1904 Aa·

256 1927 353 2011 tinch.
382 1928 486 2013 Epise.
510 1939 541 1988 et
568 1942 714 2004 martyr:
751 1930 848 2011 Atqui
882 1941 1007 2013 poterat
1039 1926 1171 2003 Babylas
1208 1925 1258 1988 vel
1293 1951 1338 1988 er·

258 2013 360 2095 emplo
392 2011 504 2074 Enoch
536 2013 719 2088 transferri,
756 2015 803 2074 vel
831 2015 937 2074 ileliae
966 2011 1060 2072 modo
1090 2017 1182 2095 rapi,
1220 2016 1260 2072 ut
1282 2016 1331 2097 qui

258 2101 422 2177 utriusque
453 2098 624 2157 aemulator
658 2097 768 2160 suerat.
812 2099 853 2158 At
874 2097 1001 2174 DEUS,
1026 2118 1087 2179 qua
1110 2111 1156 2157 est
1178 2100 1210 2157 in
1229 2098 1335 2159 lanma-

259 2202 334 2241 num
370 2200 464 2267 genus
498 2181 703 2264 benignitate,
738 2185 819 2244 inter
850 2184 939 2259 alias,
976 2202 1052 2263 quas
1086 2180 1222 2242 infinitas
1247 2182 1333 2243 nobis

262 2266 368 2326 salutis
390 2279 515 2327 nostrae
537 2271 713 2328 occasiones
738 2268 837 2345 dedit,
873 2280 904 2342 et
924 2266 1004 2327 hanc
1027 2286 1155 2349 quoquc
1177 2269 1259 2326 viam
1281 2288 1335 2327 no-

113 2361 250 2421 §anetarum
264 2351 313 2410 bis
344 2371 410 2412 ase
441 2355 588 2412 munitam
632 2374 694 2412 esse
715 2353 837 2428 voluit,
878 2353 1024 2415 idoneum
1056 2351 1094 2410 ad
1116 2355 1265 2411 virtutem
1290 2372 1336 2410 ca·

82 2410 240 2520 {illulwndd
263 2437 441 2519 pessendam
462 2437 633 2512 stimulum,
657 2437 771 2498 relictis
792 2438 909 2498 scilieet
930 2439 1052 2496 interim
1071 2436 1153 2517 apud
1172 2458 1230 2496 nos
1252 2458 1334 2496 sanc-
1368 2452 1372 2457 ’

82 2511 187 2551 “hm'‘
261 2528 366 2581 t'otum
386 2522 535 2605 reliquiis.
579 2523 655 2581 Nam
687 2535 760 2605 post
781 2525 929 2583 sermonis
963 2520 1140 2580 facultatem
1161 2523 1232 2602 ipsa
1258 2533 1335 2580 certe

218 2602 222 2609 ¹
258 2621 439 2667 sanctorum
468 2608 608 2690 sepulcra
634 2609 808 2690 proximum
840 2608 942 2667 locum
967 2604 1128 2680 obtinent,
1157 2605 1196 2664 ad
1224 2611 1333 2665 animas

83 2692 221 2784 sjntgm
258 2690 425 2752 vbominum
450 2695 480 2751 in
507 2696 590 2775 ipsos
619 2704 739 2752 sanctos
763 2695 965 2767 intuentium,
999 2689 1037 2749 ad
1059 2691 1336 2750 virtutumearun-

83 2793 229 2852 quia-noni·
265 2776 333 2836 dem
359 2776 591 2836 aemulationem
618 2776 799 2837 excitandas.
858 2777 903 2834 Ae
937 2773 1036 2835 sicubi
1065 2776 1134 2853 quis
1156 2772 1336 2855 hujusmodi

83 2849 182 2894 ΨΜ·
264 2864 449 2923 conditoriis
477 2863 599 2941 adstat,
631 2881 718 2920 suurn
745 2861 845 2918 statim
868 2881 989 2919 sensum
1010 2859 1049 2919 ab
1069 2859 1145 2932 hac,
1180 2881 1273 2939 quam
1292 2858 1337 2916 di-

263 2966 320 3022 co,
342 2949 372 3004 ri
397 2958 576 3029 correptum
599 2944 829 3005 animadvertit:
855 2944 997 3028 capsulae
1032 2946 1110 3003 enirn
1140 2957 1285 3024 aspectus
1308 2945 1336 3000 in

262 3036 391 3092 animam
416 3033 582 3106 invadens,
608 3033 703 3111 ipsam
728 3029 870 3113 percellit
903 3043 933 3089 et
951 3032 1120 3110 exuscitet,
1144 3049 1180 3086 ac
1204 3027 1338 3110 proinde

261 3118 378 3192 allicit,
414 3119 499 3197 quasi
537 3117 589 3195 qui
620 3115 687 3173 illic
723 3127 862 3173 mortuus
891 3115 994 3194 jacet,
1019 3134 1125 3195 preces
1146 3113 1239 3171 simul
1269 3113 1338 3172 lun·

261 3203 336 3278 dat,
370 3221 575 3284 praesensque
614 3199 717 3258 adesse
743 3211 904 3258 cernatur:
936 3199 1047 3258 deiude
1069 3195 1126 3273 fit,
1149 3209 1210 3273 ut,
1234 3198 1337 3278 quise

260 3289 304 3346 sic
333 3287 475 3345 allectum
496 3288 588 3344 sentit
600 3329 609 3357 ,
632 3285 709 3343 mira
730 3283 886 3344 alacritate
908 3285 1058 3367 gestiens,
1082 3281 1225 3362 aliusque
1245 3301 1338 3365 pror·

261 3391 312 3430 sus
345 3369 479 3451 quodam
501 3368 595 3428 modo
619 3368 764 3446 allectus,
786 3372 829 3430 ita
851 3390 885 3429 ex
905 3390 942 3428 eo
965 3366 1037 3427 loco
1060 3365 1204 3426 decedat:
1231 3365 1338 3446 ¹Quis-

262 3456 332 3536 quis
367 3474 466 3536 porro
500 3456 633 3513 animum
665 3453 824 3514 advertere
862 3453 936 3512 velit
960 3450 998 3510 ad
1025 3473 1094 3529 eos,
1117 3451 1172 3532 qui
1200 3460 1338 3510 mortuos

263 3538 348 3598 luctu
367 3550 626 3622 prosequuntur,
648 3536 751 3619 probe
767 3540 838 3598 inde
859 3534 1061 3613 educabitur,
1090 3536 1337 3620 imaginationem

262 3623 301 3681 de
334 3626 464 3683 mortuis
495 3634 677 3704 conceptam
701 3622 802 3682 solere
835 3643 869 3682 ex
894 3623 968 3703 ipsis
988 3620 1066 3680 locis
1091 3622 1122 3679 in
1150 3622 1270 3679 animos
1296 3619 1341 3676 in-

262 3708 398 3767 sinuaret
421 3702 477 3789 qui
490 3706 546 3766 ubi
566 3719 761 3766 mortuorum
782 3705 933 3789 sepulcris
967 3705 1169 3781 adstiterunt,
1195 3706 1341 3788 protinus

262 3793 351 3872 quasi
384 3791 499 3851 ibidem
524 3789 662 3874 sepultos
696 3809 803 3852 coram
828 3803 941 3851 stantes
959 3800 1186 3865 contueantur,
1210 3790 1256 3848 sic
1277 3805 1342 3845 eos·

262 3874 331 3935 dem
360 3876 391 3934 in
424 3878 492 3958 ipso
517 3877 619 3935 statim
652 3874 807 3935 vestibulo
843 3875 1024 3934 inclamant:
1065 3872 1211 3957 plerique
1246 3883 1344 3932 autem

260 3958 452 4019 intolerabili
474 3958 585 4018 dolore
601 3962 720 4036 vexati,
742 3960 898 4040 reliquum
919 3959 998 4019 vitae
1015 3971 1135 4040 tempus
1157 3957 1197 4017 ad
1218 3955 1346 4015 demor-

144 4054 148 4061 “
221 4046 223 4051 ’
262 4055 391 4104 tuorum
420 4055 616 4102 monumenta
645 4041 787 4104 babitare
820 4043 880 4102 sibi
917 4043 949 4102 in
986 4045 1120 4103 animum
1141 4039 1342 4101 induxerunt.

261 4127 300 4189 ld
331 4126 419 4209 quod
459 4147 652 4207 nequaquam
692 4128 857 4204 fecissent,
896 4129 955 4187 nisi
987 4150 1004 4187 a
1045 4126 1189 4186 locorum
1218 4136 1344 4209 aspectu

262 4210 506 4273 consolationem
539 4210 673 4292 aliquam
706 4215 867 4297 cepissent.
918 4212 959 4271 Et
982 4212 1057 4294 quid
1078 4211 1183 4272 hicde
1208 4209 1344 4270 loaisae

265 4295 415 4381 sepulcris
442 4293 538 4357 acrba
571 4293 676 4356 sacioi
715 4318 812 4380 quum
832 4310 864 4359 et
892 4318 981 4382 saepe
1000 4296 1091 4358 restis
1115 4294 1183 4357 sola
1199 4306 1345 4355 mortuo-
