2768 4762
536 102 563 169 'ie

8 358 75 479 *t
179 374 262 451 soe
488 314 560 467 ou
594 367 952 453 centaurum

182 558 310 623 loeutus
343 576 414 621 sum
442 554 558 638 iobit,
589 571 629 621 nt
660 556 807 643 gandium
835 578 938 620 meum
969 559 1004 619 in
1024 555 1117 620 robis
1133 556 1203 636 cit,
1237 570 1269 624 et

184 668 331 753 gaudium
363 679 498 729 vestrum
530 667 707 753 impleatur.
755 665 831 747 ‘Hoc
866 679 913 728 est
933 678 1137 750 praeceptum
1155 688 1267 748 meum,

184 793 222 838 ut
243 776 378 859 diligatis
401 777 553 853 invicem,
584 777 667 836 sicut
687 773 779 834 dilexi
800 794 867 835 ros.
908 775 1061 855 lllajorem
1080 774 1148 837 bac
1171 776 1268 837 dilec-

183 888 311 945 tionem·
329 903 419 945 nemo
441 883 553 961 babet,
573 897 611 944 ut
633 884 763 944 animam
784 902 871 945 suam
890 894 989 965 ponat
1010 884 1083 964 quis‘
1106 902 1171 966 pro
1194 887 1267 944 anri-

82 994 89 1005 '
184 995 228 1054 cis
251 994 326 1065 sois.
368 989 435 1053 Vos
458 991 548 1050 amici
570 992 628 1049 mei
653 991 749 1067 estis,
770 990 797 1049 si
820 988 976 1064 feceritis,
998 1009 1078 1071 quae
1104 1011 1165 1074 ego
1189 1014 1269 1076 prae·

185 1103 271 1187 cipio
303 1098 405 1161 vobis.
447 1096 530 1159 llaec
551 1096 665 1159 mando
687 1096 796 1174 vobis,
824 1109 860 1157 ut
881 1096 1015 1181 diligatis
1037 1099 1185 1159 invicem.

268 1232 372 1292 Rom.
392 1228 500 1290 xilla
521 1204 641 1289 Nemini
664 1226 836 1311 quidquam
859 1226 1012 1289 debeatis:
1042 1232 1106 1289 nisi
1129 1242 1167 1289 ut
1191 1232 1267 1289 inri-

185 1361 250 1403 cem
276 1338 430 1423 diligatis;
462 1335 518 1417 qui
541 1337 620 1395 enim
643 1336 745 1420 diligit
763 1338 958 1421 proximum,
992 1322 1093 1419 legem
1117 1337 1265 1420 implerit.

183 1449 322 1511 Dilectio
356 1445 511 1528 proximi,
540 1444 655 1504 malum
687 1465 751 1504 noo
784 1457 943 1528 operatur.
996 1443 1175 1506 Plenitudo
1196 1444 1266 1529 legis

185 1571 232 1620 est
254 1556 392 1619 dilectio.

268 1665 386 1724 Deut.
406 1658 524 1720 XXX:
546 1658 636 1743 Elige
659 1661 751 1720 vitam
772 1671 848 1735 etc,
868 1670 906 1718 ut
927 1660 958 1717 in
979 1670 1078 1720 textu.

268 1769 408 1833 Mattb.
431 1770 536 1843 xlx„
559 1770 650 1828 Luc.
673 1769 732 1845 X.,
760 1767 865 1831 Rom.
892 1765 1018 1825 11.rid.
1040 1780 1118 1829 text.

270 1882 362 1940 Gen.
394 1876 472 1937 Vt:
506 1877 574 1937 No'd
605 1878 654 1935 rir
687 1877 791 1955 justus
825 1886 917 1955 atque
950 1874 1113 1967 perfectus
1135 1876 1201 1939 fuit
1233 1879 1263 1938 in

186 1982 437 2073 generationibus
460 1987 541 2058 suis,
571 2004 639 2040 cum
663 1982 731 2042 Deo
756 1980 931 2043 ambularit.

270 2096 361 2153 Gen.
384 2090 473 2151 vlt:
504 2088 671 2172 Ingredere
704 2100 739 2147 tu
769 2101 799 2148 ct
821 2092 919 2149 omnis
947 2089 1053 2151 domus
1074 2100 1126 2148 tua
1148 2090 1182 2148 in
1207 2111 1265 2150 ar.

185 2224 266 2264 eam:
297 2213 328 2260 te
349 2199 428 2258 enim
451 2196 514 2256 vidi
536 2199 656 2278 justum
678 2216 782 2256 coram
805 2199 906 2256 mein
932 2197 1123 2280 generatione
1143 2196 1219 2257 bae.

270 2330 384 2392 Orat.
407 2329 589 2389 Manass:
611 2327 661 2397 Tu
681 2327 778 2409 igitur
799 2326 932 2388 Domine
962 2326 1073 2387 DEUS
1095 2329 1251 2409 jactemur,

141 2456 147 2478 ⁸
184 2443 249 2500 nod
276 2440 411 2521 posuisti
433 2436 654 2521 poenitentiam
684 2437 799 2515 justis,
828 2433 1002 2515 Abraham,
1043 2447 1076 2497 ct
1106 2436 1205 2512 Isaac,
1222 2444 1250 2492 et

184 2545 308 2620 Jacob,
339 2547 392 2622 iis,
418 2544 473 2627 qui
496 2543 553 2604 tibi
575 2565 640 2604 non
663 2556 875 2626 peccaverunt.

270 2655 358 2736 Sap.
388 2653 448 2714 X..·
480 2648 619 2734 Propter
655 2652 743 2734 quod
773 2673 842 2712 cnm
873 2671 953 2732 aqua
984 2648 1108 2712 deleret
1140 2663 1253 2725 terram,

184 2764 302 2823 sanavit
323 2764 434 2821 iterum
454 2762 624 2842 sapientia,
656 2782 712 2843 per
740 2758 975 2842 contemptibile
1001 2758 1126 2849 lignum
1146 2763 1253 2842 justum

184 2870 368 2955 gubernans.
423 2869 506 2928 Haec
528 2881 558 2930 et
581 2872 611 2927 in
635 2887 788 2927 consensu
811 2850 988 2950 superbiae,
1010 2888 1083 2929 oum
1107 2889 1141 2929 sc
1163 2869 1251 2927 natio·

184 2999 237 3038 nes
261 2977 459 3052 extulissent,
493 2978 588 3036 scivit.
603 2977 744 3056 justum,
778 2987 809 3035 et
830 2977 1024 3036 conservavit
1046 2977 1116 3036 sine
1140 2973 1253 3059 querela

184 3085 274 3161 Deo,
310 3097 340 3144 ct
378 3087 408 3145 in
444 3082 515 3143 filiis
547 3083 790 3143 misericordiam
822 3084 934 3144 sortem
955 3083 1140 3146 custodivit.
1183 3085 1254 3144 llaec

182 3193 300 3274 justum
329 3214 345 3252 a
379 3189 579 3274 pereuntibus
615 3190 716 3273 imptis
742 3191 884 3252 liberavit
906 3192 1098 3277 fugientem,
1138 3193 1254 3257 desecu-

185 3299 276 3360 dente
295 3303 364 3382 igne
386 3302 417 3358 in
441 3298 646 3380 Pentapolim.
690 3300 772 3359 llaec
794 3302 963 3383 profugum
991 3301 1065 3373 irae¹
1081 3300 1191 3361 fratris
1209 3301 1255 3380 jo·

183 3420 265 3466 stum
294 3406 421 3467 deduxit
448 3410 590 3491 pervias
623 3419 721 3468 rectas
744 3420 803 3469 etc.
847 3409 928 3469 llaec
949 3408 1116 3468 venditum
1148 3411 1254 3490 justum
1296 3424 1299 3485 Ι

184 3534 248 3574 uon
278 3513 466 3595 dereliquit,
507 3514 559 3613 sed
590 3535 607 3573 a
637 3514 855 3597 peccatoribus
878 3516 1021 3576 liberavit
1042 3536 1126 3576 enm.
1185 3516 1254 3575 llaec
1296 3506 1299 3555 Ϊ

184 3621 337 3704 populum
358 3617 500 3702 justum,
529 3634 559 3681 et
578 3643 677 3683 semen
695 3627 760 3684 sine
784 3623 908 3706 querela
928 3623 1074 3685 liberavit
1089 3646 1110 3686 a
1130 3624 1258 3687 nationi·

183 3726 263 3803 bus,
286 3750 367 3811 quae
385 3728 473 3789 illum
492 3728 717 3812 deprimebant.
760 3731 802 3792 Et
819 3731 958 3793 reddidit
975 3732 1070 3814 justis
1093 3732 1258 3795 mereedeo
1297 3778 1299 3783 .

183 3834 328 3898 laborum
355 3858 484 3900 suorum
512 3851 568 3898 etc.

268 3946 410 4007 lllattb.
443 3949 579 4008 XXlll.:
617 3950 661 4009 Ut
683 3949 785 4008 veniat
812 3967 906 4030 super
928 3966 984 4007 ros
1014 3945 1123 4010 omnis
1149 3947 1263 4031 sanguis

182 4052 305 4134 justus,
328 4055 382 4135 qui
404 4053 519 4116 effusus
540 4067 701 4140 estsuper
723 4069 856 4134 terram,
878 4077 896 4117 o
922 4056 1071 4139 sanguine
1093 4055 1179 4117 Abel
1196 4054 1264 4139 justi

183 4180 281 4244 usque
307 4159 347 4222 ad
364 4164 541 4244 sanguinem
560 4163 737 4226 Zachariae.

268 4266 319 4329 Et
338 4267 385 4328 t:
419 4268 537 4356 loseph
571 4285 675 4335 antem
693 4272 743 4334 vir
773 4271 841 4354 ejus
872 4290 943 4333 cum
963 4279 1043 4331 esset
1068 4269 1185 4353 justus
1214 4278 1263 4329 ets
