2768 4762
267 404 320 474 14
629 395 698 463 DE
739 397 873 461 FIDE
914 400 981 465 ΕΤ

268 584 398 671 repleti,
431 584 526 649 breve
553 604 629 647 suae
659 583 901 669 praedicationis
920 583 1070 667 indicium
1088 586 1281 653 conserendo
1306 593 1342 654 in

95 695 206 749 stupam
222 694 373 753 sueonum,
396 672 485 753 quod
506 669 656 733 sentiebat
675 672 886 754 unusquisque
909 669 1120 754 computabat,
1143 686 1236 756 atque
1258 675 1341 738 hanc

93 751 244 838 ζ’ξζζζὶζξξ·
267 760 311 817 ita
336 755 532 817 credentibus
549 754 681 815 dandam
706 775 770 815 esse
792 752 928 838 regulam
947 756 1166 819 instituerunt:
1201 758 1342 836 Symbo-

106 811 120 849 y
268 839 333 901 lum
360 840 453 902 breve
474 853 520 901 est
548 838 667 915 verbis,
699 838 753 899 sed
774 856 916 922 magnum
935 851 981 900 est
1002 842 1215 903 sacramentis:
1243 846 1342 926 quid-

269 926 345 1007 quid
372 928 451 985 enim
469 922 710 1008 praefiguratum
731 934 776 984 est
805 924 836 983 in
864 922 1064 1000 Patriarchis,
1100 925 1257 1009 quidquid
1284 930 1342 989 de·

268 1014 447 1070 rurnoiatum
475 1012 506 1067 in
535 1009 714 1093 scripturis,
749 1007 905 1090 quidquid
929 1008 1123 1090 praedictum
1141 1022 1187 1070 est
1206 1012 1238 1070 in
1255 1012 1341 1075 Pro.

268 1094 381 1179 phetis,
410 1094 458 1154 rel
481 1092 519 1153 de
540 1090 609 1152 Deo
625 1092 773 1174 ingenito,
795 1092 843 1152 rel
862 1113 897 1152 ex
921 1092 1039 1153 Deoia
1059 1092 1158 1154 Deum
1176 1108 1262 1173 nato,
1289 1098 1339 1159 rel

269 1180 310 1249 do
327 1178 449 1263 Spiritu
469 1192 586 1251 sancto,
609 1176 657 1236 rel
680 1176 719 1235 de
740 1175 939 1260 suscipiendo
959 1179 1041 1237 omni
1065 1192 1267 1257 sacramento,
1288 1182 1339 1243 rel

270 1262 311 1327 do
334 1275 436 1341 morte
463 1262 609 1337 Domini,
643 1253 942 1344 resurrectionisque
970 1262 1038 1343 ejus
1058 1264 1216 1338 mysterio,
1237 1276 1340 1327 totum

92 1340 260 1441 ⁸1:¹4³&sp
269 1344 406 1409 tristiter
432 1347 495 1407 hoc
523 1344 697 1423 symbolum
722 1347 879 1423 continet,
914 1355 946 1405 et
972 1346 1162 1407 continendo
1192 1346 1288 1411 habet
1309 1363 1342 1412 et

93 1406 165 1482 Amo
179 1430 457 1494 ¹²³³·corihtendo.
501 1432 608 1492 Discat
631 1451 706 1513 erqo
730 1434 859 1512 quisque
872 1426 965 1489 fidem
987 1429 1200 1513 Apostolicam
1213 1434 1341 1516 proies-

94 1490 330 1593 liiiiihlifsus-
359 1538 393 1577 er
411 1536 468 1578 ora
489 1518 672 1601 gestantium
696 1536 727 1575 ιι]
754 1514 922 1600 baptismo,
955 1536 1023 1577 cum
1043 1514 1083 1576 ad
1102 1535 1199 1577 annos
1224 1519 1345 1580 intelli-

92 1601 144 1634 ιιι,
154 1584 257 1627 ediscan-

94 1636 148 1678 a..
162 1642 207 1677 ..ςὪ
267 1538 377 1686 gibiles
394 1605 522 1662 venerit.

353 1744 382 1798 5.
411 1730 615 1792 RUFFINUS
644 1731 675 1789 in
697 1733 826 1814 exposit.
849 1732 880 1793 in
913 1728 1018 1807 symb.
1044 1744 1160 1814 aposta
1195 1731 1342 1799 Tradunt

266 1818 401 1896 majores
424 1816 543 1892 nostri,
578 1814 666 1895 eprod
696 1828 769 1896 post
802 1818 1009 1877 ascensionem
1036 1815 1163 1879 Domini
1190 1839 1261 1879 eum
1307 1842 1342 1882 er

268 1902 432 1961 adventum
459 1899 555 1958 sancti
580 1900 714 1979 Spiritus
736 1920 830 1981 super
855 1899 993 1983 singulos
1012 1920 1154 1982 quosque
1166 1842 1339 1986 Apostolos

269 1987 374 2067 igneae
387 1981 677 2065 linguaescdissent,
700 1996 735 2041 ut
755 1982 889 2064 loquelis
910 1984 1037 2045 diversis
1057 1988 1212 2070 variisque
1224 1988 1257 2048 lo
1284 2010 1342 2049 ue-

269 2081 395 2145 rentur,
423 2086 481 2149 per
501 2064 588 2147 quod
601 2070 643 2125 cis
662 2065 745 2127 nulla
769 2087 841 2149 gens
866 2080 977 2144 extera,
1013 2067 1100 2129 nulla
1125 2069 1246 2155 linguae
1261 2011 1340 2133 bar·

269 2153 370 2214 baries
387 2156 539 2211 inaccessa
560 2150 718 2210 videretur
740 2166 771 2211 et
790 2154 881 2229 iovis,
904 2166 1102 2236 praeceptum
1121 2158 1162 2216 eis
1175 2157 1341 2219 aDomino

95 2231 248 2330 ffiffffi
272 2237 377 2299 datum
400 2234 442 2296 ob
463 2234 702 2319 praedicandum
725 2236 783 2297 Dei
807 2236 937 2298 verbum
954 2238 994 2297 ad
1022 2237 1156 2321 singulas
1184 2261 1340 2323 quemque

96 2326 258 2385 ,roissy-Ao·
271 2317 429 2407 proficisci
450 2322 598 2381 nationes.
641 2320 815 2381 Discessuri
839 2323 943 2405 itaque
965 2321 1004 2381 ab
1025 2324 1163 2401 invicem,
1199 2346 1341 2387 normam

95 2374 240 2471 lm&
271 2405 510 2493 praedicationis
541 2406 573 2463 in
609 2425 767 2467 commune
798 2409 1002 2483 constituunt,
1032 2427 1071 2465 ne
1093 2408 1176 2468 sorte
1194 2409 1273 2470 alius
1298 2410 1339 2471 ab

270 2491 331 2552 alio
348 2488 485 2566 abducti,
510 2488 663 2549 diversum
687 2490 807 2573 aliquid
832 2491 880 2551 his
904 2493 956 2573 qui
981 2491 1019 2552 ad
1042 2489 1134 2551 fidem
1155 2491 1272 2555 Christi
1289 2498 1342 2555 in-

269 2574 454 2651 vitabantur,
477 2586 673 2657 exponerent.
716 2576 829 2636 Omnes
859 2597 933 2658 ergo
958 2578 990 2634 in
1013 2596 1077 2635 uno
1096 2580 1202 2660 positi,
1225 2578 1342 2664 etSpi·

270 2663 334 2720 ritu
345 2674 451 2719 sancto
466 2658 584 2741 repleti,
616 2658 708 2718 brere
718 2660 801 2719 istud
819 2660 939 2719 suturae
954 2660 1023 2735 sibi,
1045 2673 1081 2719 ut
1095 2661 1234 2739 diximus,
1246 2685 1342 2746 prae·

20 2740 24 2749 '
88 2734 240 2828 ᾒιζΡζΡξξω·
271 2745 433 2806 dicationis
445 2744 604 2820 indicium,
617 2744 807 2804 conferendo
830 2746 860 2803 in
874 2764 969 2803 unum
982 2745 1066 2826 «prod
1081 2745 1233 2809 sentiebat
1243 2769 1343 2809 unus-

270 2832 413 2913 quisque,
437 2841 644 2909 componunt,
679 2841 772 2909 atque
796 2827 875 2888 hane
892 2828 1090 2889 credentibus
1118 2830 1253 2909 dandam
1274 2852 1341 2895 esse

269 2915 404 2996 regulam
427 2925 574 2972 statuunt.
619 2912 797 2987 Symbolum
822 2926 921 2974 autem
943 2912 1004 2973 hoc
1026 2913 1129 2973 multis
1154 2928 1184 2976 et
1204 2919 1344 2998 justissi-

269 3003 326 3059 mis
347 3019 382 3056 cx
403 2999 498 3055 causis
522 2996 677 3079 appellare
699 2996 872 3058 voluerunt.
916 2996 1097 3073 Symbolum
1119 3003 1199 3059 enim
1233 3023 1342 3084 graece

271 3083 417 3142 indicium
439 3082 501 3140 dici
528 3094 633 3163 potest
655 3094 686 3141 et
706 3082 850 3159 collatio,
883 3082 945 3143 hoc
967 3095 1030 3158 est,
1066 3084 1151 3163 quod
1179 3084 1286 3167 plures
1308 3090 1341 3149 io

268 3188 364 3227 unum
386 3166 561 3226 coniciunt.
604 3165 642 3225 ld
664 3168 743 3225 enim
766 3168 905 3227 lecerunt
927 3166 1070 3250 Apostoli
1094 3170 1125 3227 in
1148 3167 1196 3229 his
1220 3190 1343 3233 sermo-

269 3252 378 3327 nibus,
409 3253 439 3309 in
463 3270 559 3309 unum
582 3249 773 3312 conserendo
797 3255 1009 3335 unusquisque
1031 3253 1118 3334 quod
1139 3257 1242 3315 sensit.
1286 3256 1342 3317 In·

270 3339 385 3397 dicium
407 3347 508 3396 autem
529 3334 577 3393 vel
599 3344 718 3418 signum
741 3338 859 3398 idcirco
882 3338 1008 3414 dicitur,
1051 3341 1123 3419 quia
1142 3338 1198 3400 illo
1219 3351 1344 3423 tempo·

97 3432 315 3497 oeconoma,
337 3422 418 3481 sicut
439 3432 470 3479 et
492 3418 608 3480 Paulus
630 3422 799 3504 Apostolus
822 3422 909 3497 dicit,
928 3434 959 3481 et
971 3424 1003 3482 in
1026 3426 1102 3483 actis
1114 3423 1342 3507 Apostolorum

270 3504 360 3567 multi
392 3526 428 3564 ex
457 3506 646 3567 circumcisis
667 3506 788 3567 ludaeis
816 3505 1003 3568 simulabant
1022 3528 1054 3567 se
1083 3529 1147 3568 esse
1167 3507 1341 3592 Apostolos

271 3589 399 3665 Christi,
425 3601 455 3648 et
476 3587 557 3647 lucri
579 3589 709 3670 alicujus
729 3590 777 3650 rel
794 3593 908 3650 ventris
931 3593 1028 3672 qratia
1049 3592 1089 3651 ad
1101 3592 1343 3675 praedicandum

270 3671 562 3760 proficiscebantur,
583 3677 773 3735 nominantes
795 3674 921 3757 quidem
941 3673 1108 3752 Christum,
1131 3676 1270 3738 sednon
1293 3680 1345 3737 iu-

270 3760 365 3843 tegris
395 3758 598 3819 traditionum
628 3759 714 3821 lineis
743 3762 932 3819 nunciantes.
995 3759 1120 3820 Idcirco
1150 3782 1226 3845 ergo
1257 3762 1344 3823 istud

272 3844 421 3905 indicium
441 3862 585 3926 posuere,
620 3865 678 3927 per
698 3844 785 3926 quod
807 3856 1026 3927 agnosceretur
1047 3847 1083 3921 is,
1106 3847 1162 3927 qui
1184 3845 1344 3908 Christum

270 3948 343 3989 vere
366 3926 535 3986 metandum
556 3928 742 4011 apostolicas
763 3929 882 4013 regulas
903 3930 1108 4012 praedicaret.
1144 3929 1289 4012 Denique
1312 3944 1345 3993 et

272 4015 306 4074 in
337 4010 427 4072 bellis
450 4011 593 4072 civilibus
626 4012 688 4075 hoc
712 4012 870 4076 observari
901 4016 1023 4075 l'erunts
1053 4014 1201 4097 quoniam
1229 4026 1261 4075 et
1292 4035 1348 4077 aar·

273 4116 399 4159 snorum
423 4095 546 4157 habitus
568 4118 636 4180 par,
671 4110 702 4159 et
721 4119 816 4161 sonus
837 4100 922 4160 vocis
944 4098 1025 4160 idem
1045 4110 1077 4158 et
1094 4118 1161 4159 mos
1180 4116 1264 4159 uuus
1284 4112 1342 4178 est,

275 4196 369 4263 atque
390 4181 493 4243 eadem
516 4183 656 4244 instituta
676 4182 824 4260 bellandi,
859 4205 898 4246 ne
918 4203 980 4266 qua
1000 4180 1068 4245 doli
1088 4181 1183 4243 subre
1206 4184 1253 4247 tio
1274 4182 1341 4264 hat,

276 4264 415 4345 symbola
428 4267 560 4331 discreta
570 4274 782 4373 unnsquisque
801 4269 864 4330 dux
883 4271 947 4330 suis
963 4264 1115 4332 militibus
1207 4270 1216 4285 '
1263 4290 1345 4353 quae
