2768 4762
390 401 815 500 ‘encaustae
1067 430 1148 507 tau

78 624 159 686 nulli
183 624 248 685 lere
269 624 331 684 cito
355 640 420 682 esse
447 618 636 703 placituros,
667 621 694 681 si
717 619 793 679 nudi
822 628 854 679 et
879 615 1032 701 simplices
1053 615 1147 677 eaha-

79 709 201 768 lentur:
222 706 325 789 Atque
355 706 474 764 idcirco
500 726 552 766 eos
581 705 716 765 ceelestis
745 703 860 785 eloquii
894 703 977 762 velut
1008 701 1144 782 quodam

77 804 211 853 aromate
227 790 430 873 adspergunt,
452 802 488 850 ut
510 788 569 865 ille,
593 791 647 870 qui
670 787 835 849 humanum
858 786 948 848 facile
974 785 1145 868 despiceret

76 896 234 952 errorem,
256 874 358 934 divina
376 892 440 931 non
462 873 551 933 facile
579 885 755 934 contemnat
780 872 930 932 oracula·
962 871 1073 951 Itaque
1095 870 1144 930 la·

74 961 170 1034 ciunt,
195 959 280 1042 quod
297 958 330 1017 hi
356 956 472 1032 solent,
494 959 546 1039 qui
566 958 702 1041 parvulis
724 968 844 1015 austera
860 954 1009 1035 quaedam
1026 965 1144 1036 tempe-

72 1045 173 1104 raturi
191 1041 322 1125 pocula,
368 1042 431 1100 rius
454 1061 510 1101 ore
530 1042 618 1102 melle
640 1039 873 1113 circumlinunt,
895 1051 928 1097 at
947 1041 1068 1099 incauta
1089 1058 1143 1098 ae·

71 1138 130 1204 tes,
151 1147 220 1186 curn
240 1061 431 1186 dulcedinem
455 1129 671 1208 praesenserit,
705 1122 935 1184 erassitudinem
959 1143 1020 1182 nou
1041 1122 1142 1182 refor-

69 1210 175 1273 midet
217 1209 302 1268 Idem
329 1209 460 1291 denique
478 1221 508 1268 et
526 1208 664 1271 Salvator
684 1207 855 1268 clamabats
875 1205 1031 1267 Attendite
1052 1204 1138 1267 robis
1151 1201 1302 1252 ’miili

70 1316 90 1355 a
112 1292 443 1377 pseudo-prophetis,
480 1295 533 1375 qui
560 1297 684 1353 veniunt
703 1293 742 1353 ad
765 1312 821 1353 vos
840 1292 871 1350 in
902 1292 1014 1350 vestitu
1027 1293 1139 1366 ovium,

69 1377 212 1439 abintus
241 1389 340 1436 autem
363 1390 434 1438 suat
453 1376 516 1459 lupi
540 1397 671 1459 rapaces.
716 1377 801 1454 Quid
823 1386 869 1435 est
888 1376 1139 1449 vcstitusovium,
1173 1386 1291 1449 namus

68 1465 129 1524 nisi
152 1459 376 1542 Prophetarum
407 1474 438 1520 et
467 1460 690 1542 Apostolorum
717 1460 906 1545 proloquia,
940 1477 1019 1541 quae
1047 1456 1139 1517 iidem
1148 1442 1317 1544 diffinivi.

71 1545 145 1607 otili
169 1545 299 1626 quadam
334 1547 524 1620 sinceritate,
560 1566 638 1628 agno
668 1545 712 1604 illi
735 1543 946 1617 immaculato,
979 1545 1034 1623 qai
1055 1540 1317 1636 tollitffifflssj

69 1640 230 1713 peccatum
256 1629 373 1703 mundi,
394 1643 537 1709 tanquam
557 1629 668 1689 vellera
692 1630 839 1710 quaedam
855 1626 1038 1686 texuerunt?
1074 1626 1139 1699 Qui
1148 1635 1214 1684 Μ·

70 1725 143 1771 snnt
180 1711 243 1795 lupi
274 1733 417 1795 rapaces,
440 1713 497 1771 nisi
531 1732 634 1772 sensus
652 1711 875 1773 haereticorum
901 1711 959 1769 leri
978 1722 1009 1770 et
1026 1707 1139 1786 rabidi,

70 1798 124 1877 qui
150 1796 248 1855 caulas
271 1795 425 1857 Ecclesiae
444 1816 563 1879 semper
590 1798 749 1873 infestant,
773 1808 804 1856 et
821 1815 941 1879 gregem
967 1792 1139 1868 CHRISTI,

70 1899 195 1960 quaqua
217 1893 356 1962 possunt,
378 1880 566 1941 dilacerant?
608 1881 668 1941 Sed
686 1893 722 1941 ut
746 1881 865 1959 lucilius
881 1878 1009 1938 incautis
1029 1877 1140 1938 ovibus

69 1961 243 2045 obrepant,
278 1978 416 2025 manente
453 1965 600 2047 luporum
628 1964 760 2039 ferocia,
805 1965 966 2044 deponunt
1004 1961 1140 2044 lupinam

66 2048 213 2128 speeiem,
251 2057 279 2107 et
301 2066 364 2107 sese
396 2048 516 2107 divinae
546 2048 619 2129 legis
645 2050 821 2125 sententiis,
848 2046 932 2106 velat
953 2046 1138 2126 quibusdam

64 2129 228 2189 velleribus
262 2129 450 2190 obvolvunt:
494 2142 530 2190 ut
561 2151 629 2189 cum
658 2132 789 2213 quisque
822 2130 960 2190 lanarum
978 2127 1136 2189 mollitiem

64 2217 284 2297 praesenserit,
313 2234 505 2296 nequaquam
526 2214 647 2274 aculeos
667 2215 802 2275 dentium·
822 2216 1028 2296 pertimescat.
1072 2212 1134 2273 Sed

65 2297 142 2377 quid
166 2298 208 2355 ait
230 2294 393 2354 Salvator?
434 2297 480 2353 Ex
503 2297 658 2355 fructibus
679 2320 786 2357 eorum
802 2300 988 2379 cognoscetis
1013 2318 1076 2373 eos,
1099 2296 1132 2357 id
1156 2318 1263 2367 anctus,
1284 2331 1310 2360 u

65 2392 131 2451 est,
170 2399 240 2436 cum
273 2380 425 2458 coeperint
456 2378 570 2435 divinas
602 2378 665 2436 illas
701 2402 791 2439 voces
823 2401 883 2439 non
906 2383 968 2458 jam
992 2368 1291 2462 prolerreffl’ssssnfissllj

64 2474 205 2535 tantam,
225 2459 279 2520 sed
301 2461 388 2518 etiam
407 2480 575 2540 exponere,
596 2480 651 2518 nec
669 2462 769 2521 adhue
789 2464 906 2543 jactare
929 2461 1042 2537 solum,
1075 2463 1129 2522 sed
1141 2466 1309 2522 postmontis·

66 2543 156 2602 etiam
190 2544 400 2626 interpretari:
441 2555 515 2602 tuae
550 2545 719 2604 amaritudo
751 2544 819 2621 illa,
860 2557 935 2605 tuac
967 2546 1127 2622 acerbitas,
1139 2518 1296 2618 limpidii&

64 2638 140 2686 tunc
159 2626 256 2687 rabies
276 2626 475 2711 intelligitur,
497 2639 571 2688 tuae
591 2630 740 2689 novitium
762 2631 844 2688 virus
866 2628 1030 2705 exhalatur,
1053 2607 1309 2701 tnncifflfffi

62 2710 240 2795 prophanae
266 2713 413 2772 novitates
434 2714 628 2793 aperiuntur,
662 2724 734 2774 tunc
757 2716 887 2797 primum
907 2713 1004 2774 scindi
1026 2734 1128 2796 sepem
1139 2710 1181 2748 '‘⁸·

10 2792 12 2806 '
63 2794 188 2873 videas,
216 2809 292 2856 tunc
325 2796 482 2857 transferri
515 2795 640 2856 Petrum
662 2801 824 2875 terminos,
854 2811 927 2859 tunc
950 2796 1130 2858 catholicam

10 2925 12 2928 ·
63 2876 156 2940 fidem
195 2881 299 2956 caedi,
331 2891 405 2938 tune
449 2879 684 2941 ecclesiasticum
716 2885 827 2966 dogma
855 2882 988 2943 lacerari.
1041 2881 1154 2943 Tales2
1170 2887 1305 2938 (ier-tasi·

10 2944 17 2985 ³
63 2975 150 3023 erant
189 2963 240 3038 hi,
261 2985 340 3046 quas
369 2976 504 3046 pereutit
535 2964 701 3049 Apostolus
722 2967 858 3044 Paulus,
881 2969 912 3027 in
933 2965 1067 3027 secunda
1089 2967 1129 3028 ad

44 3046 239 3106 .C01·inthios
272 3048 392 3116 dicens:
421 3047 497 3108 Nam
526 3050 697 3129 ejusmodi,
731 3053 852 3134 inquit,
885 3051 1129 3134 pseudo-Apo·

16 3110 23 3149 ⁸
61 3130 153 3205 stoli,
177 3133 310 3213 operarii
329 3131 471 3207 subdoli,
493 3132 598 3193 transii
620 3149 710 3195 urant
739 3158 771 3196 se
792 3139 824 3195 ia
846 3135 1013 3217 Apostolos
1037 3135 1127 3195 Chri·

10 3190 27 3239 *
60 3216 109 3275 sti.
134 3215 217 3289 Quid
227 3229 280 3291 cst,
291 3214 511 3298 transfigurant
522 3236 554 3276 se
562 3156 765 3302 inApostolos
776 3219 908 3280 Christi?
919 3219 1127 3297 Prolerebant
1136 3223 1253 3268 nenena
1269 3231 1304 3290 ,si-

10 3278 28 3324 '¹
57 3296 203 3381 Apostoli
228 3300 348 3359 divinae
368 3298 441 3383 legis
464 3301 618 3382 exempla,
640 3304 840 3385 proferebant
854 3315 884 3364 et
901 3304 954 3364 illi.
974 3278 1213 3369 Profert-illl&
1226 3290 1302 3369 {Alli

10 3370 26 3405 ¹
57 3381 134 3442 bant
154 3381 179 3439 A
204 3383 297 3444 ostoli
318 3383 504 3466 psalmorum
539 3391 755 3465 auctoritates,
777 3387 979 3471 proferebant
1006 3401 1037 3448 et
1055 3387 1098 3447 illi
1115 3370 1264 3466 εἱῑῗῆζῖξζ
1277 3378 1310 3444 ll·

10 3403 255 3552 ⁵prolerehant
296 3466 439 3555 Apostoli
494 3473 655 3532 sententias
704 3472 950 3558 Prophetarum,
1004 3484 1036 3533 et
1080 3470 1153 3532 ulit
1181 3470 1231 3514 Ἤ·

56 3550 255 3612 nihilominus
283 3552 492 3636 proferebant.
535 3553 596 3614 Sed
618 3578 685 3616 cam
707 3579 763 3634 ea,
795 3578 871 3641 quae
893 3556 1027 3618 similiter
1047 3578 1123 3640 pro-

55 3634 211 3711 tulerant,
243 3638 436 3720 interpretari
457 3658 519 3697 non
540 3639 678 3700 similiter
699 3644 886 3725 coepissent,
914 3654 988 3702 tune
1007 3643 1124 3725 simpli·

54 3739 106 3778 ces
127 3719 313 3793 asubdolis,
348 3734 421 3780 tuac
443 3722 569 3781 infucati
591 3743 607 3782 a
632 3724 756 3800 lucetis,
777 3739 851 3785 tunc
865 3727 940 3786 recti
962 3746 979 3784 a
998 3746 1123 3807 perver-

10 3805 12 3814 ’
51 3805 112 3875 sis,
144 3815 216 3890 tunc
240 3817 393 3886 postremo
418 3808 481 3864 veri
504 3807 645 3888 Apostoli
680 3809 799 3870 alalsis
833 3808 989 3891 Apostolis
1005 3808 1121 3871 discer-

50 3885 224 3948 nebantur..
268 3889 309 3948 Et
344 3910 406 3948 noa
448 3891 576 3966 mirum,
618 3893 738 3974 inquit:
780 3894 849 3976 lpse
885 3898 964 3952 enim
997 3888 1140 3956 Satanas'

49 3969 248 4053 uarasfigurat
268 3993 300 4031 se
322 3975 351 4032 in
373 3973 511 4056 angelum
533 3975 632 4037 lueist
654 3976 724 4038 Non
747 3988 792 4036 est
813 3997 884 4058 ergo
905 3998 1059 4061 magnum,
1091 3980 1118 4039 si

47 4056 183 4117 ministri
206 4057 272 4133 ejus
293 4055 562 4140 transfigurantur,
596 4062 675 4120 sieut
697 4063 823 4121 ministri
844 4063 988 4142 justitiae.
1032 4062 1118 4146 Ergo

46 4139 218 4199 secandum
246 4138 384 4221 Apostoli
415 4142 502 4201 Pauli
538 4146 756 4226 magisterium,
797 4149 1038 4228 quotiescunque
1068 4147 1115 4205 vel

44 4220 360 4313 pseudo-Apostoli,
380 4226 426 4285 vel
448 4226 785 4312 pseudo-Prophetae,
807 4230 853 4291 rel
879 4229 1292 4339 P⁸⁰¹¹d⁰‘'d⁰⁰'{{,⁸,{{2‘,',''³}·2

42 4318 133 4369 tores
154 4305 272 4367 divinae
293 4305 365 4392 legis
387 4311 548 4372 sententias
567 4313 746 4394 proferunt,
781 4315 895 4399 quibus
916 4314 993 4377 rnale
1014 4317 1209 4384 inter-tana.

10 3618 23 3650 Ι

10 3678 29 3735 ί.
