2768 4762
329 382 346 419 :-
398 350 802 431 aestumat
1053 364 1135 443 478

172 554 240 627 os
272 550 439 625 rascas
472 551 649 631 osseus
687 546 1036 649 cnsmasnms

160 739 188 793 1.
230 702 696 807 conell,1t¹attugd.cs'.,
728 732 765 782 ut
788 732 834 783 est
852 722 938 806 apud
962 721 1028 782 lvo.
1055 733 1135 804 part.

72 820 107 879 4.
136 830 162 871 e.
175 820 233 891 μ.
263 823 294 870 et
319 806 403 889 apud
422 808 509 868 Grat.
528 809 567 869 de
594 827 730 868 consecr.
753 806 821 866 dist·
842 820 889 875 3.:
921 805 1137 867 Pronuntiari·
1170 816 1289 860 rutarum

72 895 147 953 dum
180 904 225 952 est
257 892 357 957 laicis,
388 901 424 949 ut
452 893 549 953 sciant
568 902 708 972 tempora
736 890 864 950 feriandi
882 912 1081 974 perannum,
1103 870 1259 951 id²m⁹⁰¹⁸⁰

15 990 18 997 “
71 988 136 1047 est,
158 996 278 1038 omnem
299 974 509 1049 Dominicam,
531 995 694 1057 avespero
715 994 813 1055 usque
834 974 873 1033 ad
893 994 1065 1057 vesperam:
1097 996 1136 1035 ne

66 1060 229 1121 Judaismo
260 1060 431 1139 capiantur.
488 1058 631 1119 Feriandi
660 1079 735 1119 vero
761 1078 819 1141 per
851 1078 963 1117 annum
993 1060 1042 1119 isti
1063 1071 1137 1121 sunt

70 1144 154 1203 dics:
176 1143 283 1205 Natale
308 1144 455 1219 Domini,
476 1144 572 1204 sancti
589 1141 759 1224 Stephani,
780 1143 877 1202 sancti
896 1142 1021 1201 loannis
1033 1144 1136 1205 Evau-

68 1227 217 1335 petisne,
245 1228 466 1303 Innocentum,
501 1229 598 1287 sancti
620 1225 785 1302 sylvestri,
812 1237 938 1287 octavae
959 1226 1084 1287 Domini
1104 1239 1136 1289 et

73 1311 297 1395 l'heophania,
323 1310 500 1392 purificatio
534 1324 655 1371 sanctae
675 1310 812 1385 Mariae,
846 1322 986 1369 sanctum
1007 1310 1136 1387 Pascha,
1200 1359 1203 1363 .

68 1418 143 1457 eum
173 1407 238 1455 tots
270 1391 484 1469 hebdomada,
519 1396 695 1477 rogationes
724 1392 826 1455 tribus
855 1394 983 1471 dicbus,
1002 1398 1136 1454 ascensio

68 1481 223 1551 Domini,
256 1482 352 1541 sancti
380 1479 444 1539 dics
471 1479 687 1553 Pentecostes,
711 1480 808 1539 sancti
832 1478 958 1537 loannis
976 1478 1137 1559 baptistae,

67 1564 238 1627 duodecim
265 1561 505 1646 Apostolorum,
538 1564 664 1623 maxime
684 1574 861 1623 sanctorum
880 1564 967 1622 Petri
989 1574 1018 1621 et
1038 1562 1139 1637 Paula,

69 1653 127 1729 qui
162 1645 308 1707 mundum
331 1668 386 1707 sua
415 1646 644 1730 praedicatione
671 1646 904 1723 illuminarunt,
933 1647 1029 1705 sancti
1055 1648 1139 1705 Lau-

68 1732 181 1806 rentii,
213 1733 377 1813 assumptio
411 1744 533 1792 sanctae
560 1732 692 1806 Martae,
721 1733 862 1791 nativitas
898 1729 1059 1810 ejusdem,
1081 1730 1138 1789 de-

70 1816 188 1875 dicatio
229 1812 373 1875 basilicae
403 1819 500 1877 sancti
534 1814 719 1897 archangeli·
741 1813 907 1874 Michaelis.
934 1858 937 1863 -
973 1812 1137 1873 Dedicatio

71 1899 287 1980 cujuscunque
325 1901 471 1976 oratorii,
505 1911 537 1960 et
570 1902 707 1960 omnium
749 1898 948 1973 Sanctorum,
986 1909 1017 1957 et
1041 1898 1140 1957 sancti

68 1982 217 2042 lllsrtini:
250 1994 280 2041 et
301 1982 371 2043 illae
393 1983 605 2055 festivitates,·
623 2002 699 2063 quas
718 1982 829 2063 singuli
851 1982 999 2064 Episcopi
1018 1984 1051 2041 in
1077 1983 1138 2040 suis

68 2063 299 2146 episcopatibus
317 2085 387 2123 cum
407 2065 529 2147 populo
553 2064 816 2139 collaudaverint,
840 2084 919 2144 quae
940 2067 1046 2124 vicinis
1066 2076 1138 2123 tan-

67 2160 137 2209 tum
171 2146 479 2209 circummorantibus
517 2148 697 2207 indicendae
734 2159 823 2223 suut,
861 2168 926 2208 nou
946 2148 1248 2231 -gencraliteraotusn,

34 2272 40 2283 ·
68 2229 225 2295 omnibus.
266 2231 413 2310 Reliquae
426 2252 500 2291 vcro
517 2231 694 2293 festivitates
706 2252 765 2312 per
778 2252 890 2291 annum
908 2252 972 2293 non
991 2245 1064 2293 suut
1080 2254 1138 2293 co-

68 2315 186 2397 gendae
205 2313 244 2372 ad
264 2314 455 2387 feriandum,
475 2333 531 2369 nec
550 2314 773 2393 prohibendae.
816 2316 972 2375 Indiotnm
994 2338 1067 2376 vcro
1087 2318 1138 2397 je·

69 2403 213 2479 junium,
236 2395 361 2472 quando
386 2394 481 2451 luerit
498 2394 718 2469 denuntiatum,
737 2395 777 2453 ab
790 2398 932 2457 omnibus
945 2398 1136 2458 observetur.

157 2493 186 2543 2.
229 2470 452 2536 SECUNDUM
473 2476 568 2534 Cone.
590 2478 690 2535 illatis.
714 2498 781 2557 cap.
806 2494 853 2544 1.:
876 2481 1037 2541 Custodite
1057 2482 1135 2539 diem
1146 2486 1198 2528 Did
1215 2487 1313 2551 tantat-

70 2561 289 2635 Dominicam,
320 2580 398 2641 quae
432 2579 488 2619 nos
510 2558 612 2619 denuo
622 2563 773 2641 peperit,
795 2573 824 2621 et
847 2566 1010 2642 apeceatis
1034 2540 1312 2633 omni-iiiiii&

69 2644 131 2707 bus
150 2643 299 2705 liberavit.
330 2642 441 2705 Nullus
454 2655 587 2703 vestrum
609 2643 710 2703 litium
726 2643 885 2705 fomitibus
903 2659 1005 2706 vacet:
1033 2647 1135 2708 nullus

70 2750 231 2791 causarum
265 2730 401 2789 actiones
424 2740 580 2789 exerceat:
607 2749 697 2787 nenio
731 2728 791 2787 sibi
813 2729 904 2789 talem
931 2734 1138 2791 necessitatem
1244 2788 1256 2819 Ι

72 2813 230 2888 exhibeat,
260 2834 339 2893 quac
360 2813 468 2892 jugum
493 2812 662 2872 cervicibus
678 2814 889 2892 jurarentorum
912 2815 1138 2897 imponereco-

70 2912 133 2981 gat.
176 2899 284 2957 Estote
312 2916 415 2956 omnes
443 2896 562 2971 hymnis
594 2908 624 2955 et
654 2896 795 2957 laudibus
816 2898 875 2959 Dei
903 2902 1002 2959 animo
1022 2920 1138 2981 corpo·

70 3003 171 3061 reque
189 2982 307 3041 intenti.
350 2980 383 3039 Si
409 2984 479 3062 quis
504 2994 636 3041 vestrum
656 2986 823 3062 proximant
848 2982 942 3043 habet
958 2983 1137 3060 Ecclesiam,

70 3076 221 3149 properet
245 3065 284 3123 ad
308 3065 450 3137 candem,
472 3077 502 3125 et
524 3066 566 3125 ibi
589 3066 745 3126 dominico
771 3068 820 3127 dic
842 3080 934 3128 semet
954 3070 1054 3150 ipsum
1065 3089 1137 3151 pre·

70 3150 160 3208 cibus
181 3146 374 3229 lacrimisque
396 3148 517 3209 alliciat.
561 3150 630 3209 Sint
646 3149 727 3212 oculi
750 3172 917 3232 manusque
929 3166 1046 3213 vestrae
1066 3165 1134 3213 toto
1145 3154 1232 3197 (ΞΜ
1243 3164 1272 3206 a,
1285 3164 1308 3205 ²·

69 3232 127 3292 illo
151 3231 200 3291 die
224 3232 262 3291 ad
286 3234 384 3293 Deum
400 3253 563 3314 expansae:
598 3235 662 3315 ipsc
679 3246 725 3293 cst
746 3238 826 3295 cuim
849 3236 913 3295 dies
932 3239 1136 3319 requietionis
1146 3216 1194 3258 ἠ’

67 3328 261 3400 perpetuus,
284 3318 348 3397 ipse
367 3315 457 3377 nobis
481 3339 535 3399 per
555 3321 697 3400 septimae
720 3318 780 3377 tliei
802 3319 941 3381 umbram
963 3324 1137 3381 insinuatus

68 3402 212 3460 noscitur
238 3401 269 3457 in
295 3398 360 3481 lege
382 3412 413 3459 et
435 3400 607 3484 prophetis
648 3404 766 3463 tusam
792 3407 966 3487 igiturest,
999 3420 1035 3467 ut
1055 3405 1137 3467 hanc

15 3556 18 3563 Ι
68 3484 153 3543 diem
172 3485 354 3542 unanimiter
378 3484 588 3561 celebremus,
621 3507 676 3567 per
699 3509 789 3568 quam
805 3490 877 3548 lacti
900 3510 1019 3565 sumus,
1046 3490 1135 3571 quod

64 3590 132 3629 mon
156 3568 278 3627 fuimus.
301 3568 428 3628 Fuimus
441 3571 521 3628 enim
530 3582 598 3629 ante
608 3573 686 3629 servi
697 3575 824 3652 peccati,
846 3572 900 3633 sed
912 3594 968 3656 per
981 3595 1043 3633 eam
1059 3576 1132 3636 litcti

65 3674 171 3713 sumus
184 3651 237 3710 lilii
258 3652 403 3731 justitiae.
446 3652 651 3713 Exhibeamus
663 3656 796 3715 Domino
808 3658 934 3717 liberam
947 3661 1133 3733 servitutem,

15 3780 21 3787 -
68 3740 162 3816 cujus
174 3757 229 3795 nos
247 3738 385 3795 novimus
396 3738 509 3818 pictate
531 3738 568 3797 de
583 3739 740 3820 ergastulis
756 3740 899 3803 liberatos
911 3746 1044 3803 erroris:
1067 3763 1131 3804 nou

15 3834 22 3843 ·
69 3824 144 3902 qnia
168 3819 228 3878 hoc
247 3821 396 3879 Dominus
417 3833 522 3881 noster
551 3822 675 3881 anobis
700 3828 826 3905 expetit,
849 3838 884 3885 ut
897 3827 1052 3908 corporali
1073 3827 1132 3887 ab·

66 3906 209 3964 atinentia
234 3904 315 3964 diem
337 3903 520 3965 dominicam
543 3905 750 3982 celebremus,
774 3908 827 3968 sed
846 3913 967 3991 quaerit
981 3911 1131 3971 obcdicn-

16 4048 21 4057 ,
69 3989 164 4064 fiam,
196 4010 251 4070 per
275 4010 366 4068 quam
389 4009 462 4064 nos,
495 3988 618 4050 calcatis
641 3994 768 4050 terrenis
792 3994 931 4068 actibus,
952 3993 993 4054 ad
1014 3996 1131 4057 caelum

66 4090 167 4152 usquc
203 4072 440 4132 misericorditer
478 4073 639 4154 provehat.
696 4075 728 4134 Si
755 4078 822 4157 quis
858 4080 963 4159 itaque
996 4091 1130 4140 vestrum

16 4198 21 4209 .
66 4150 149 4215 hauc
166 4155 317 4215 salubrem
337 4155 579 4218 exhortationem
599 4160 684 4240 parvi
714 4162 875 4241 penderit,
901 4174 955 4222 aut
969 4175 1129 4246 contemp-

65 4241 114 4299 tui
136 4239 317 4315 tradiderit,
346 4242 421 4301 sciat
440 4262 473 4302 se
491 4263 551 4324 pro
573 4242 728 4325 qualitatis
747 4248 858 4309 merito
879 4248 1089 4332 principaliter
1110 4268 1130 4309 a
