2768 4762
460 362 791 430 sinuoso
1117 364 1170 437 63

103 550 293 621 admirabilis
310 552 470 637 apparalts
497 571 589 635 qnam
614 552 640 611 si
665 552 736 633 qais
759 550 842 612 forte
869 546 1168 625 alias'dixissctnon

102 658 166 705 tam
183 639 276 703 facilc
299 636 478 700 hominibus
503 640 659 781 potuisset
681 633 876 720 persuaderis
896 654 1001 695 verum
1021 654 1092 695 cum
1110 636 1169 695 im-

143 736 232 787 rator
246 726 313 806 ipse
336 724 449 799 victor,
468 740 510 782 uo
534 723 561 783 is
595 722 690 803 ipsis,
724 740 779 802 qur
803 718 883 779 hauc
913 716 1076 779 historiam
1104 720 1169 799 jam

116 812 202 873 iteris
218 820 309 893 perse
331 808 449 882 masur,
476 804 572 889 longo
591 816 734 887 tempore
745 816 850 887 post,
882 822 952 863 eum
971 804 1084 864 notitia
1099 822 1168 863 era-

102 916 171 957 mus
189 906 223 955 et
242 828 386 953 familiari
407 888 570 972 colloquio
591 887 632 949 ab
651 909 690 948 eo
714 886 852 971 dignati,
874 898 1032 964 narraret,
1055 899 1086 949 et
1100 907 1168 948 ser-

101 998 225 1041 monem
239 973 447 1057 jurejurando
474 971 693 1049 confirmaret,
715 973 768 1032 cui
798 969 930 1031 dubium
954 990 1018 1031 esse
1061 972 1165 1052 eterit,

102 1064 182 1145 quin
213 1062 254 1122 sit
283 1060 328 1121 rei
360 1060 404 1121 ita
437 1068 691 1120 commemoratae
705 1052 796 1117 fides
820 1056 946 1116 omnino
972 1053 1044 1115 adhr
1108 1056 1166 1117 da:

102 1147 286 1231 praesertim
309 1164 380 1203 cnm
399 1154 521 1225 tempus
539 1154 646 1225 postea
668 1150 891 1217 consecutum,
917 1148 1020 1199 ratum
1046 1143 1166 1202 oratio-

102 1232 136 1291 ni
158 1231 366 1292 testimonium
388 1225 530 1287 dederit?
576 1224 655 1287 Cum
673 1226 737 1308 jaan
767 1222 815 1284 sol
836 1220 875 1282 ad
895 1222 1030 1282 medium
1048 1224 1344 1305 caelumcpnngnna·

102 1312 299 1389 accederat,
322 1312 372 1373 die
389 1312 421 1371 in
434 1308 679 1394 pomeridianum
695 1320 817 1389 tempus
838 1306 987 1388 paulatim
1001 1306 1166 1368 inclinante
1177 1294 1348 1389 ἷζῦξξῃζῖξῖῑξζ

98 1398 183 1461 'dixit
199 1419 233 1459 se
255 1398 358 1459 crucis
379 1388 501 1479 signum
515 1414 551 1455 es
566 1392 644 1454 lucis
666 1391 834 1475 splendore
858 1388 1040 1473 figuratum,
1061 1393 1095 1449 in
1117 1393 1240 1474 ip-ffl·

103 1503 141 1546 cc
171 1480 258 1544 caelo
285 1478 346 1541 soli
379 1481 538 1537 imminens
572 1475 735 1538 manifesto
766 1473 865 1536 oeulis
887 1475 1051 1557 aspexisse,
1074 1477 1169 1557 inque

102 1586 143 1629 eo
159 1565 395 1646 inscriptionem
413 1564 645 1643 consignatam,
679 1580 758 1640 quae
778 1557 854 1619 haec
871 1557 966 1618 rerba
982 1558 1189 1652 complectc·1
1213 1610 1231 1651 c
1261 1606 1323 1648 du,
1341 1632 1347 1643 ο

100 1648 222 1725 batur,
240 1646 285 1707 tn
307 1646 393 1707 Hoc
411 1644 573 1707 VINCES.
615 1641 787 1704 Admiratio
808 1646 913 1727 ingens
940 1644 1039 1725 ipsum
1057 1656 1088 1703 et
1116 1626 1210 1704 to-ab
1233 1618 1345 1716 'inani

102 1746 174 1793 tum
203 1731 389 1805 exercitum,
423 1732 477 1810 qui
517 1748 581 1789 cam
603 1730 749 1811 quopiam
768 1726 829 1789 iter
864 1726 1024 1789 facientem
1041 1710 1336 1789 comita-⁰⁰''“¹¹²¹'¹¹'

104 1814 222 1891 hatur,
258 1824 352 1893 atque
379 1812 456 1874 adeo
486 1812 582 1895 hujus
618 1812 756 1897 prodigii
780 1823 938 1895 spectator
968 1814 1067 1874 l'actus
1091 1826 1169 1890 erat,

106 1900 239 1958 incessit.
289 1896 331 1957 Et
365 1918 431 1981 cap.
455 1910 522 1967 πα
557 1896 598 1958 Se
626 1897 827 1959 dubitatione
848 1896 1015 1957 admodum
1031 1900 1113 1958 intra
1136 1918 1169 1958 sc

104 1980 258 2058 distrahi,
288 1980 375 2064 quod
406 1981 527 2045 tandem
560 1981 638 2044 illud
675 1996 834 2045 ostensum
865 1980 925 2042 sibi
953 1981 1064 2058 vellet,
1086 2002 1169 2043 asse·

100 2066 177 2127 ruit.
217 2063 320 2147 Atque
337 2086 406 2127 eum
433 2067 488 2128 din
508 2066 702 2150 multumque
721 2066 762 2129 de
780 2087 819 2127 eo
838 2068 1023 2150 cogitantem
1034 2087 1167 2151 oppres·
1175 2061 1344 2159 ffltfflffiffi

101 2152 143 2211 sit
164 2170 234 2211 nox.
277 2148 326 2210 lbi
344 2152 372 2211 ci
389 2150 555 2212 dormienti
581 2152 741 2215 Christum
763 2149 823 2210 Dei
838 2171 907 2212 cum
924 2155 1013 2237 signo
1036 2152 1068 2211 in
1095 2132 1251 2227 cae-0:551,
1272 2125 1343 2202 larm-

100 2232 135 2295 lo
156 2245 330 2295 monstrato
346 2236 444 2294 visum
464 2256 548 2311 esse,
581 2238 854 2318 praecepisseque,
886 2247 923 2297 ut
939 2236 1103 2318 exemplari
1123 2236 1163 2297 ad
1174 2226 1265 2307 {33:12⁸
1275 2220 1342 2299 fiiij

99 2318 303 2378 imitationem
319 2316 402 2375 illins
425 2319 526 2399 signi,
550 2317 637 2398 quod
653 2322 686 2377 in
712 2315 798 2375 caclo
818 2334 1005 2399 apponentur
1026 2316 1307 2381 fabrjwnaoues.

96 2412 158 2473 to,
179 2419 218 2458 eo
235 2411 383 2475 tanquam
405 2397 563 2477 praesidio
580 2401 612 2456 in
626 2398 757 2479 proeliis
787 2418 857 2457 cum
870 2400 1012 2463 hostibus
1023 2407 1166 2466 commit.

89 2480 206 2545 tendis
223 2490 374 2539 uteretur.
395 2478 472 2537 ltem
485 2479 510 2536 1.
520 2499 548 2536 c.
573 2492 641 2544 aaa
662 2480 740 2553 Ille,
762 2480 943 2561 simulatque
970 2486 1036 2545 dies
1053 2486 1164 2564 illusit,

96 2584 250 2648 surgens,
296 2562 407 2619 rituum
430 2580 577 2621 arcanum
601 2558 682 2619 illud
701 2563 800 2619 risum
819 2566 922 2622 amicis
945 2568 1088 2647 exponit:
1110 2569 1166 2629 de-

98 2648 176 2711 inde
199 2582 397 2721 artilibibus,
438 2645 493 2726 qui
526 2662 637 2703 aurum
666 2655 698 2703 et
729 2642 847 2726 lapides
875 2649 1032 2789 pretiosos
1048 2648 1164 2711 affabre
1190 2687 1271 2730 omi,
1285 2684 1341 2724 ff..

99 2732 245 2815 sculpere
266 2740 397 2803 norant,
430 2728 601 2802 accersitis,
628 2727 731 2788 medio
752 2730 833 2789 inter
851 2728 874 2789 il
888 2750 924 2793 os
946 2730 1017 2791 loco
1042 2732 1163 2811 assidet,

1173 2740 1223 2827 pice
1239 2748 1297 2795 auro

99 2816 203 2879 rerbis
226 2814 305 2899 signi
333 2811 483 2875 describit
504 2810 658 2896 effigiem,
680 2832 745 2872 eam
768 2834 845 2874 auro
859 2827 891 2878 et
912 2814 1070 2899 lapidibus
1091 2784 1340 2898 pre-aiiiilbtal‘i'

88 2902 189 2965 -tiosis
207 2900 380 2960 imitatione
396 2897 581 2959 adumbrare
600 2896 733 2959 mandat
778 2899 878 2974 Quam
892 2901 1018 2982 quidem
1032 2885 1248 2985 effigicmb'm'

99 2986 252 3069 contigit,
289 2996 328 3043 ut
350 3004 409 3043 uos
438 2982 536 3044 oculis
578 2981 654 3043 olim
670 2982 970 3067 contemplaremur:
992 2988 1005 3045 l
1029 3006 1062 3046 se
1084 2987 1166 3046 enim

100 3070 297 3152 Imperator,
319 3067 387 3127 Dco
409 3065 489 3127 illud
506 3066 674 3151 largiente,
710 3088 774 3127 cam
796 3066 889 3128 nobis
911 3006 1074 3131 ostendere
1095 3070 1166 3155 dig-

99 3164 193 3213 natus
218 3164 273 3213 est
329 3149 451 3213 Deinde
469 3172 496 3213 c.
518 3164 568 3219 25.
589 3152 721 3234 ponitur
751 3151 922 3236 descriptio
943 3151 1165 3215 vexilliinstar

100 3236 204 3295 crucis
221 3235 381 3310 fabricati,
403 3234 492 3318 quod
514 3256 597 3295 nnnc
614 3236 744 3297 Romani
762 3256 905 3299 caranus
922 3236 1089 3321 appellant.
1118 3238 1165 3301 Ac

98 3317 232 3381 deinde:
264 3320 329 3381 leto
358 3320 456 3401 igitur
489 3318 616 3380 salutari
644 3322 732 3402 signo
754 3324 881 3403 (inquit)
905 3323 1080 3405 Imperator
1094 3334 1336 3389 ean-empurade-

100 3424 197 3487 quam
212 3400 332 3464 hostilis
355 3406 509 3486 cujusque
535 3415 567 3465 et
587 3404 715 3464 inl'cstac
741 3406 905 3467 violentiae
924 3406 1163 3490 propugnaculo
1174 3384 1231 3425 ¹⁸⁸⁹

96 3507 221 3571 semper
249 3506 321 3549 usus
350 3500 404 3549 est
456 3488 554 3569 Cujus
583 3508 743 3571 expressae
765 3490 980 3551 similitudines
998 3492 1162 3569 mandarit,

96 3586 136 3636 nt
154 3574 329 3632 universnm
352 3574 516 3633 exercitum
526 3585 681 3657 perpetuo
698 3574 922 3636 antecederent.
965 3574 1046 3636 lbid.
1075 3590 1161 3645 css.

97 3660 135 3719 ln
156 3655 238 3717 urbe
266 3655 364 3716 media
376 3700 386 3731 ,
421 3678 499 3738 qnae
523 3678 599 3738 prae
628 3660 738 3717 ceteris
759 3660 932 3742 principem
950 3658 1053 3721 locuni
1073 3660 1163 3720 sacile

97 3742 234 3817 obtinet,
264 3740 403 3815 (Romam
434 3740 588 3823 intelligit)
611 3742 716 3825 ingens
746 3742 830 3802 istud
850 3744 1034 3827 trophaeum
1053 3756 1163 3805 contra

98 3824 204 3887 hostes
232 3824 344 3883 crexit:
375 3836 406 3884 et
433 3822 494 3885 hoc
524 3824 657 3885 salutare
682 3828 804 3909 signum
832 3824 1084 3901 characteribus,
1106 3829 1160 3909 qni

98 3908 187 3968 nullo
206 3908 303 3969 modo
328 3907 423 3967 deleti
440 3921 605 3990 poterant,
628 3911 659 3968 in
681 3930 718 3969 eo
741 3909 919 3992 insculptis,
941 3912 1160 3989 Romanorum,
1172 3910 1335 3999 ffil'ffi'g23

100 3990 295 4076 aliorumque
323 3994 457 4054 omnium
493 3994 624 4077 irnperio
654 3992 869 4074 subjectorum
891 3995 1162 4078 propugnaculum
1172 4008 1272 4060 inpane.

100 4094 166 4135 csse
180 4074 422 4152 demonstrarit,
444 4074 607 4159 palamque
630 4078 774 4137 omnibus
791 4081 960 4162 proposuit
983 4080 1022 4140 ad
1038 4082 1162 4141 intuen-

98 4158 183 4221 dum.
223 4159 270 4222 Ac
299 4161 400 4222 statim
433 4160 487 4219 ubi
527 4173 662 4221 ereetum
688 4161 817 4237 hastile,
849 4161 887 4223 ad
911 4164 1041 4223 sormam
1058 4166 1159 4223 erucis

92 4245 126 4305 in
156 4264 278 4307 manum
309 4245 457 4329 propriae
493 4246 631 4327 imaginis
657 4249 688 4305 in
705 4260 804 4307 statua
828 4268 985 4331 expressae
1003 4251 1159 4321 insertum,
1229 4310 1243 4329 ·

1174 3204 1295 3248 mersu.
