2768 4762
249 357 328 429 aaa
369 342 374 351 ’
551 348 619 414 ors
654 347 924 416 castrare
955 347 1021 411 ar

256 556 327 599 mm
360 532 437 597 baec
463 547 552 598 tanto
580 548 651 600 sunt
682 535 745 600 iilis
774 534 956 598 honestiora
987 545 1018 597 et
1037 532 1133 618 magis
1159 531 1344 599 reverendas

256 635 295 684 ut
328 621 383 683 illa
408 620 531 683 fabulae
562 625 625 685 sint
652 634 684 685 et
713 621 845 683 ludicra.
888 619 988 685 Simul
1013 641 1049 680 ac
1068 621 1150 680 enim
1167 619 1344 701 pavimenta

258 707 441 785 calcaveris,
462 705 502 767 ad
522 707 642 768 caelum
662 719 793 769 mentem
817 705 904 770 locus
928 706 1153 780 transmiserit,
1179 717 1210 764 et
1228 703 1269 763 ad
1290 726 1345 766 su-

259 812 393 877 pernum
408 812 511 876 regem
527 803 558 852 et
574 791 662 852 illum
679 791 860 875 angelornm
873 794 1036 852 exereitum
1048 802 1079 851 et
1087 788 1249 850 sublimem
1256 786 1349 850 thro·

260 898 356 952 nom,
386 888 419 938 et
448 875 690 937 inaccessibilem
722 875 862 960 gloriam.
918 877 961 938 Et
988 874 1040 935 hic
1066 875 1192 956 quidem
1213 894 1347 956 regnans

264 961 358 1024 alicui
379 959 524 1042 subjecto
544 964 718 1045 praecipit,
731 973 770 1022 ut
784 960 869 1021 bunc
886 961 1014 1042 quidem
1038 959 1154 1034 solvat,
1180 957 1275 1018 illum.
1293 981 1348 1018 ve-

145 1136 154 1178 1
190 1113 196 1121 „
267 1067 304 1192 po
330 1047 626 1189 ligetsbsanctorum
648 1058 750 1107 autem
778 1066 853 1190 osqql
870 1065 934 1189 nlqn
955 1042 1347 1190 hapcbabentmiserssbi-

111 1136 232 1190 neaman·
281 1152 328 1192 em
348 1144 417 1192 eta
445 1131 552 1189 'cctam
593 1142 659 1192 otes
706 1151 751 1191 em
799 1151 812 1190 s
875 1133 885 1190 i
946 1151 1000 1190 mu
1065 1131 1227 1192 ma'orem.
1306 1150 1346 1188 ae-

85 1187 225 1278 mdxii?
269 1236 375 1278 mones
390 1152 471 1275 enibt
489 1152 603 1276 sistudt
626 1143 845 1297 ettidrqdeut,
877 1143 1053 1275 etavincttdb
1075 1153 1195 1274 ainllis
1218 1210 1348 1274 solvunt

84 1291 204 1340 ‘mm‘
268 1301 448 1363 saevissimis
465 1299 606 1361 vinculis.
650 1299 736 1377 Quid
755 1299 818 1360 bor
837 1299 910 1360 soro
924 1321 970 1360 rna
994 1302 1018 1359 is
1035 1297 1248 1374 reverendum,
1275 1319 1347 1358 cum

268 1385 411 1457 videatur
436 1405 547 1459 nemo,
581 1405 672 1447 nemo
693 1384 850 1446 daemonis
864 1385 958 1445 instet
974 1320 1142 1460 lateribus,
1166 1403 1258 1443 voces
1276 1403 1348 1442 sen-

266 1472 392 1533 tiuntur
410 1481 443 1531 et
464 1468 686 1545 lacerationes,
720 1467 858 1553 flagella,
892 1481 1125 1554 tormentaque,
1158 1488 1195 1528 ac
1223 1467 1347 1551 linguae

267 1553 432 1625 ardentes,
459 1552 632 1614 terribilem
663 1553 746 1616 illam
770 1556 833 1615 vim
861 1553 1009 1615 daemone
1037 1575 1101 1614 non
1125 1552 1263 1613 serente?
1304 1553 1348 1612 Et

268 1659 385 1722 eorpus
414 1636 539 1714 induti,
568 1641 770 1721 incorporeas
802 1640 986 1722 opprimunt
1012 1650 1191 1721 potestates.
1234 1637 1275 1696 Et
1299 1639 1348 1695 ci-

268 1724 318 1785 nis
349 1736 381 1785 et
414 1744 501 1801 ossa,
531 1735 563 1781 et
591 1723 695 1784 saville
718 1723 888 1784 invisibiles
912 1723 980 1784 illas
999 1734 1169 1806 potestates
1188 1721 1344 1781 dilaniant.

270 1808 381 1890 Itaque
405 1828 471 1890 quo
499 1810 597 1890 regias
621 1808 745 1890 quidem
763 1809 847 1870 aulas
863 1808 983 1885 rideat,
1007 1807 1113 1888 pullus
1132 1829 1270 1888 unquam
1289 1827 1347 1888 pe-

88 1876 443 1976 ξζζᾘῑὶᾟζνεμίηαωε
472 1891 586 1953 suerit:
621 1892 711 1954 multi
738 1914 813 1955 vero
830 1915 863 1954 re
885 1914 915 1954 es
937 1892 1124 1976 plerumque
1140 1893 1239 1972 hujus
1260 1912 1351 1973 spec-

87 1975 366 2068 memorat-tacuit
393 1978 492 2061 gratia
515 1979 703 2060 peregrinati
721 1989 803 2037 sunt.
852 1915 967 2038 Fguturi
989 1998 1119 2058 namque
1147 1976 1264 2056 judicii
1283 1997 1350 2035 ves·

271 2063 348 2144 tigia
369 2073 401 2122 et
433 2062 521 2144 signa
549 2074 727 2122 sanctorum
744 2061 833 2122 aedes
850 2061 1014 2140 exhibent,
1034 2061 1088 2123 ubi
1111 2059 1275 2120 daemones
1294 2058 1354 2121 lla·

274 2144 448 2230 gellantur,
467 2148 670 2228 corriguntur
686 2144 825 2206 homines
850 2158 881 2207 ct
906 2145 1087 2208 liberantur.

96 2236 179 2282 onero
196 2239 225 2283 ra
237 2242 264 2284 s.
360 2241 411 2298 11.
455 2228 658 2290 EPHRAEM
673 2251 763 2304 serm,
781 2230 820 2291 de
845 2231 891 2292 Sa.
909 2228 1058 2308 martyria
1085 2229 1254 2291 Precamur
1272 2226 1353 2290 bea·

94 2289 266 2393 biunb'ssisaii
277 2313 385 2375 tissimi
409 2324 581 2390 martyres,
610 2316 666 2396 qni
686 2336 747 2398 pro
769 2316 906 2379 Domino
926 2315 1097 2396 salvatore,
1120 2333 1244 2398 proque
1264 2312 1349 2372 illins

92 2386 247 2479 ffi'dli'*
277 2401 406 2462 caritate
432 2411 545 2482 sponte
576 2411 607 2461 et
632 2401 763 2483 impigre
790 2411 946 2463 tormenta
978 2399 1126 2477 subistis,
1161 2412 1256 2479 atque
1280 2397 1348 2457 ideo

275 2483 458 2545 familiarius
492 2484 631 2546 Domino
661 2487 823 2566 conjuncti
854 2487 947 2562 estis,
972 2497 1010 2547 ut
1029 2506 1091 2570 pro
1118 2483 1210 2544 uobis
1233 2484 1351 2541 miseris

263 2581 305 2630 :et
329 2568 570 2651 peccatoribus,
605 2581 637 2630 et
665 2569 868 2654 negligentiae
899 2569 1047 2652 squalore
1066 2566 1267 2631 sordentibus
1283 2568 1353 2626 Do-

272 2655 389 2714 minum
421 2653 620 2737 interpellare
643 2654 833 2737 dignemini,
861 2667 898 2716 ut
917 2656 1112 2739 superveniat
1130 2656 1162 2713 in
1181 2674 1238 2713 nos
1254 2655 1351 2734 gratia

273 2737 408 2815 Christi,
435 2759 514 2820 quae
537 2738 635 2801 corda
657 2753 764 2801 nostra
793 2740 882 2801 radio
903 2751 1025 2801 sanctae
1047 2739 1185 2800 caritatis
1207 2736 1352 2810 illustret,

272 2835 310 2884 ut
338 2824 441 2907 ipsum
474 2834 545 2883 toto
570 2823 668 2885 corde
688 2825 819 2908 diligero
842 2827 1004 2906 possimus.
1060 2823 1127 2886 Vos
1152 2843 1262 2905 nempe
1281 2840 1354 2880 vero

273 2906 357 2969 beati
391 2920 486 2989 atque
505 2906 648 2990 ,gloriosi
682 2911 770 2985 estis,
811 2930 890 2990 quos
918 2908 1018 2992 angeli
1046 2919 1078 2972 et
1105 2908 1246 2969 homines
1282 2905 1353 2988 pari

274 3013 428 3053 consensu
444 2991 552 3053 beatos
568 2991 758 3075 praedicant.
802 2993 844 3054 Et
858 2997 945 3056 circa
966 2992 1075 3055 finem:
1099 2993 1192 3054 Nunc
1217 2993 1314 3074 igitur
1332 3010 1354 3049 o

272 3077 442 3137 beatissimi
466 3079 549 3154 viri,
580 3098 600 3138 o
629 3077 842 3160 gloriosissimi
862 3093 1012 3155 martyres
1036 3080 1113 3154 Dei,
1136 3098 1185 3137 me
1208 3078 1356 3136 miserum

273 3163 384 3222 vestris
401 3164 507 3245 jurate
533 3162 698 3244 precibus,
722 3176 759 3223 ut
784 3164 817 3223 in
838 3163 892 3225 illa
911 3163 992 3225 hora
1008 3161 1252 3225 misericordiam
1276 3180 1356 3220 eon-

274 3267 404 3328 sequar,
432 3246 559 3327 quando
579 3247 739 3308 manifesta
760 3261 853 3310 erunt
872 3248 1178 3311 occultabominum.
1223 3245 1266 3305 Et
1282 3255 1357 3328 post

99 3333 117 3372 ¹·
125 3327 178 3371 ⁰⁰¹·
191 3335 213 3380 t.
228 3339 262 3377 ἢ
299 3352 392 3392 auca:
421 3330 491 3414 Ego
507 3333 580 3393 item
599 3330 761 3394 imbecillis
776 3342 904 3417 accepte
918 3335 1026 3394 vestris
1052 3333 1169 3393 meritis
1196 3350 1232 3389 ac
1250 3329 1356 3412 preci·

274 3355 335 3477 bus
364 3415 501 3491 robore,
532 3417 629 3477 cecini
662 3428 730 3477 tota
748 3417 913 3482 devotione
938 3417 1032 3480 animi
1051 3430 1121 3478 ante
1137 3427 1257 3477 sanctas
1279 3411 1356 3472 reli-

275 3503 363 3585 quias
390 3512 506 3562 vestras
536 3501 685 3577 hymnum
709 3514 827 3564 vestrae
858 3503 959 3564 laudis
990 3515 1021 3564 et
1048 3503 1176 3586 gloriae.
1219 3498 1285 3559 Pro
1304 3516 1354 3555 me

276 3587 372 3670 igitur
395 3587 508 3647 misero
541 3598 612 3647 aute
637 3584 790 3647 thronum
810 3589 977 3668 majestatis
1003 3586 1161 3663 adsistite,
1186 3595 1223 3645 ut
1244 3582 1357 3641 vestris

275 3668 424 3815 prepibus
452 3669 564 3732 salvari
589 3690 729 3747 merear,
762 3675 806 3734 ac'
826 3671 988 3734 vobiscum
1014 3686 1139 3734 aeterna
1162 3665 1359 3730 beatitudine

299 3776 332 3821 er
348 3777 408 3817 rus.

274 3781 296 3845 P
362 3853 410 3908 12.
452 3837 727 3900 HIERONYMUS
755 3838 905 3924 Epitaph.
928 3840 1005 3902 Paul
1036 3839 1117 3917 vid,
1145 3838 1185 3901 ad
1204 3833 1359 3898 Eustoch.

275 3943 324 4005 ep.
346 3938 415 3993 w:
446 3921 518 3982 Non
540 3944 727 4001 moeremus,
757 3928 832 4009 quia
851 3926 942 3988 talem
962 3927 1137 4002 amisimus,
1162 3923 1217 3984 scd
1242 3923 1359 4005 gratias

95 4004 407 4098 ,fflga'lmlagimum
433 4008 507 4087 quia
530 4006 715 4084 habuimus,
739 4011 832 4072 immo
859 4011 1017 4072 habemus.
1060 4011 1129 4070 Deo
1149 4030 1230 4069 enim
1248 4009 1363 4066 vivunt

275 4094 396 4154 omnia:
428 4102 460 4152 et
486 4092 643 4173 quidquid
676 4097 843 4156 revertitur
863 4097 903 4157 ad
937 4096 1125 4170 Dominum,
1164 4096 1197 4153 in
1223 4090 1360 4152 familiae

274 4198 405 4238 numero
443 4189 651 4257 computatur.
705 4179 901 4262 Quamquam
932 4182 1057 4244 amissio
1088 4179 1189 4255 illius,
1218 4175 1360 4236 caelestis

92 4265 240 4318 acor-os·
275 4261 387 4324 domus
414 4259 568 4323 habitatio
592 4262 654 4324 sit:
682 4284 769 4347 quae,
786 4263 936 4349 quamdiu
972 4267 1164 4352 incorpore
1189 4262 1268 4343 tuit,
1298 4278 1359 4346 110·
