2768 4762
254 402 336 476 458
504 390 1089 461 DRPRAECEPTIS

257 595 312 647 tur
333 584 360 644 si
383 581 514 645 clericus
534 580 604 659 erit,
670 581 681 641 i
701 578 828 664 publice
854 591 987 641 tractare
1011 582 1051 643 de
1077 582 1241 667 religione
1266 609 1341 653 amm

258 670 371 744 suerit,
394 690 411 729 a
431 670 589 729 consortio
616 667 799 726 sericorum
827 666 1053 729 removebatur:
1078 668 1110 727 si
1140 692 1226 731 vero
1249 674 1332 735 militia

259 753 418 840 praeditus
443 754 503 830 sit,
525 749 647 835 cingulo
667 748 865 833 spoliabitur.
910 751 1027 811 Caeteri
1048 754 1142 814 etiam
1165 754 1269 837 liujus
1290 764 1334 818 eri-

259 840 349 900 minis
371 840 434 914 rei,
469 838 508 898 de
540 836 598 897 bac
630 837 816 896 sanctissima
843 834 923 895 urbe
948 835 1121 919 pellentur,
1157 861 1224 922 pro
1250 866 1336 924 rigore

259 923 427 1006 judiciario
450 925 538 983 etiam
563 920 806 1004 competentibus
828 919 990 1003 suppliciis
1008 921 1216 1007 subjugandi
1271 930 1337 988 Con·
1369 946 1372 1015 Ι

260 1019 321 1069 stat
336 1011 412 1068 enim
422 1052 431 1084 ,
453 1007 526 1066 binc
545 1004 715 1066 haereticae
734 1007 868 1065 insaniae
887 1004 1010 1065 exordia
1027 1007 1246 1093 fomitemque
1263 1035 1337 1096 prae·

261 1092 351 1169 beri,
374 1092 448 1153 dum
469 1090 594 1175 publice
616 1090 740 1172 quidam
757 1090 914 1173 disputant
927 1102 1016 1171 atque
1030 1096 1248 1163 contendunt.
1279 1101 1336 1158 L'ni·

261 1179 342 1237 versi
356 1198 445 1260 ergo,
469 1197 547 1258 quae
567 1196 585 1235 a
607 1186 710 1235 sancta
731 1176 850 1249 synodo
867 1173 1114 1237 Cbaleedorrcnsi
1134 1193 1257 1242 statuta
1272 1196 1335 1259 sunt,

263 1261 418 1322 custodire
448 1259 626 1334 debebunt,
660 1257 738 1318 nibil
762 1272 868 1341 postea
901 1257 1082 1319 dubitaturi.
1146 1264 1221 1327 Hoc
1252 1272 1336 1350 inqu

262 1358 388 1407 nostrae
424 1346 598 1405 commoniti
623 1342 799 1403 screnitatis
833 1343 951 1416 edicto,
987 1344 1147 1406 abstinete
1168 1372 1188 1411 a
1216 1354 1335 1436 protana

262 1430 390 1490 vocibus
403 1475 413 1508 ,
437 1443 468 1490 et
490 1431 616 1491 ulterius
635 1429 763 1487 desinite
789 1427 827 1487 dc
852 1428 961 1487 divinis
984 1429 1172 1513 disputare,
1199 1440 1335 1519 quodne

264 1515 310 1575 sas
342 1526 406 1575 est:
441 1517 520 1591 Quia
556 1534 618 1575 non
650 1512 752 1572 solum
790 1514 894 1572 divino
924 1511 1048 1591 judicio
1085 1535 1260 1597 peccatum
1290 1523 1334 1581 hu·

265 1604 373 1682 (prout
396 1601 560 1677 credimus)
583 1599 745 1682 punietur,
769 1618 874 1657 rerum
899 1598 989 1657 etiam
1016 1598 1123 1684 legum
1145 1618 1180 1665 ct
1211 1608 1331 1689 judicu

264 1686 446 1745 auctoritate
467 1683 671 1746 coercebitur.
864 1685 868 1691 '

352 1782 399 1837 14.
445 1768 646 1829 GELASIUS
677 1766 711 1827 P.
744 1767 775 1826 in
796 1788 842 1850 cp.
871 1767 910 1826 ad
936 1768 1045 1853 Episc.
1069 1772 1232 1835 Darden:
1267 1778 1322 1853 Qu-

264 1867 396 1938 propter
429 1854 589 1915 stultitiam
623 1864 801 1935 respuentes
846 1853 978 1913 inanium
1022 1858 1246 1938 querelarum,
1279 1882 1326 1945 pe·

266 1942 387 2019 quirere
413 1960 467 2000 ros
497 1952 624 2022 oportet
651 1937 689 1996 ab
720 1938 791 2018 ipsis
815 1935 912 1996 beatis
938 1936 1115 2022 Apostolis,
1151 1958 1182 2003 et
1203 1948 1330 2003 conside

266 2044 333 2080 rare
359 2023 548 2103 prudenter,
573 2025 719 2103 quoniam
747 2032 848 2100 patres
874 2026 997 2096 nostri,
1021 2025 1161 2086 catholici
1186 2029 1336 2101 videlieet,

90 2131 166 2171 semet
178 2129 254 2170 aseni-
267 2104 412 2185 doctique
431 2104 614 2188 pontifices,
637 2126 667 2162 1n
691 2124 876 2184 unaquaque
895 2104 1013 2168 haeresi
1033 2108 1167 2189 quolibet
1189 2122 1341 2193 tempore

91 2189 115 2238 ’θ
132 2181 155 2219 ³¹¹
175 2180 254 2220 Μ’
266 2192 426 2266 suscitata,
451 2189 605 2272 quidquid
627 2209 685 2271 pro
710 2185 788 2262 fide,
810 2210 867 2269 pro
883 2193 1026 2267 veritate,
1044 2214 1099 2275 pro
1114 2198 1338 2255 communione

92 2242 141 2272 filil.
159 2243 204 2267 11011
220 2241 253 2266 ῐῦ·

91 2278 240 2366 3332,ssAE
267 2274 415 2337 catholiea
434 2288 527 2356 atque
547 2272 724 2359 Apostolica
748 2273 915 2332 seeundum
935 2280 1158 2360 seripturarum
1179 2282 1324 2350 tramites,

91 2375 246 2417 terraconae.
265 2359 587 2444 praedicationemque
609 2359 763 2439 majorum
782 2357 862 2418 l'acta
887 2362 977 2420 semel
1004 2366 1252 2448 congregatione
1271 2385 1325 2421 sau·

265 2457 391 2523 xerunt,
417 2444 630 2507 inconvulsum
645 2442 796 2501 volueriut
816 2443 959 2527 deinceps
976 2444 1172 2531 firmumque
1191 2461 1327 2510 constant

264 2528 329 2591 Nec
347 2533 377 2591 in
399 2531 501 2591 cadem
528 2530 587 2591 bac
608 2549 697 2590 causa
724 2527 845 2603 deiiuo,
868 2549 945 2609 quac
970 2529 1112 2612 praelixa
1138 2534 1277 2609 lucrant,
1293 2554 1332 2590 re

266 2619 391 2676 tractari
416 2617 553 2698 qualibet
576 2615 689 2675 recenti
711 2616 956 2695 praesumptione
975 2620 1200 2698 permiserint:
1226 2620 1330 2702 Sapien-

264 2702 378 2760 tissimc
397 2702 610 2784 perridentes,
635 2698 777 2781 quoniam
800 2698 825 2756 si
849 2699 969 2757 decreta
988 2701 1186 2782 salubriter,
1210 2707 1331 2785 cuiquan

264 2784 373 2845 liceret
410 2789 539 2853 iterare,
577 2785 694 2844 nullutn
728 2792 835 2840 contra
868 2782 998 2866 singulos
1038 2808 1193 2871 quosque
1225 2808 1330 2873 prussis

265 2890 385 2930 errores
418 2871 525 2931 stabile
555 2872 730 2954 persisteret
754 2864 896 2927 eeclesiae
918 2873 1152 2940 constitutum.
1178 2897 1215 2934 ae
1235 2892 1329 2953 semper

266 2953 377 3014 eisdem
407 2955 565 3016 furoribus
591 2954 730 3013 recidivis
760 2953 856 3009 omnis
881 2954 997 3034 integra
1029 2953 1181 3020 delinitio
1207 2958 1328 3019 turbare

265 3051 326 3099 tur.
369 3039 444 3099 Nam
471 3042 495 3099 si
520 3038 666 3100 limitibus
687 3036 777 3096 etiam
798 3035 938 3116 praefixis
965 3040 1149 3118 positarum
1181 3043 1271 3104 semel
1294 3064 1325 3113 s)-

263 3123 423 3184 nodalium
454 3124 649 3210 regularum,
681 3142 742 3179 non
774 3135 893 3181 cessant
926 3118 1016 3182 elisae
1047 3139 1160 3204 pestes
1188 3126 1320 3207 resumpti

265 3210 483 3269 certaminibus
510 3222 617 3269 contra
651 3205 880 3267 fundamentum
911 3226 974 3264 sese
1007 3211 1154 3270 veritatis
1189 3213 1318 3272 attollere.

265 3305 296 3353 et
318 3294 470 3377 simplicia
494 3314 635 3376 quaeque
654 3289 748 3351 eorda
769 3302 945 3371 percutere:
980 3291 1064 3366 Quid
1085 3293 1205 3373 lieret,
1229 3300 1253 3356 si
1272 3292 1320 3353 sub

264 3378 336 3435 inde
363 3380 407 3439 l'as
430 3393 507 3441 essct
525 3378 651 3460 perfidis
680 3376 757 3434 inire
782 3375 966 3450 concilium,
998 3398 1069 3435 enm
1097 3382 1273 3457 quamlibet
1289 3376 1319 3435 illa

263 3464 422 3524 tnaiiisesta
440 3467 478 3523 sit
498 3464 624 3538 veritas,
649 3480 803 3540 nunquam
829 3460 927 3536 desit,
960 3460 1046 3540 quod
1079 3468 1265 3544 perniciosa
1287 3462 1321 3519 dt·

263 3559 388 3626 promat
423 3549 554 3621 falsitas,
594 3546 711 3607 tametsi
737 3545 855 3602 ratione
880 3543 924 3601 rel
955 3547 1146 3608 auctoritate
1181 3550 1317 3610 delicium·

263 3628 328 3688 sola
351 3644 450 3692 tamen
477 3633 675 3692 contentione
702 3648 763 3688 tion
791 3627 919 3687 redens?
954 3630 1041 3702 Qtrnc
1071 3632 1222 3713 blojorcs
1251 3630 1316 3693 uestri

264 3712 368 3774 divina
398 3718 595 3799 inspiratione
622 3728 801 3787 cernentes,
833 3714 998 3771 necessarie
1020 3724 1315 3795 praecaverunt.ss

263 3800 351 3875 quod
376 3813 483 3862 contra
504 3822 747 3886 unamquamque
769 3797 916 3855 baeresim
937 3811 1040 3857 coacta
1066 3801 1165 3860 semel
1190 3801 1319 3879 synodis.

262 3901 324 3964 pro
356 3882 438 3963 fide,
471 3888 707 3957 communione,
739 3894 768 3941 et
793 3883 918 3940 irritato
945 3882 1106 3943 tlatboliea
1135 3898 1240 3971 atque
1263 3890 1323 3967 ,lpi-

262 3968 370 4029 stolica
391 3971 633 4057 promulgasset,
657 3990 718 4028 tion
740 3970 874 4025 sinerent
895 3969 979 4025 noris
1003 3979 1071 4051 post
1095 3968 1180 4031 baec
1199 3982 1323 4032 retracta·

261 4052 402 4113 tionibus
423 4056 579 4132 mutilari,
602 4077 639 4113 ue
665 4055 766 4136 praeis
790 4053 911 4109 occasio
936 4052 1164 4135 praeberetur,
1193 4076 1324 4139 quaem-

262 4135 435 4196 dicinabter
458 4139 581 4200 fuerant
600 4150 728 4214 statuta,
752 4135 915 4217 pulsandi:
949 4136 1002 4195 scd
1020 4150 1153 4199 auctore
1175 4138 1323 4223 cujuslibet

260 4220 394 4279 insaniae
411 4241 446 4280 ac
466 4224 582 4305 pariter
602 4243 710 4284 errore
730 4222 889 4299 damnato,
912 4220 1049 4281 sufficere
1060 4222 1274 4303 judicarunt,
1293 4232 1323 4281 ut

261 4302 401 4389 quisquis
423 4302 592 4393 aliquando
622 4304 719 4393 liujus
751 4307 866 4372 erroris
896 4306 1145 4372 communicator
1181 4314 1324 4379 eastum
