2768 4762
415 396 751 469 cannono
1074 410 1129 482 ου

51 591 181 741 gignisi
207 587 271 650 hcc
293 604 361 653 eam
380 586 506 655 nomine
521 586 722 665 discernant,
758 606 823 670 qun
845 583 885 650 ab
910 589 1055 650 universo
1073 585 1305 687 or-ggivmo'or·

113 692 221 737 nuncu
244 683 325 734 atur.
379 710 382 717 «
528 702 534 729 t
1169 672 1176 687 '

132 773 163 829 5.
183 694 436 820 VllllCENTlllS
455 749 552 818 Lirin.
574 752 643 816 Lib.
666 753 735 824 adv.
781 755 881 818 rosan.
904 776 988 819 omn.
1008 754 1126 820 haeres.
1138 795 1201 840 ,m
1221 803 1278 847 ω

49 856 172 908 uorat:
208 841 266 905 llls
288 851 335 899 est
353 858 455 915 necrus=
468 850 500 903 et
518 855 681 926 germanus
702 774 899 919 catloticm,
935 843 991 924 qul
1011 811 1306 929 reriu-ttenuiaieij

49 944 114 994 tem
142 927 225 1003 Dei,
257 925 314 1007 qui
336 921 524 1001 Ecclesiam,
579 926 613 984 ui
635 922 754 985 Christi
775 945 813 985 co
854 945 890 987 us
923 924 1047 1011 diligit,
1070 929 1126 1010 qui

52 1015 175 1077 divinae
196 1007 359 1093 religioni,
382 1009 437 1090 qui
460 944 640 1070 Cathoiicae
659 1002 734 1069 iidei
762 1007 829 1069 nihi
860 1011 1037 1094 praeponit,
1061 1031 1126 1074 non

53 1098 191 1162 hominis
222 1093 400 1175 cujuspiam
424 1093 653 1170 auctoritatem,
684 1110 749 1152 non
770 1111 925 1171 amorem,
954 1113 1020 1154 nou
1041 1095 1128 1180 iuge-

52 1185 164 1258 nium,
185 1198 249 1240 non
271 1176 502 1257 eloquentiam,
522 1196 587 1238 non
605 1173 855 1259 philosophiam:
876 1173 930 1238 sed
945 1175 1021 1239 hacc
1034 1199 1128 1242 cunc·

53 1280 86 1330 ta
107 1265 301 1348 despiciens,
324 1273 355 1321 et
374 1264 407 1322 iu
428 1257 491 1321 tide
515 1257 593 1321 fixus
616 1274 646 1322 et
665 1259 786 1322 stabilis
808 1280 1011 1344 permanens,
1036 1264 1129 1343 quic-

56 1351 134 1436 quid
156 1343 371 1409 universaliter
392 1345 564 1425 antiquitus
585 1342 757 1406 Ecclesiam
783 1341 977 1406 catholicam
997 1347 1130 1407 tenuisse
1160 1400 1164 1407 .

53 1433 264 1520 cognoverit,
296 1429 329 1489 id
350 1428 451 1490 solum
472 1426 533 1487 sibl
559 1428 727 1489 tenendum
747 1425 1001 1511 credendumque
1021 1424 1131 1491 decer-

55 1523 115 1581 nit.
160 1511 322 1594 Quicquid
343 1533 418 1574 vero
441 1510 482 1572 ab
504 1510 777 1596 aliquo·deinceps
798 1530 886 1590 uno,
918 1523 1043 1596 praeter
1062 1533 1131 1574 om-

53 1595 128 1679 nes,
160 1598 210 1660 rel
230 1609 341 1657 eontra
361 1616 467 1658 omnes
489 1607 634 1673 sanctos,
667 1614 781 1658 novum
808 1608 839 1658 et
860 1597 1035 1658 inauditum
1053 1594 1132 1659 snb-

54 1685 167 1750 induci
188 1682 340 1756 senserit,
362 1680 396 1741 id
416 1700 481 1740 uon
503 1679 543 1741 ad
565 1678 762 1765 religionem,
791 1679 844 1742 sed
866 1679 906 1743 ad
928 1682 1131 1757 tentationem
1224 1706 1232 1715 ·

54 1770 167 1854 potius
202 1760 354 1848 intelligat
375 1765 542 1848 pertinere.
595 1764 639 1826 Et
669 1763 730 1827 sul>
753 1762 827 1827 libri
847 1766 1060 1851 principium:
1091 1764 1129 1827 In

57 1857 129 1935 ipsa
151 1845 311 1911 Catholica
326 1848 464 1911 Ecclesia
485 1868 595 1933 magno
619 1869 671 1910 ere
689 1849 860 1911 curandum
883 1861 953 1928 est,
975 1862 1013 1912 ut
1033 1849 1067 1911 id
1080 1862 1129 1912 tc·
1160 1852 1308 1919 9⁸⁸l⁰¹i⁶t¹¹

57 1952 207 2009 neamus,
266 1932 331 1994 uod
355 1931 496 2015 ubique,
527 1868 618 2019 quod
634 1954 772 2017 semper,
807 1929 895 2018 qnod
916 1932 959 1997 ab
981 1932 1126 1996 omnihus
1137 1904 1307 1999 liiitnlf⁰⁹¹'⁰

56 2018 225 2080 creditum:
244 1953 310 2078 hoc
327 2029 373 2080 cst
387 2020 501 2080 etenim
524 2037 595 2079 rere
610 2020 805 2103 proprieque
824 2014 1025 2098 catholicum,
1037 2017 1126 2103 quod

56 2107 124 2189 ipsa
147 2103 193 2163 vis
213 2103 345 2164 nominis
373 2104 520 2186 ratioque
544 2100 699 2181 declarat,
732 2122 814 2187 quae
835 2104 941 2168 omnia
965 2125 1038 2166 rara
1056 2105 1129 2166 uni-

57 2185 215 2249 versaliter
243 2185 491 2271 comprehendit
547 2184 608 2248 Sed
639 2184 703 2249 hoc
723 2188 768 2250 ita
790 2188 912 2251 demum
945 2185 999 2269 fit,
1033 2190 1059 2250 si
1079 2209 1130 2250 se·

44 2290 187 2355 ⁴quamue·
208 2272 446 2348 universitatem,
469 2273 702 2355 antiquitatem,
723 2276 965 2336 consensionem.
1008 2272 1048 2335 Se
1094 2281 1295 2336 c-Valvmittt·

55 2377 127 2417 mur
158 2367 259 2415 autem
279 2357 509 2415 uniuersitatem
530 2353 593 2415 hoc
613 2354 732 2417 modo:
765 2356 799 2417 Si
820 2355 901 2419 hauc
920 2376 1013 2420 unam
1035 2355 1058 2420 fi
1081 2369 1130 2421 ctu

53 2460 160 2502 reram
180 2457 245 2497 esse
266 2435 432 2511 fateamur,
463 2456 556 2516 Qum
575 2449 644 2498 tota
662 2457 722 2520 per
743 2438 852 2500 orbem
872 2452 1031 2503 terrarum
1050 2463 1130 2505 con·
1239 2429 1248 2451 ⁶

54 2524 167 2587 fitetur
194 2518 353 2581 Ecclesiae
390 2520 616 2600 Antiquitatum
647 2538 723 2580 vero
753 2523 817 2598 ita,
849 2525 875 2582 si
896 2522 936 2583 ab
958 2524 1007 2586 his
1027 2525 1281 2586 nulla-smmum

56 2625 150 2672 tenus
173 2602 313 2665 sensibus
337 2603 534 2678 recedamus,
567 2621 648 2686 quos
667 2615 792 2666 sanctos
813 2606 948 2688 majores
968 2628 1004 2667 ac
1026 2621 1130 2691 patrea

58 2703 187 2754 nostros
222 2688 392 2751 'celebrasse
413 2687 607 2750 manifestum
627 2698 682 2749 est-
739 2685 980 2753 Conscnsi'oncm
1001 2696 1284 2775 quoque⁰⁰1mm

58 2775 188 2854 itidem,
221 2775 248 2835 si
280 2775 311 2834 in
331 2774 399 2857 ipsa
419 2782 589 2850 vetustate,
607 2772 745 2834 omnium
765 2773 813 2834 vel
836 2787 921 2838 certe
942 2795 1040 2860 paene
1062 2796 1132 2837 om·
1170 2792 1174 2797 ·
1243 2807 1247 2818 .

60 2864 148 2922 nium
169 2857 368 2921 sacerdotum
397 2858 517 2943 pariter
537 2870 569 2919 ct
588 2858 808 2943 magistrorum
830 2856 1027 2923 definitiones
1060 2879 1132 2921 sen·
1241 2887 1246 2891 ·

59 2947 233 3027 sentiasque
254 2955 416 3004 sectemur.
458 2941 545 3014 Quid
559 2944 662 3028 igitur
682 2942 776 3004 faciet
797 2941 990 3007 Christianus
1013 2942 1133 3008 Catho-

61 3029 158 3106 licus,
195 3049 222 3089 si
255 3025 414 3109 oculique
438 3027 594 3090 Ecclesiae
614 3026 769 3112 particula
791 3029 832 3090 ab
855 3028 1035 3092 universalis
1056 3027 1130 3095 fidei

59 3113 278 3175 communione
309 3110 524 3195 praeciderit?
565 3112 653 3191 Quid
676 3113 799 3197 itaque,
833 3115 894 3174 nisi
925 3126 961 3175 ut
981 3115 1131 3198 pestifero

57 3209 276 3282 corruptoque
305 3196 446 3258 membro
476 3199 645 3281 sanitatem·
665 3200 801 3260 universi
836 3199 981 3282 corporis
1002 3211 1133 3282 antepo-

59 3282 142 3345 natl
183 3280 269 3358 Quid
289 3282 315 3342 si
336 3280 460 3342 novella
481 3280 586 3363 aliqua
607 3285 752 3366 contagio
779 3304 843 3344 non
863 3285 928 3365 jam
943 3285 1133 3366 portiuncu-

60 3369 124 3429 lam
146 3376 289 3442 tantum,
311 3363 365 3427 scd
386 3377 485 3427 totam
505 3377 624 3449 pariter
645 3366 815 3428 Ecclesiam
836 3366 1061 3429 commaculare
1074 3386 1131 3428 co-

58 3449 174 3514 netur?
219 3450 307 3510 Tunc
335 3451 408 3511 item
436 3448 665 3534 procidebas
684 3463 720 3511 ut
750 3454 928 3536 antiquitati
963 3449 1132 3533 inhaereat,
1163 3502 1168 3509 .

83 3557 140 3599 uae
169 3538 303 3619 prorsus
333 3535 397 3617 jam
416 3555 482 3595 nou
503 3546 608 3620 potest
636 3532 675 3594 ab
697 3534 763 3597 ulla
784 3538 929 3599 novitatis
951 3534 1061 3598 fraude
1082 3557 1133 3599 se-·

60 3560 145 3683 duci.
191 3616 279 3697 Quid
299 3619 325 3679 si
355 3621 388 3680 iu
418 3621 489 3702 ipsa.
503 3630 671 3696 vetustate,
693 3620 828 3682 duorum
848 3632 901 3683 aut
922 3622 1017 3681 trium
1029 3620 1134 3683 homi·

62 3727 159 3785 num,
188 3702 239 3764 vel
261 3714 343 3763 certe
365 3699 498 3765 civitatis
519 3706 631 3781 unius,
667 3717 722 3767 aut
755 3708 846 3767 etiam
866 3709 1046 3790 provinciae
1073 3703 1133 3766 ali-

64 3793 154 3872 cujus
185 3807 278 3849 error
312 3786 585 3871 deprehendatur?
641 3788 732 3850 Tunc
768 3793 895 3853 omnino
930 3789 1075 3867 curabit,
1095 3800 1134 3852 ut
1242 3836 1247 3845 ,

64 3894 238 3957 paucorum
257 3872 422 3950 temeritati
443 3872 490 3932 rel
517 3874 673 3950 inscitiae,
694 3881 720 3936 si
742 3896 804 3958 qua
824 3887 898 3937 sunt
918 3873 1134 3936 universaliter
1217 3943 1223 3955 ⁶

67 3959 237 4043 antiquitus
268 3956 449 4019 universalis
462 3959 486 4035 ‘j
522 3956 656 4020 Concilii
690 3957 814 4022 decreta
822 3972 1001 4045 proponat„
1045 3960 1132 4037 Quid
1142 3941 1251 4037 ζῖῃῖξζῖ·
1260 3944 1304 3988 ¹³⁶·

68 4044 95 4103 si
127 4042 187 4105 talc
221 4040 344 4126 aliquid
380 4055 530 4128 emergat,
558 4041 615 4103 nbi
647 4041 727 4105 nihil
759 4045 912 4128 ejusmodi
940 4044 1150 4129 reperiaturl'

67 4125 159 4188 Tunc
184 4148 310 4213 operam
344 4125 452 4205 dabit,
484 4141 518 4190 ut
539 4128 668 4190 collatas
689 4129 771 4191 iuter
790 4150 823 4192 se
843 4131 1002 4212 Majorum
1022 4150 1138 4191 consu-

68 4212 114 4273 lat
135 4213 368 4299 interrogetque
407 4213 589 4290 sententias,
622 4233 731 4285 eorum
762 4212 931 4292 duntaxat,
953 4212 1011 4297 qui
1032 4207 1137 4275 diver-

67 4299 110 4362 sis
132 4294 207 4363 licet
225 4295 420 4387 temporibus
442 4308 473 4362 et
494 4295 595 4381 locis,
615 4299 649 4367 in
668 4301 762 4367 unius
782 4312 883 4368 tanen
900 4299 1138 4434 ffcclesiaecu·

863 4405 898 4469 ‘l,
