2768 4762
345 370 874 529 fsccnssssn·'
1052 410 1187 497 dal

61 629 218 688 manee:
257 603 318 682 ad
341 606 461 697 lianc,
488 604 629 707 inquit,
654 603 862 679 Ecclesiam
886 620 1043 705 propter
1065 628 1135 704 po·
1144 625 1314 733 mih

64 736 261 810 tectiorem
312 729 647 833 principalitatem,
687 735 848 802 ‘necasse
886 744 946 801 est
987 726 1261 829 omnsmi',·‚¹’⁵·,37
1277 734 1319 823 ὦ.

1143 823 1230 866 Ἡιωά.
1250 826 1268 866 l.
1288 834 1309 872 ς.

65 858 263 934 convenire
275 854 505 944 Ecclesiam,
534 854 607 927 hoo
634 870 713 938 est,
741 879 831 939 eos,
869 853 934 951 qui
957 869 1043 926 sunt
1065 872 1312 977 ⁰⁰·2‘,⁸,¹jf,·‡¹,³gg

1142 970 1172 1012 sd
1186 973 1311 1014 innocent.

64 982 179 1082 dique
220 979 368 1053 fidelcsz
410 979 450 1051 in
490 1003 563 1076 qua
599 1002 747 1077 semper
780 976 917 1063 abiis,
957 976 1023 1075 qui
1047 993 1312 1066 suat„1„„,„„..

1146 1069 1191 1110 sid.
1214 1072 1285 1115 Dono·

62 1106 252 1206 undique,
278 1120 495 1179 conservata
519 1118 577 1176 est
601 1126 667 1187 ea,
693 1125 789 1200 quae
818 1118 876 1175 est
896 1098 944 1174 ab
968 1101 1283 1214 Aposm·33·¹gno··

61 1229 133 1321 lis,
160 1228 322 1303 traditio.
380 1242 396 1304 ἑ
1068 1220 1075 1252 ’

333 1458 872 1563 scn1srnnan

10 1604 20 1661 .'
147 1630 251 1693 Rom.
272 1620 363 1692 ms
397 1629 487 1692 Sicut
506 1629 539 1690 in
560 1648 625 1690 uno
643 1622 783 1713 'corpore
803 1610 904 1691 multa*
921 1620 1058 1687 membra
1077 1621 1137 1685 hs·

10 1786 31 1821 .,
64 1737 192 1815 bemus,
226 1740 329 1801 omnia
350 1750 458 1823 „sutem
478 1736 616 1799 membra
643 1757 708 1799 non
728 1733 860 1796 eundem
879 1745 985 1795 mum
1004 1729 1135 1793 habenta

10 1884 12 1895 ·
64 1845 122 1906 ita'
136 1844 225 1906 multi
246 1867 342 1907 unum
363 1864 480 1929 corpus
501 1850 603 1906 snmus
622 1845 656 1905 in
678 1842 871 1920 cnmsTo,
899 1838 1135 1925 singultantes

10 2010 12 2015 .
63 1947 146 2011 altar
167 1952 291 2016 alterius
317 1950 463 2014 membra.
541 1988 544 1995 ·
1083 1958 1086 1963 ’

10 2036 12 2045 ¹
146 2056 285 2137 l.·Cor.
315 2059 407 2120 xit:
442 2057 541 2121 ,Sicut
573 2077 688 2142 corpus
722 2076 820 2117 unum
841 2066 909 2135 est,
943 2066 975 2116 et
995 2053 1133 2117 membra

54 2160 156 2227 ¹ltabet
182 2164 295 2244 mults,
328 2166 432 2237 omnia
462 2176 564 2227 sutem
598 2162 736 2227 membra
765 2164 929 2249 corporis,
964 2184 1035 2225 cum
1070 2163 1134 2225 sint

60 2271 179 2350 multa,
207 2292 304 2331 unum
327 2284 429 2333 tamen
453 2293 567 2355 corpus
598 2284 689 2332 sunta
710 2272 754 2334 ita
776 2283 807 2334 et
827 2271 1042 2333 CHRISTUS:
1073 2270 1133 2334 Et·

61 2381 149 2437 enim·
185 2379 216 2436 in
247 2397 312 2437 noo
342 2377 455 2458 spirito
489 2398 689 2456 omnesaue,
721 2380 869 2439 inunum
892 2400 1008 2463 corpas
1027 2377 1135 2462 bapti·

63 2485 124 2542 zati
147 2502 261 2565 sumus.

146 2587 304 2650 LPetr.
324 2586 385 2649 V.=
418 2586 461 2650 Et
490 2608 557 2650 com
593 2589 774 2675 apparuerit
794 2590 940 2674 princeps
959 2601 1131 2673 pastorum,

59 2696 241 2783 percipietis
265 2695 547 2759 immarcescibilem
578 2697 696 2782 gloriae
717 2717 875 2757 coronam.

145 2805 163 2864 J
170 2825 289 2869 oann.
320 2804 423 2865 xxia
467 2802 546 2866 Cum
567 2823 640 2886 ergo
671 2803 881 2886 prandissent,
916 2804 992 2866 dicit
1012 2804 1131 2867 Simoni

59 2909 159 2974 Petro
185 2910 325 2976 JESUS:
349 2912 456 2974 Simon
475 2912 624 2989 Joannis,
646 2910 748 2994 diligis
769 2932 818 2972 me
841 2910 912 2995 plus
933 2912 1004 2973 hisi
1045 2913 1133 2975 Dicit
1182 2900 1191 2919 ⁴

59 3019 113 3079 ei:
134 3017 236 3081 Etiam
256 3019 405 3079 Domine:
426 3031 462 3081 tu
490 3021 569 3097 scis,
592 3021 666 3102 qnia
687 3039 755 3078 amo
776 3030 816 3080 te.
859 3019 946 3081 Dicit
966 3022 1010 3082 eit
1035 3021 1131 3083 Pasce

56 3145 156 3208 agnos
180 3145 273 3186 meos.
316 3128 403 3189 Dicit
420 3129 448 3189 ci
475 3129 605 3189 iterans
639 3127 912 3204 Simonloannis,
935 3127 1037 3213 diligis
1058 3128 1131 3190 mei

54 3231 115 3294 Ait
140 3230 205 3291 illi-2
243 3231 345 3295 Etiam
366 3235 516 3312 Domine,
548 3247 586 3296 tu
606 3236 680 3313 scis,
709 3235 782 3317 quia
804 3255 872 3296 amo
894 3247 933 3296 te.
976 3236 1063 3297 Dicit
1084 3236 1129 3297 eis

53 3337 155 3402 Pasce
177 3358 271 3422 agnos
293 3361 386 3403 meos.
429 3341 516 3402 Dicit
537 3342 564 3401 ei
585 3344 699 3404 tertio:
735 3341 842 3402 Simon
868 3341 1013 3420 Ioannis,
1047 3363 1127 3404 amas
1237 3338 1241 3345 ’
1366 3334 1371 3345 ’

50 3442 128 3509 mei
170 3445 376 3508 Contristetur
410 3460 456 3510 est
486 3447 615 3526 Petrus,
649 3469 722 3531 quia
743 3448 820 3510 dixit
841 3450 869 3510 ei
890 3451 1004 3511 tertios
1034 3446 1127 3513 Amas

49 3550 126 3616 mei
159 3562 191 3614 et
221 3552 298 3613 dixit
319 3544 370 3615 eii
403 3553 562 3634 Domine,
594 3566 632 3616 tn
654 3558 757 3617 omnia
782 3557 863 3618 scias
895 3569 931 3619 to
951 3557 1028 3635 scis,
1050 3556 1126 3641 quis

49 3678 123 3721 amo
146 3671 185 3721 ts.
227 3658 314 3724 Dicit
335 3663 382 3722 eis
402 3661 500 3727 Pasce
518 3682 590 3725 oves
611 3685 703 3730 meas.

136 3765 284 3834 Matris
306 3767 415 3830 xvii
444 3768 488 3832 Et
503 3790 565 3853 ego
585 3771 655 3833 dico
674 3770 756 3850 tibi,
789 3774 862 3858 quia
883 3784 920 3834 to
944 3793 974 3833 es
994 3771 1122 3833 Petrnss

52 3883 87 3934 ct
105 3894 199 3956 super
219 3872 299 3936 hane
319 3875 444 3937 Petram
464 3864 635 3939 nidificabo
653 3879 821 3940 Ecclesiam
841 3901 946 3958 meam,
969 3893 1000 3942 et
1021 3893 1122 3965 porte

53 3978 147 4041 inferi
167 4003 230 4043 non
250 3983 476 4068 praevalebunt
501 3985 646 4047 adsersus
666 4007 741 4048 eam.
783 3987 826 4049 Et
841 3987 901 4050 tibi
923 3987 1005 4050 dabo
1021 3990 1119 4051 claves

50 4089 141 4171 regni
168 4088 335 4152 caelorum.
388 4092 431 4155 Et
457 4091 670 4176 quodcunque
692 4072 843 4179 'ligaveris
878 4109 1118 4181 superterram,

44 4194 114 4260 eris
136 4193 265 4283 ligatum
299 4209 333 4260 et
357 4200 390 4260 io
420 4200 533 4263 caelis:
561 4213 593 4262 et
618 4201 830 4289 quodcunque
857 4202 987 4271 solveris
1020 4226 1117 4294 snper
1250 4217 1254 4223 '

44 4311 185 4385 term,
205 4304 269 4369 erit
285 4301 422 4370 solutum
439 4316 473 4372 et
494 4307 529 4372 is
545 4306 649 4372 erclis.
