2768 4762
248 359 303 447 pp
619 346 690 411 uu
721 340 860 409 rruu
893 344 960 411 ur

253 532 284 599 le
304 512 406 595 lumen
420 526 518 595 suum.
562 533 629 611 Qui
657 531 829 616 aliquando
847 550 913 593 uon
926 529 1086 617 populus,
1120 550 1205 594 nune
1228 545 1335 597 eutem

252 638 392 726 populus
404 639 481 702 Dei:
504 639 639 724 quinon
658 637 1102 721 consecutimiserieordipm,
1125 659 1211 703 nune
1227 652 1334 705 ouoem

251 744 695 814 misericordiomeonsecuti.
980 814 991 847 x

340 875 382 937 D.
401 874 486 938 Aet.
508 878 555 939 L:
576 877 620 943 Et
638 877 724 942 eritis
748 877 826 941 mihi
841 887 933 966 testes
952 876 985 936 in
1013 872 1230 954 Hierusalem,
1252 879 1335 942 etin

248 983 345 1057 ,omui
360 979 477 1065 Iudaeo
500 995 531 1083 et
552 981 712 1067 Samaria,
742 998 776 1051 et
794 1004 896 1068 usque
914 982 955 1044 ed
972 981 1247 1046 altinensem

343 1113 438 1175 Gen.
469 1110 589 1175 Xles
623 1098 808 1180 lleuedlesm
830 1114 914 1192 tibi,
935 1124 967 1174 et
993 1110 1209 1195 multiplicabo
1231 1134 1335 1177 semen

253 1232 350 1285 tuum
367 1221 450 1282 sieut
468 1219 572 1283 stellas
592 1222 670 1286 eseli
680 1268 691 1304 ,
712 1237 745 1287 et
762 1222 849 1285 velut
868 1239 1024 1297 erenum,
1039 1239 1119 1302 quae
1141 1232 1189 1282 est
1207 1222 1239 1282 in
1258 1202 1336 1284 lilo-

259 1347 295 1389 re
325 1327 434 1389 meris:
466 1327 645 1412 possidebit
676 1352 779 1394 semen
799 1341 891 1392 tuum
905 1339 1015 1413 portas
1040 1327 1238 1388 inimicorum
1258 1349 1338 1391 suo-

259 1453 352 1511 rum,
383 1446 415 1496 et
437 1455 667 1501 instructurus
689 1438 722 1501 iu
747 1441 861 1501 semiue
884 1447 942 1497 tuo
969 1454 1074 1495 omues
1093 1446 1198 1521 gentes
1216 1447 1336 1514 terrae,

261 1540 338 1625 quit
356 1529 493 1605 ob'edisti
513 1545 585 1607 roei
608 1564 703 1607 mese.
1040 1530 1043 1535 ’

267 1690 271 1707 ’
344 1673 471 1734 Mare.
492 1671 596 1737 xvh
629 1672 749 1739 Euutes
782 1677 816 1738 ln
845 1672 996 1738 mundum
1018 1671 1215 1748 uuiversum,
1244 1689 1339 1754 prae-

251 1778 367 1841 'dicate
383 1778 586 1869 Euangelium
599 1783 684 1844 omni
693 1795 866 1847 creaturae.
905 1780 958 1843 Illi
970 1791 1072 1840 antem
1087 1779 1235 1862 profecti,
1245 1794 1341 1863 pree·

262 1884 447 1948 dicaverunt
465 1885 605 1971 ubique,
626 1889 766 1953 Domino
784 1898 994 1975 cooperante,
1025 1899 1065 1948 ets
1073 1906 1245 1948 sermonem
1259 1907 1341 1947 eon-

251 1988 407 2054 'firmente
424 1993 625 2076 sequentibus
644 1998 747 2081 signis.

257 2104 261 2111 ¹
348 2120 598 2187 Lus.xx1v.=
627 2124 680 2190 sic
702 2123 872 2211 oportebat
897 2122 1057 2185 Christum
1088 2121 1170 2205 pati,
1188 2132 1220 2181 et
1233 2141 1342 2182 resur-

177 2274 180 2279 ·
265 2248 338 2313 gero
374 2248 394 2290 a
437 2232 570 2293 mortuis
596 2234 691 2295 tertia
720 2232 771 2294 dio
783 2276 794 2310 ,
827 2234 860 2293 e't
875 2230 1105 2316 praedicaniu
1118 2229 1242 2289 nomine
1269 2228 1341 2308 ejus

265 2334 489 2418 poenitentium
523 2349 554 2400 et
583 2341 793 2402 remissionem
819 2351 1021 2424 peecatorum
1040 2339 1074 2399 iu
1102 2355 1207 2397 omnes
1223 2346 1340 2419 gentes,

259 2440 489 2537 'incipientibus
511 2444 551 2506 ab
568 2444 795 2525 Hierosolymo.

256 2556 262 2567 ¹
320 2550 492 2636 ''Mattln
522 2575 689 2640 xxv111.=
719 2575 836 2641 Euntes
862 2576 973 2639 docete
1005 2592 1112 2637 omnes
1135 2581 1240 2656 gentes
1260 2565 1343 2652 bap-

267 2680 395 2743 tizantes
408 2702 463 2744 eos
477 2683 510 2744 in
528 2685 653 2746 nomine
668 2683 772 2746 Putris
788 2696 820 2745 et
845 2684 920 2746 Filii
940 2695 971 2745 et
992 2680 1128 2766 Spiritus
1147 2679 1255 2740 saneti.
1299 2675 1344 2737 Et

267 2806 339 2849 eece
372 2809 431 2873 ego
458 2787 619 2851 vobiscum
651 2811 721 2853 sum
742 2788 887 2853 omnibus
919 2788 1054 2867 diebus,
1082 2805 1182 2868 usque
1202 2785 1242 2846 ed
1262 2804 1344 2847 eon·

266 2897 499 2959 summationem
517 2897 642 2959 saeculi.

351 3023 494 3088 Matth.
515 3026 619 3088 XVI.:
654 3026 756 3111 Super
779 3025 860 3088 hune
888 3038 1009 3111 petrem
1034 3018 1209 3105 oedificabo
1227 3018 1344 3084 Eucle-

268 3135 344 3197 siom
362 3154 469 3213 meam,
491 3146 523 3201 et
536 3145 649 3218 portae
672 3134 765 3196 inferi
784 3155 849 3196 non
864 3130 1089 3219 praevolebunt
1109 3128 1254 3191 adversus
1266 3149 1342 3191 eam.

354 3240 392 3303 E.
435 3238 582 3326 Ephes.
605 3229 678 3302 Νι
700 3240 743 3304 Et
755 3244 821 3326 ipse
841 3239 930 3304 dedit
945 3239 1097 3325 quosdam
1115 3236 1241 3321 quidem
1252 3235 1345 3322 Apo·

269 3345 370 3413 stolos
385 3361 445 3411 ete.
466 3347 506 3409 sd
529 3352 822 3412 consummationem
838 3362 1036 3426 sanctorum,
1058 3348 1090 3409 iu
1111 3365 1190 3430 opus
1205 3344 1344 3416 ministe,

269 3456 348 3543 rii,
365 3456 398 3517 in
419 3453 665 3517 aedificationem
686 3458 831 3540 eorporis
858 3456 976 3519 Christi
993 3467 1076 3532 eto,
1112 3466 1150 3515 ut
1172 3469 1342 3516 crescemus

268 3561 303 3622 in
333 3561 389 3624 illo
422 3580 480 3646 per
515 3565 641 3642 omnia,
682 3564 739 3644 qui
769 3574 816 3624 est
849 3574 962 3647 eoput,
1008 3560 1172 3623 Christus:
1206 3580 1241 3623 ex
1272 3578 1341 3641 qno

270 3678 373 3731 totum
394 3689 509 3753 eorpus
524 3683 722 3754 compactum
745 3680 777 3730 et
799 3689 970 3730 connexum
989 3689 1047 3753 per
1070 3687 1192 3729 omnem
1212 3668 1346 3750 junctu·

268 3797 336 3837 rom
351 3754 665 3855 subministrationis,
688 3775 857 3838 seeundum
869 3780 1096 3862 ,operationem
1114 3777 1147 3835 in
1171 3794 1347 3839 mensuram

265 3883 513 3964 uniuscujusque
534 3882 681 3960 membri,
712 3895 906 3967 augmentum
937 3886 1084 3971 eorporis
1104 3882 1179 3946 lacit
1196 3884 1231 3945 iu
1257 3880 1346 3945 aetli-

267 3984 446 4051 ficationem
460 3990 510 4049 sui
524 3991 557 4049 in
579 3993 718 4052 caritate.

342 4094 488 4158 Psulm.
518 4096 682 4159 cxv111.=
716 4098 878 4183 Pertieeps
903 4120 960 4184 ego
981 4121 1048 4163 sum
1068 4099 1208 4161 omnium
1231 4097 1349 4160 timeo.

257 4203 338 4269 tium
362 4214 414 4286 te,
436 4217 468 4271 et
483 4205 727 4272 custodientium
739 4207 883 4273 mandatu
914 4221 980 4271 tue.
