2768 4762
369 402 584 475 castronis
617 399 840 468 notantur.
1052 392 1132 470 tus
1261 376 1265 401 '

450 620 457 626 ·
543 594 647 672 vtll.

57 781 170 898 Quid
193 779 375 867 continet
406 776 587 864 secunda
611 774 779 893 petitio:
812 766 1011 858 Adveniat
1041 793 1131 879 reg-

454 926 558 999 uum
584 917 740 998 tuum?

158 1107 204 1181 Δ.
253 1101 415 1178 Petimus
428 1102 447 1189 ‚'
485 1120 528 1177 ut
566 1128 637 1205 per
673 1100 828 1203 gratiam
871 1113 910 1171 ct
949 1088 1129 1194 justitiam
1141 1101 1312 1248 wltzi?
1356 1111 1359 1121 ·

59 1255 165 1305 suam
189 1246 320 1328 regnet
344 1228 385 1300 in
409 1225 582 1302 Ecclesia
606 1229 731 1311 Deua,
771 1223 884 1296 immo
911 1232 949 1292 et
970 1217 1310 1346 ³¹²·”.²¹¹¹¹·;;·54‚b;?·2}:

60 1351 111 1427 dn
132 1351 325 1442 universo,
366 1351 497 1450 ejectis
516 1350 604 1422 hinc
630 1344 851 1422 adversariis
873 1340 1130 1444 potestatibus,
1143 1348 1309 1449 {pfifffflj

60 1494 100 1549 et
116 1473 385 1576 cupiditatibus
404 1473 512 1547 malis
536 1470 745 1545 omnibusa
768 1466 894 1542 medin
915 1453 1313 1596 profligatisi'piigiwcffi}

160 1620 203 1692 B.
255 1621 352 1690 Tum
367 1634 535 1719 optamus
550 1635 587 1692 et
598 1640 805 1718 precamur,
816 1603 873 1686 'ut
889 1609 934 1686 er
943 1613 1018 1684 hoc
1028 1634 1133 1681 mun·
1149 1593 1315 1738 ἓοὲἷῗέὲέἱέῗ

64 1740 128 1829 do,
150 1737 296 1813 rclutia
311 1741 414 1839 gravi
437 1739 761 1842 ‘peregrinatione
773 1737 980 1837 militiaque
999 1732 1136 1812 vocati,
1148 1721 1318 1836 ffifffipssgg

68 1862 361 1961 quamprimum
388 1858 658 1937 'uunsierumur
685 1863 734 1936 ad
768 1887 924 1962 regnum
937 1857 1079 1960 gloriae
1100 1873 1137 1929 et
1148 1841 1315 1936 xstitit:

64 1981 252 2058 felicitatis
269 2004 463 2078 aeternae,
493 2005 535 2060 ut
557 2013 643 2061 cum
662 1986 812 2063 Christo
834 2003 873 2062 et
891 1983 1031 2061 sanctia
1051 1982 1134 2084 ejus
1146 1939 1322 2093 Ξῖἷῖξῖἷῖζξ,

63 2105 104 2177 in
132 2107 397 2210 sempiternum
432 2135 645 2211 regnemus.
764 2198 768 2209 1
1027 2153 1028 2156 ,
1145 2096 1169 2188 ζ
1180 2084 1318 2188 ffl‘ffi·

377 2339 811 2417 scutrrnnan.
908 2424 913 2435 ,

149 2504 295 2569 Matth.
325 2506 404 2569 viz
436 2509 583 2585 Quaerite
608 2512 744 2593 primum
770 2533 898 2595 regnum
920 2513 982 2574 Dei
995 2525 1027 2574 et
1044 2513 1140 2595 justi·

65 2617 141 2679 tiam
173 2615 260 2696 ejusz
288 2627 320 2677 et
342 2612 420 2676 haec
450 2619 554 2678 omnia
581 2617 768 2700 adjicientur
785 2617 886 2686 vobit.

148 2746 253 2808 Rom.
285 2745 392 2810 mn:
429 2747 502 2811 Nun
527 2760 574 2810 est
608 2768 737 2833 regnum
769 2749 829 2810 Dei
867 2766 936 2810 esca
961 2758 994 2808 et
1024 2758 1138 2830 potuer

66 2853 121 2915 sed
144 2853 285 2935 justitia,
312 2866 344 2916 et
365 2876 447 2939 pax,
478 2869 510 2919 et
539 2855 686 2942 gaudium
705 2858 738 2918 in
763 2855 884 2941 Spiritu
909 2866 1027 2919 sancto.
1073 2852 1139 2930 Qui
1196 2930 1200 2936 ι

66 2963 200 3021 enimin
228 2960 292 3024 hoc
320 2964 416 3043 servit
439 2961 581 3045 Christo,
608 2963 712 3050 placet
732 2964 822 3044 Deo,
854 2977 886 3027 et
911 2962 1065 3048 probatus
1092 2969 1141 3023 est

67 3066 255 3133 hominibus
344 3091 350 3105 ’

150 3198 290 3262 Parim.
313 3199 437 3262 XXIL:
461 3201 613 3265 Dominus
636 3203 715 3286 regit
735 3222 802 3277 ma,
838 3212 870 3262 et
889 3197 969 3265 nihil
989 3195 1067 3261 mihi
1083 3194 1141 3259 ds·

67 3306 152 3383 erit,
180 3309 212 3366 in
238 3307 310 3371 loco
332 3328 465 3394 pascuae
493 3307 539 3371 ibi
567 3328 616 3369 mc
636 3309 810 3371 collocavit.

150 3436 288 3504 Psalm.
319 3438 482 3501 Lm:
524 3438 589 3517 Qui
629 3439 709 3522 regis
736 3437 852 3517 lsrael,
900 3433 1042 3498 intende:
1084 3435 1139 3519 qni
1213 3404 1217 3427 Ι

64 3541 195 3606 deducis
224 3546 311 3608 velut
335 3567 444 3625 crem,
476 3543 611 3632 loseph:
651 3546 760 3608 Excita
780 3547 952 3632 potentiam
970 3554 1073 3622 tuan,
1108 3551 1140 3602 et

64 3650 154 3728 veni,
186 3663 225 3712 ut
249 3653 350 3718 salvos
380 3656 474 3717 iacias
503 3675 569 3717 nos.

149 3756 239 3820 Luc.
261 3761 304 3821 1.:
333 3761 378 3824 Et
400 3762 542 3847 regnabit
556 3764 588 3824 in
609 3759 704 3824 domn
723 3757 823 3826 Jacob
845 3760 880 3821 in
903 3769 1081 3834 aeteruum,
1108 3765 1140 3816 ct

64 3865 152 3948 regni
182 3868 251 3948 ejus
268 3888 334 3930 uon
368 3871 429 3930 erit
447 3867 527 3932 finis.
1112 3955 1115 3961 Ι

122 3971 241 4035 1an
265 3973 384 4037 XVII.:
412 3977 627 4065 Interrogatus
652 3990 756 4039 autem
773 3994 792 4038 n
809 3972 984 4037 Pharisaeis
996 4021 1006 4052 ,
1039 3994 1141 4058 quan·
1163 3962 1173 3983 ’

66 4070 111 4135 do
133 4081 359 4168 venitregnum
384 4082 463 4160 Dei,
485 4086 649 4173 respoudit
673 4085 740 4166 cis,
775 4095 807 4145 et
828 4080 921 4144 dixit:
956 4083 1028 4144 Non
1056 4081 1141 4141 venit

66 4205 194 4270 regnum
220 4190 280 4255 Dei
313 4214 384 4256 cum
413 4192 645 4257 observatione:
687 4212 787 4275 neque
818 4189 945 4270 dicent,
978 4210 1048 4252 acce
1076 4186 1139 4268 hic,

63 4306 122 4357 aut
141 4290 311 4367 rore-dtr
347 4274 448 4366 =Ecce
470 4304 551 4366 enim
578 4321 706 4388 regnum
725 4299 786 4364 Dei
813 4301 896 4363 intra
919 4318 975 4362 vos
998 4307 1053 4358 est

364 4682 378 4727 t
