2768 4762
427 365 812 438 DEG.ALOG0.
1075 358 1156 431 alo
1215 370 1217 377 ’

77 576 146 616 non
167 552 281 615 habeas
291 596 301 630 ‚
322 553 401 615 nihil
416 553 476 616 tibi
491 555 635 639 prodest:
659 553 717 614 alia
733 556 758 614 si
784 570 847 612 non
868 546 993 623 habeas,
1005 504 1077 608 'hoc
1093 544 1151 607 ha-
1162 572 1221 612 aon
1236 579 1313 618 esne·
1347 539 1349 543 ⁷

79 640 142 712 be,
173 651 205 700 et
233 636 366 723 implesti
398 639 503 723 legem.
560 642 622 717 Qui
647 641 726 698 enim
748 638 848 720 diligit
870 634 1021 709 alterum,
1053 629 1150 715 legem
1161 621 1325 703 “blm

80 722 240 805 implevit,
263 726 307 784 ait
332 723 518 806 Apostolust
551 725 593 784 Et
615 722 777 808 plenitudo
802 721 874 802 legis
900 719 1021 779 caritas.
1063 716 1146 778 Puto

79 809 167 868 iatam
186 810 381 892 margaritam
404 829 467 869 esse
493 808 586 869 illam.
631 812 733 868 Homo
760 807 934 886 negotiator
957 800 1146 863 describitur

77 893 110 951 in
140 892 330 976 Evangelio,
364 893 420 973 qui
439 895 568 954 ¹invenit
597 913 689 952 unam
712 891 926 972 margaritam,
956 899 987 947 et
1007 886 1147 947 vendidit

78 978 200 1054 omnia,
239 997 319 1058 quae
352 974 502 1053 habebat,
535 990 566 1038 et
591 980 664 1037 emit
686 998 758 1036 eam.
813 974 894 1032 Haeo
915 984 961 1032 est
981 973 1145 1055 margarita

101 1062 216 1121 retiosa
248 1063 380 1138 caritas,
414 1064 479 1121 sine
502 1083 563 1142 qua
587 1061 664 1121 nihil
681 1061 739 1121 tibi
760 1057 910 1139 prodest,
933 1057 1144 1139 quodcunque

74 1081 238 1221 habueris,
261 1166 351 1227 quam
375 1147 399 1205 si
417 1145 516 1206 solam
538 1145 671 1222 habeas,
690 1141 809 1204 suffieit
836 1141 903 1200 tibi.

159 1242 190 1296 ⁶.
232 1228 345 1288 IDEM
377 1229 476 1291 Eneli.
506 1229 545 1289 ad
568 1231 658 1290 Laur.
692 1250 718 1289 c.
744 1237 836 1295 1⁴17st
872 1224 1007 1299 Caritas,
1048 1244 1317 1305 quamaooerara·

71 1310 136 1372 fide
152 1333 188 1373 ae
206 1334 260 1394 spe
286 1316 436 1393 majorem
460 1315 537 1373 dixit
555 1312 740 1396 Apostolus,
763 1320 882 1392 quanto
902 1309 934 1366 in
956 1327 1142 1389 quocunque

72 1399 177 1478 major
189 1406 261 1474 est,
282 1410 369 1458 tanto
395 1397 506 1457 melior
528 1410 591 1473 est,
614 1401 646 1455 in
668 1416 732 1476 quo
756 1406 809 1455 est.
855 1392 932 1451 Cum
957 1393 1037 1450 enim
1058 1390 1317 1490 quanqum

72 1472 172 1556 ritur,
196 1496 302 1540 utrum
325 1480 457 1562 quisque
479 1483 519 1541 sit
540 1480 635 1541 homo
657 1479 860 1551 bonus,·non
883 1477 1044 1557 quaeritur,
1065 1473 1141 1555 quid
1154 1455 1317 1530 illusa-ia.

71 1564 180 1624 credat
208 1578 262 1624 ant
298 1577 422 1647 speret,
459 1565 513 1625 sed
534 1565 612 1646 quid
633 1576 721 1625 amet.
745 1561 839 1621 *Nam
871 1562 924 1641 qui
949 1571 1141 1632 recteamat,
1155 1541 1316 1629 ffssdlfflsslfi!

70 1647 187 1732 procul
219 1647 315 1707 dubio
345 1660 427 1710 recte
449 1649 549 1710 credit
586 1660 618 1710 et
639 1658 757 1733 sperat:
794 1647 847 1727 qui
870 1665 943 1704 vero
966 1665 1030 1704 non
1051 1644 1185 1719 amat,“·

71 1733 207 1790 inaniter
240 1732 357 1808 credit,
385 1736 500 1794 etiamsi
528 1746 602 1794 sunt
625 1754 718 1809 vera,
751 1749 830 1812 quae
852 1728 960 1788 eredit.
1003 1729 1142 1788 Inaniter
1204 1761 1206 1765 ·
1257 1742 1261 1753 '

72 1826 194 1894 sperat,
228 1818 344 1876 etiamsi
367 1817 526 1879 adseram
566 1817 742 1879 felicitatem
774 1814 947 1875 doceantur
973 1815 1140 1896 pertinere,

71 1917 154 1979 quae
175 1913 297 1979 sperat,
321 1903 379 1961 nisi
396 1914 426 1963 et
442 1902 505 1963 hoc
527 1902 636 1966 credat
649 1922 685 1963 ac
702 1911 820 1986 speret,
844 1896 932 1980 quod
955 1896 1015 1958 sibi
1030 1909 1141 1981 peten-

67 1981 224 2042 tidonari
247 1989 365 2064 possit,
399 1998 435 2046 ut
455 1997 544 2046 amet.
1244 2042 1248 2047 .

151 2078 180 2132 6.
225 2067 329 2127 ITEM
349 2090 439 2129 serm.
462 2082 511 2139 ⁶3.
536 2069 576 2130 de
596 2082 712 2152 temp:
733 2068 852 2130 Caritas
870 2067 1008 2127 omnium
1026 2075 1139 2125 arxest
1172 2080 1285 2123 effluit·
1334 2128 1338 2145 ι

65 2148 236 2228 viantum,
271 2155 437 2221 promissio
461 2156 572 2238 regni,
593 2156 763 2238 praemium
793 2162 1140 2213 summumsanctorum
1172 2134 1232 2173 ¹⁸⁰⁸·

65 2233 223 2308 incaelo,
257 2239 330 2317 quia
352 2241 383 2296 in
406 2241 534 2317 perenni
557 2239 672 2322 gaudio
696 2238 774 2298 nihil
795 2240 934 2320 gratius,
955 2234 1033 2295 nihil
1068 2233 1151 2307 dul„

64 2319 132 2376 cius
175 2317 290 2378 habeut
326 2324 424 2380 sancti
464 2323 605 2402 perlecto
645 2343 749 2383 amore
784 2323 852 2380 Dei.
925 2320 1026 2395 Quem
1063 2319 1139 2400 quia

61 2413 256 2481 praesentem
288 2403 411 2472 vident,
444 2406 568 2463 suavius
599 2405 750 2486 diligunt,
783 2418 814 2463 et
844 2402 964 2462 dulcius
988 2404 1138 2463 fruuntur

64 2488 136 2562 ipso
160 2480 256 2543 bono.
299 2484 337 2542 In
360 2485 503 2544 omnibus
525 2490 696 2568 praeceptis
710 2488 768 2544 Dei
784 2489 893 2545 caritas
913 2486 1034 2546 obtinet
1046 2489 1137 2569 prin·

64 2567 220 2645 eipatum,
255 2567 319 2626 sine
349 2568 440 2647 cujus
470 2569 664 2650 perfectione
693 2568 771 2628 nihil
803 2570 871 2628 Deo
892 2568 1014 2648 placere
1033 2590 1135 2649 posse,

59 2648 179 2710 Paulas
200 2648 373 2732 Apostolus
401 2663 555 2727 testetur,
591 2655 666 2734 quia
686 2674 742 2713 nec
763 2654 967 2727 martyrium,
990 2672 1046 2712 nec
1066 2672 1134 2712 sae·
1144 2689 1165 2727 1,
1176 2683 1228 2723 00,
1245 2689 1277 2726 43,
1295 2689 1307 2726 2

60 2732 126 2793 culi
142 2745 375 2816 contemptum,
401 2757 458 2797 nec
470 2736 723 2799 eleemosinarum
743 2734 936 2820 largitionem
959 2735 1026 2796 sine
1053 2738 1196 2797 cari-’⁸
1211 2737 1286 2784 '‘l-¹*

60 2817 134 2884 tatis
164 2817 273 2880 officio
293 2820 463 2902 quidquam
490 2818 645 2905 proficere
665 2842 757 2906 posse
782 2821 927 2887 ostendit.

144 2913 174 2969 7.
217 2901 475 2966 AUGUSTINUS
509 2907 543 2967 1.
565 2905 635 2969 XV.
666 2907 705 2967 de
731 2907 817 2967 Trin.
851 2927 877 2965 c.
904 2918 968 2972 18.:
1003 2900 1132 2962 Nullum
1169 2921 1308 2962 exsertantia

60 2996 106 3044 est
127 2986 189 3045 isto
210 2987 270 3057 Dei
291 2988 377 3048 dono
398 2989 603 3052 excellentius.
659 2992 768 3052 Solum
795 3004 861 3065 est,
896 2987 984 3072 quod
1018 2987 1131 3049 dividit
1142 2971 1266 3061 fflfssfi
1279 2982 1306 3012 ‘⁸

58 3069 141 3128 inter
162 3066 245 3131 filios
274 3074 360 3155 regni
393 3085 425 3135 et
455 3072 537 3137 filios
557 3076 743 3158 perditionis
762 3088 910 3138 aeternae.
954 3074 1079 3133 Dantur
1100 3085 1131 3135 et

57 3151 118 3213 alia
148 3157 369 3239 perspiritum
396 3172 537 3219 sanctum
554 3181 706 3238 munera,
740 3160 798 3222 sed¹
816 3162 881 3220 siue
903 3159 1030 3218 caritate
1052 3154 1131 3216 nihil

58 3250 201 3317 prosunt.
256 3239 323 3300 Nisi
358 3263 433 3325 ergo
466 3255 585 3303 tantum
627 3248 823 3327 impertiatur
860 3245 971 3324 cuique
996 3241 1131 3324 Spiritus

56 3334 201 3398 sauctus,
223 3336 259 3384 ut
280 3345 348 3384 eum
363 3326 423 3387 Dei
440 3340 472 3388 et
491 3329 624 3410 proximi
647 3329 742 3390 iaciat
763 3340 947 3402 amatorem,
970 3347 987 3387 a
1006 3325 1131 3386 sinistra
1156 3326 1158 3333 '

55 3408 330 3468 non.transfertnr
353 3409 394 3469 ad
415 3410 578 3474 dexteram.
630 3412 693 3472 Nec
712 3417 841 3495 spiritus
861 3413 993 3495 proprie
1014 3409 1131 3470 dieitur

55 3486 193 3565 donum,
234 3494 293 3551 nisi
328 3508 461 3576 propter
482 3495 695 3557 dllectionem:
725 3519 818 3579 quam
847 3499 902 3578 qui
924 3517 987 3555 non
1009 3493 1130 3554 habue-

54 3577 111 3643 111,
135 3575 161 3632 si
183 3573 296 3658 linguis
319 3576 478 3637 hominum
502 3580 651 3662 loquatur
666 3594 696 3641 et
716 3582 913 3665 angelorum,
946 3599 1058 3638 sonans
1078 3570 1250 3637 ae-¹⁰⁰'·¹³v
1268 3580 1288 3616 ¹·

54 3669 228 3718 ramentum
260 3673 306 3720 est
332 3674 362 3722 et
381 3662 554 3737 cymbalum
588 3667 729 3725 tinniens.
773 3667 861 3725 Etsi
881 3662 1027 3722 habuerit
1050 3682 1129 3744 pro·

53 3738 214 3881 phetiam,
252 3757 283 3803 et
308 3748 413 3806 scierit
438 3753 538 3808 omnia
567 3761 754 3809 sacramenta
773 3762 831 3809 etc.
875 3749 1034 3823 Quantum
1052 3766 1126 3833 ergo

78 3845 172 3884 01111111
205 3839 269 3903 est,
308 3835 373 3888 siue
393 3852 465 3912 ,quo
494 3835 534 3892 ad
558 3846 710 3893 aeternam
749 3837 841 3892 vitam
876 3835 1023 3890 neminem
1044 3828 1128 3890 bona

52 3919 140 3969 tanta
170 3909 374 3992 perducunt?
415 3915 485 3996 Ipsa
512 3938 586 3977 aero
621 3917 749 3978 dilectio
771 3920 833 3977 sive
850 3918 978 3989 caritas,
1000 3936 1069 3974 nana
1089 3935 1129 3973 u-

50 3992 120 4050 nius
142 3996 187 4052 rei
213 4007 258 4054 est
275 4009 443 4079 utrumque
462 4022 595 4075 nomen,
628 4004 653 4060 si
676 4001 788 4062 habeat
811 4024 897 4071 earn,
920 4001 972 4080 qui
998 4019 1061 4058 nou
1079 3997 1129 4056 lo-

51 4076 159 4153 ‘luimf
192 4076 322 4162 linguis,
352 4104 408 4141 uec
439 4083 533 4145 habet
556 4085 772 4168 prophetiam,
793 4108 848 4146 nec
875 4085 977 4144 omnia
1000 4085 1058 4143 scit
1079 4103 1129 4141 sa·

50 4173 222 4236 “sammaa
256 4183 439 4248 omnemque
471 4170 647 4245 seientiam,
679 4190 736 4230 nec
759 4169 920 4229 distribuit
951 4169 1053 4226 omnia
1074 4184 1129 4224 sua

51 4245 269 4326 P⁸l¹ll⁸flbu⁸s
300 4249 350 4310 vel
384 4269 449 4312 non
474 4251 641 4330 habendo,
673 4253 762 4336 quod
784 4252 975 4327 distribuat,
998 4249 1046 4310 vel
1070 4248 1130 4321 ali-
