2768 4762
293 364 371 435 lae
517 360 1133 449 assaturae-’mun

373 542 468 607 Luc.
491 547 534 609 h:
556 546 702 631 Respexit
722 548 927 613 humilitatem
946 556 1074 618 ancillae
1085 578 1176 620 suae:
1203 572 1369 632 eccecnim

279 656 325 712 ‘ex
356 649 419 715 hoe
449 654 570 718 beatam
591 678 640 719 me
663 656 769 719 dicent
789 679 893 722 omnes
919 664 1140 747 generationes.
1185 667 1268 743 Quia
1288 673 1367 738 fecit

281 757 365 820 mihi
385 782 510 847 magna,
538 768 593 848 qni
621 776 813 851 potensest.
849 762 853 773 '
950 776 954 784 '

372 868 485 933 Cant.
505 870 581 939 Nn
614 872 696 933 Tota
725 864 859 956 pulchra
889 891 921 931 es
948 873 1045 933 amica
1067 896 1152 955 mea,
1185 892 1216 941 et
1239 889 1360 950 macula

285 995 352 1037 non
371 990 418 1039 est
440 979 472 1038 iu
498 991 538 1041 te.

295 1095 299 1111 ⁸
328 1082 331 1089 '
369 1082 474 1145 Esai.
503 1084 579 1145 XLe
601 1083 790 1168 Egredietur
808 1087 895 1171 virga
921 1086 960 1146 de
978 1087 1082 1148 radice
1109 1090 1214 1168 lesse,
1247 1107 1279 1159 et
1301 1099 1359 1164 flos

217 1178 221 1185 ’
286 1188 326 1249 de
344 1188 449 1252 radice
472 1192 535 1253 eius
561 1192 713 1254 ascendet
757 1193 799 1253 Et
835 1195 1008 1275 requiescet
1028 1216 1123 1277 snper
1144 1216 1210 1258 eam
1225 1180 1356 1286 spiritns

283 1297 431 1375 Domini,
448 1300 589 1383 spiritus
598 1302 765 1383 sapientiae
789 1310 822 1360 et
839 1299 1012 1362 intellectus
1035 1314 1094 1368 etc.

365 1405 477 1466 Joan.
499 1405 592 1468 XV.=
625 1407 694 1492 Ego
728 1427 795 1467 surn
816 1407 903 1483 ritis,
932 1428 987 1469 vos
1009 1409 1158 1491 palmites.
1204 1415 1268 1492 Qui
1289 1440 1356 1482 ma.

279 1523 334 1575 net
353 1516 387 1573 iu
407 1533 479 1590 me,
505 1524 537 1574 et
557 1533 616 1601 ego
636 1516 669 1574 in
692 1534 753 1590 eo,
775 1510 827 1574 hic
851 1514 913 1575 fert
925 1519 1070 1577 'fructum
1091 1517 1243 1586 multum:
1278 1529 1355 1609 quia

276 1620 343 1680 siue
361 1640 411 1680 me
432 1618 512 1680 nihil
533 1621 663 1705 potestis
685 1621 796 1683 lacere.

359 1726 452 1789 Luc.
475 1726 554 1788 XL:
576 1728 706 1789 Factum
723 1740 769 1789 est
790 1740 913 1806 autem,
947 1750 1016 1789 cum
1038 1728 1114 1813 haec
1137 1731 1274 1812 diceret,
1296 1759 1350 1798 ex-

276 1833 389 1898 tollens
409 1854 518 1896 vocem
540 1830 690 1916 quaedam
711 1833 823 1895 mulier
843 1835 881 1895 de
902 1834 1019 1911 turba,
1041 1837 1117 1899 dixit
1142 1839 1210 1899 illi:
1235 1842 1347 1906 Beatus

272 1956 402 2020 venter,
435 1944 488 2025 qui
519 1954 550 2003 te
581 1943 734 2025 portavit,
777 1954 808 2001 et
829 1942 943 2020 ubera,
973 1965 1053 2027 qnae
1074 1949 1188 2007 suxisti.
1233 1951 1275 2011 At
1296 1951 1348 2013 ille

277 2048 370 2111 dixit:
393 2048 611 2126 Quinimmo:
632 2048 737 2129 Beati,
759 2049 815 2130 qui
836 2043 968 2111 audiunt
988 2050 1116 2113 verbum
1135 2053 1205 2131 Dci,
1240 2070 1272 2119 et
1292 2078 1352 2120 cu·

275 2156 418 2219 stodiunt
443 2154 533 2217 illud.
880 2228 883 2233 .
1241 2165 1247 2179 “

359 2264 479 2331 Cant.
498 2264 557 2327 lla
590 2264 678 2328 Sicut
712 2260 919 2326 liliuminter
947 2267 1071 2351 spinas,
1091 2269 1137 2330 sic
1157 2271 1258 2332 amica
1276 2295 1347 2337 mea

273 2373 355 2435 iuter
381 2371 471 2437 filias

369 2676 375 2691 ι
618 2590 645 2653 Ρ
686 2586 716 2649 A
755 2588 783 2650 Τ
823 2589 850 2649 R
893 2587 921 2650 Ε
962 2590 995 2653 S.

113 2799 253 2849 mm,
341 2700 380 2813 Ι1.
403 2745 440 2807 Α.
482 2727 676 2809 ANDIlEhS
707 2745 864 2808 Hierosol.
895 2748 926 2807 in
953 2747 1043 2812 salut.
1065 2769 1150 2835 auga
1183 2750 1268 2831 Ave,
1292 2757 1340 2814 in.

90 2853 252 2896 erenstein
267 2834 354 2913 quit,
376 2834 474 2917 gratia
497 2832 603 2917 plener
625 2833 777 2893 Dominus
799 2842 907 2891 tecum.
951 2830 1014 2908 Qui
1037 2847 1083 2894 est
1104 2848 1174 2897 aute
1195 2849 1244 2915 te,
1277 2837 1341 2899 ho-

266 2917 316 2978 die
338 2930 440 2979 tecum
462 2930 524 2997 est,
550 2931 581 2978 et
601 2917 697 3000 paulo
720 2927 792 3000 post
814 2918 873 2976 erit
895 2938 929 2976 cx
952 2929 991 2977 te.
1042 2918 1126 2979 Illud
1149 2922 1273 3002 quidem
1296 2923 1335 2983 ab

265 3004 349 3063 omni
380 3007 579 3078 aeternitate,
619 3001 681 3062 hoe
712 3013 812 3061 autem
843 3003 876 3059 io
909 3014 1058 3083 tempore.
1110 3005 1137 3064 Ο
1161 3008 1335 3067 immensam

264 3085 499 3164 humanitatem,
531 3108 551 3147 o
574 3085 793 3170 benignitatem
815 3085 1037 3148 incredibilem.
1089 3089 1160 3149 Non
1182 3090 1242 3151 suit
1264 3095 1335 3151 satis

264 3172 410 3255 gaudium
427 3162 602 3249 indicasse,
623 3173 683 3231 nisi
704 3173 807 3254 ipsum
828 3171 930 3254 gaudii
954 3183 1111 3231 auctorem
1137 3175 1235 3234 inesse
1258 3173 1334 3233 Vir-

209 3283 211 3287 ⁴
263 3258 325 3336 gini
359 3255 554 3339 significaret.
608 3254 692 3315 Illud
715 3257 816 3315 enim:
850 3255 1001 3315 Dominus
1024 3266 1145 3329 tecum,
1166 3261 1334 3341 perspicue

260 3340 351 3424 Regis
376 3344 579 3425 praesentiam
597 3340 752 3417 declarat,
777 3343 831 3422 qui
853 3343 897 3399 sic
920 3361 954 3399 cx
980 3342 1047 3421 ipsa
1066 3360 1183 3423 corpus
1205 3344 1334 3402 assumit

258 3424 447 3504 humanum,
481 3440 517 3488 ut
550 3447 567 3486 a
595 3429 726 3509 propria
754 3425 854 3508 gloria
885 3445 948 3486 non
970 3422 1103 3485 recedat.
1147 3422 1212 3486 Are
1233 3430 1332 3510 gratia

256 3509 369 3592 plena,
393 3512 546 3573 Dominus
570 3523 680 3573 tecum.
709 3510 834 3569 .Gaude
856 3506 991 3568 laetitiae
1013 3512 1261 3586 instrumentum,
1273 3532 1332 3593 per

257 3595 346 3676 qnod
374 3598 471 3667 tristis
502 3598 701 3656 execrationis
737 3595 885 3655 sententia
912 3595 944 3652 in
968 3591 1081 3652 laetum
1114 3594 1219 3677 gaudii
1240 3596 1331 3677 judi-

257 3682 339 3739 cium
370 3693 585 3741 commutatur.
642 3679 752 3739 Gaude
782 3698 853 3737 vere
888 3675 1073 3752 benedicta,
1110 3678 1210 3762 gaude
1238 3682 1329 3742 virno

79 3784 243 3846 aeternna.
255 3764 522 3846 praeclarissima,
544 3764 641 3846 gaude
663 3765 890 3825 ornatissimum
908 3762 1029 3822 divinae
1038 3761 1158 3845 gloriae
1168 3746 1330 3846 templum.

77 3833 156 3927 ξῖζῧ·
174 3847 242 3889 '¹¹⁸¹'
256 3850 366 3910 Gaude
386 3862 615 3909 sacrosanctum
639 3851 719 3931 regis
741 3847 908 3930 palatium,
930 3847 1030 3932 gaude
1051 3846 1194 3923 thelame,
1216 3870 1329 3931 inquo

93 3970 231 4062 ,ww
254 3933 328 4079 sib}J
337 3933 480 4077 Christps
501 3932 722 4079 humanitattem
744 3953 887 4078 spGonsadm
907 3933 1046 4076 agjunxit
1098 3932 1207 4076 Gatudc
1225 3932 1329 4076 Electa

77 4034 136 4080 9⁰?
138 4035 226 4065 ¹¹¹¹¹¹
252 4038 268 4078 a
331 4039 368 4080 eo
403 4037 472 4077 ane
495 4038 565 4078 uam
622 4040 712 4078 eura.
805 4038 884 4078 aue
950 4038 1064 4077 ternum
1102 4037 1184 4076 ruer
1257 4040 1328 4078 cum

74 4082 112 4159 lli
124 4074 239 4167 litfrid:
251 4114 344 4184 atque
376 4040 516 4162 homidlrs
550 4041 775 4165 conhiliationis
808 4103 993 4186 perfugium.
1049 4101 1158 4162 Gaude
1180 4101 1329 4163 thesaure

70 4180 123 4211 ''⁶'‘
249 4188 329 4247 vitae
360 4186 558 4265 immortalis,
593 4187 690 4272 gaude
712 4187 846 4264 caelum,
870 4188 901 4245 iu
923 4207 987 4269 quo
1007 4186 1054 4247 sol
1077 4184 1196 4269 gloriae
1217 4188 1327 4270 splen-

249 4270 317 4337 det:
358 4270 551 4335 domicilium
572 4273 658 4335 caeln
690 4272 906 4357 praestantius.
948 4270 1057 4333 Gaude
1079 4273 1206 4333 unicum
1226 4272 1325 4350 illius,
