2768 4762
459 410 852 480 SYMBOLo..
1118 422 1172 497 ῃ

102 602 167 665 lieri
193 600 333 686 imaginis
363 597 421 662 filii
440 600 504 682 sui,
543 611 581 663 nt
603 600 669 686 ipse
691 600 734 660 sit
760 598 983 685 primogenitus
1007 602 1040 665 in
1065 604 1171 670 n'tultis

103 708 264 773 ἱηπῶω.

491 889 763 955 PATREs

103 1050 106 1055 .
187 1062 216 1120 1·
239 1047 276 1109 A·
320 1046 548 1111 CONOELIUM
568 1046 683 1131 Epiros.
702 1066 769 1107 can.
790 1046 898 1109 xm.=
927 1049 1000 1113 Non
1026 1000 1175 1131 dicimus:

102 1134 190 1219 qnod
217 1135 277 1195 Dei
310 1146 422 1194 natura
458 1154 606 1194 conversa
637 1129 685 1191 rel
721 1133 879 1192 immutata
910 1131 991 1197 faeta
1020 1138 1061 1198 sit
1076 1158 1169 1199 caro:

101 1242 159 1281 nce
177 1218 265 1303 quod
291 1218 322 1277 in
351 1230 451 1279 totum
474 1216 650 1287 bominem,
676 1217 730 1296 qui
759 1226 805 1277 est
830 1235 864 1275 ex
887 1219 986 1287 anima
1002 1230 1033 1277 et
1055 1240 1173 1303 corpo·

100 1326 156 1377 rc,
179 1301 399 1365 transformata
416 1302 477 1361 sit:
499 1302 554 1363 sed
579 1299 657 1361 illud
679 1300 783 1381 magis,
807 1298 894 1379 quod
919 1321 1040 1361 carnem
1059 1305 1174 1365 animo-

99 1400 164 1451 tam
187 1389 286 1449 anima
310 1384 455 1447 rationali
477 1383 537 1444 sibi
560 1382 754 1465 copulaverit
766 1379 908 1443 Verbum
931 1384 1174 1448 substantialiter

100 1484 132 1533 ct
165 1469 362 1533 ineffabiliter
396 1480 428 1529 et
458 1463 782 1549 indeprehensibiliter
818 1466 919 1527 factos
939 1471 979 1530 sit
1009 1467 1123 1545 bomo,
1144 1481 1175 1530 et

102 1577 209 1615 nuncu
234 1568 303 1614 atus
319 1554 361 1613 sit
383 1556 474 1613 etiam
499 1549 584 1611 lilius
604 1550 753 1624 hominis,
791 1569 855 1609 nou
882 1550 966 1611 raudo
989 1563 1176 1614 tantummo-

103 1639 148 1700 do
166 1576 343 1709 volirntatc,
365 1635 419 1696 sed
439 1656 495 1694 nec
516 1634 724 1716 assumptione
741 1630 807 1693 sola
825 1653 989 1716 personae,
1013 1634 1067 1694 sed
1088 1636 1175 1718 qnod

105 1723 245 1782 diversae
258 1718 384 1801 quidem
405 1731 533 1779 naturae
549 1720 579 1777 in
603 1740 697 1777 arnum
725 1719 933 1778 convenerint.
977 1720 1061 1779 Unus
1075 1726 1175 1779 tabreu

107 1824 143 1863 ex
161 1801 308 1863 ambabus
325 1803 466 1863 Christus
490 1815 521 1863 et
538 1800 639 1878 filius,
664 1821 726 1861 non
743 1813 886 1861 evacuata
906 1815 960 1862 aut
985 1801 1106 1865 sublata
1125 1802 1175 1863 di-

105 1890 248 1947 versitate
279 1901 457 1948 naturarum
478 1908 536 1969 per
557 1888 803 1967 conjectionem,
825 1884 880 1945 sed
911 1889 985 1968 quia
1007 1887 1099 1947 simul
1114 1908 1175 1949 no·
1226 1944 1230 1951 .

103 1971 154 2031 bis
183 1970 349 2031 effecerunt
374 1992 469 2031 unum
495 1970 665 2031 Dominum
700 1981 732 2030 et
753 1968 912 2030 Christum
946 1984 977 2032 et
1002 1969 1117 2049 filium,
1140 1972 1174 2033 id

102 2066 168 2131 est,
190 2054 330 2115 divinitas
349 2068 380 2116 ct
398 2054 586 2134 humanitas,
607 2076 665 2139 per
677 2053 1172 2139 arcanamillamineilabilemque

102 2138 329 2223 copulationem
355 2139 394 2199 atl
416 2142 572 2200 unitatem.
618 2148 627 2161 “

184 2237 214 2290 2.
236 2222 526 2299 lllERONYMUS,
561 2228 593 2284 in
618 2221 672 2281 lib.
699 2221 767 2282 adr.
792 2220 930 2284 Helvia:
964 2244 999 2285 ex
1025 2223 1170 2307 professo

101 2310 222 2393 egregie
246 2306 387 2367 defendit
400 2309 604 2391 virginitatem
622 2320 805 2389 perpetuam
824 2306 932 2369 beatae
949 2310 1074 2370 Mariae.
1251 2376 1256 2384 ,

188 2404 218 2458 ὅ.
256 2390 490 2450 Aatltuosto's
531 2393 619 2472 epist
649 2390 791 2449 Lxxxl.
820 2390 859 2451 ad
884 2392 1007 2467 Syrie:
1041 2392 1103 2455 Sed
1130 2392 1170 2455 de
1192 2430 1327 2473 Masta·

99 2479 151 2537 via
171 2475 380 2557 perversitatis
398 2472 579 2553 produntur
600 2472 721 2529 dicere:
746 2470 844 2554 Virgo
866 2478 1019 2555 concepit,
1040 2476 1169 2539 sednon
1197 2478 1330 2533 virginitate

99 2564 193 2643 virgo
224 2557 388 2640 generavit.
439 2558 526 2615 Duae
548 2556 655 2637 potuit
679 2574 754 2637 ergo
776 2557 865 2637 virgo
902 2559 1087 2637 concipere,
1108 2580 1169 2643 po·
1208 2534 1327 2583 ’mm'

101 2644 165 2705 tuit
189 2642 277 2724 virgo
299 2657 466 2722 generare,
489 2658 561 2698 cum
577 2657 697 2721 semper
722 2649 890 2721 conceptus
910 2640 1083 2723 praecedat,
1094 2663 1170 2725 par·

101 2741 154 2789 tus
185 2736 343 2808 sequatur.
387 2720 447 2783 Sed
478 2724 503 2783 si
524 2721 675 2783 doctrinis
710 2742 773 2783 non
798 2720 938 2784 creditur
962 2723 1169 2803 sacerdotum,

103 2810 251 2875 credatur
275 2805 411 2870 oraculis
437 2806 571 2883 Christi,
590 2807 736 2868 credatur
759 2810 884 2868 monitis
911 2807 1092 2891 angelorum
1120 2808 1171 2869 di·

105 2898 260 2957 centium:
283 2895 366 2969 Quia
385 2912 448 2952 non
471 2905 516 2952 cst
541 2891 730 2975 impossibile
745 2893 814 2953 Deo
834 2912 922 2954 omne
933 2891 1071 2954 verbum.
1094 2893 1171 2955 Cre·

105 2980 197 3041 datur
220 2976 364 3055 symbolo
388 2976 631 3059 Apostolorum,
666 2976 752 3057 quod
783 2974 920 3037 Ecclesia
939 2976 1076 3039 Romana
1089 2980 1170 3040 inte·

102 3076 252 3125 meretum
281 3081 403 3144 semper
430 3059 571 3121 custodit
595 3072 626 3122 et
648 3071 757 3121 seruat.
799 3059 930 3121 audivit
943 3062 1041 3122 Maria
1061 3083 1168 3124 vocem

103 3147 235 3233 langob,
255 3158 286 3207 et
309 3164 387 3229 quae
401 3159 472 3207 ante
491 3144 627 3222 dixerat3
648 3146 819 3221 Quomodo
839 3142 894 3207 srct
908 3144 1008 3207 istud?
1039 3167 1104 3209 non
1128 3147 1168 3208 de

103 3230 168 3294 lide
181 3232 385 3315 generationis
400 3232 610 3313 interrogans,
632 3228 794 3312 respondit
815 3242 942 3312 postea:
963 3228 1046 3293 Ecce
1069 3229 1168 3292 ancil·

103 3315 136 3378 la
161 3316 301 3393 Domini,
332 3318 491 3399 contingat
508 3313 584 3373 mihi
608 3313 775 3373 secundum
796 3314 925 3373 verbnm
943 3326 1042 3382 tunm.
1084 3316 1167 3377 llaec
1177 3318 1268 3373 ¹⁸¹4·
1286 3324 1317 3364 ¹⁸·

104 3412 153 3463 est
169 3400 276 3484 virgo,
298 3419 377 3482 quae
401 3402 433 3459 iu
454 3412 544 3459 ntcro
572 3397 735 3479 concepit,
771 3400 859 3483 virgo
882 3420 960 3480 quac
980 3402 1102 3483 peperit
1127 3394 1171 3461 fi·

102 3486 189 3547 lium.
232 3482 283 3543 Sic
303 3486 382 3543 cuim
402 3485 553 3566 scripturn
576 3494 630 3544 est.
651 3482 732 3541 Eece
755 3483 842 3566 virgo
867 3484 899 3541 in
922 3494 1013 3544 utero
1036 3486 1167 3569 accipiet

103 3582 136 3632 et
154 3568 255 3651 pariet
273 3566 379 3627 iilinm.
422 3568 492 3628 Non
515 3569 595 3627 eninr
615 3578 834 3648 concepturam
866 3568 1082 3630 tantummodo
1101 3570 1167 3630 rir-

124 3658 226 3732 inem‚
252 3653 308 3715 sed
336 3665 367 3715 et
389 3655 558 3738 parituram
590 3654 738 3735 virginem
762 3651 846 3711 «lixit.
889 3651 978 3728 Quae
997 3666 1099 3713 autem
1120 3663 1167 3714 eat

103 3678 157 3800 dia
177 3750 270 3823 porta
288 3739 470 3814 sanctuarii,
501 3735 555 3797 illa
577 3736 710 3797 exterior
734 3735 774 3796 ad
801 3733 978 3813 Orientem,
1001 3757 1081 3819 quae
1101 3757 1168 3797 ma-

103 3834 157 3885 net
175 3822 297 3900 clausa,
327 3833 358 3883 et
387 3842 497 3897 nemo,
526 3823 646 3903 inquit,
679 3818 880 3902 pertransibit
909 3840 1074 3903 peream,
1104 3822 1165 3882 nisi

99 3906 186 3969 solus
197 3907 285 3969 Dens
295 3906 392 3968 Israel
405 3907 418 3966 l
432 3906 542 3967 Nonne
559 3918 604 3967 est
628 3905 703 3965 baec
718 3918 811 3986 porta
824 3904 932 3981 illaria,
955 3926 1117 3988 perquam
1131 3906 1163 3967 in

101 3990 189 4053 bunc
212 3988 362 4053 mundum
388 3990 566 4073 redemptor
596 3986 744 4051 intravit?
796 3988 879 4050 Haec
898 4002 991 4072 porta
1014 3990 1162 4070 justitiae,

101 4078 267 4161 sicutipse
291 4076 387 4137 dixit:
410 4076 484 4136 Sine
506 4094 564 4136 nos
583 4072 710 4157 implere
734 4092 854 4135 omnem
876 4074 1036 4154 justitiam.
1078 4076 1162 4135 llaec
1172 4096 1337 4159 mum-,4

100 4174 196 4243 porta
222 4173 270 4223 est
290 4160 380 4223 beata
404 4160 523 4234 illaria,
557 4158 596 4219 de
620 4179 681 4242 qua
705 4162 856 4241 scriptum
872 4171 935 4231 est,
958 4161 1032 4241 qnia
1050 4156 1162 4219 Domi-

100 4262 159 4305 nus
175 4242 379 4329 pertransibit
397 4265 454 4329 per
477 4264 563 4321 eant,
587 4255 617 4305 ct
642 4244 702 4305 crit
722 4240 823 4305 clausa
847 4254 1064 4328 postpartnm,
1087 4243 1161 4325 quia

1179 2793 1233 2835 bue.
1246 2801 1267 2841 t,
1280 2796 1313 2840 tt.

1176 3699 1300 3748 nocebit.
1319 3708 1342 3747 ⁸·
