2768 4762
430 403 767 499 §innota
1123 413 1187 485 3ι

152 604 183 662 a.
207 587 406 654 IGNA’I'IUS
433 591 565 675 epistola
595 591 636 655 ad
661 586 893 675 magnesianos:
935 585 1055 671 Dignos
1086 611 1143 651 nos

71 675 264 737 exhibeamus
291 690 508 757 cognomento,
535 676 624 759 quod
661 676 850 756 accepimus:
893 672 946 753 qui
982 676 1061 733 enim
1079 673 1141 736 alio
1155 694 1299 744 carantam.

70 765 193 823 nomine
216 781 254 842 ap
279 759 391 819 ellatur
414 774 536 842 praeter
552 761 648 839 istud,
671 759 724 821 laic
740 778 803 818 non
825 767 872 818 est
889 756 964 816 Ilei:
987 778 1051 818 non
1071 758 1303 841 ⁸¹¹⁸·iiiassf'm

68 847 144 929 cipit
170 781 369 927 proplietiam
391 843 484 922 illam,
515 866 595 929 quae
618 846 657 907 de
682 843 775 906 uobis
800 843 856 902 ait:
881 839 1058 903 Vocabitur
1079 863 1141 905 no·
1267 844 1269 853 ¹

66 933 147 991 mine
167 948 261 1002 noro,
286 949 350 1010 quo
375 929 526 993 Dominus
544 925 739 1015 nuncupabit
760 948 848 987 eum:
880 938 912 986 ct
929 929 990 987 erit
1001 928 1138 1012 populus
1150 950 1205 994 uu.
1215 951 1252 1004 aa,
1261 966 1280 1000 ι.

63 1028 200 1075 sauctus.
244 1011 339 1089 Quod
358 1025 389 1074 et
412 1012 571 1096 impletum
588 1026 635 1076 est
654 1015 756 1098 primo
769 1016 802 1071 in
815 1010 921 1087 Syria:
945 1015 1059 1072 namin
1073 1012 1141 1075 An·

63 1099 185 1160 tiochia
211 1096 367 1180 discipuli,
401 1096 567 1162 Christiani
590 1098 738 1187 appellati
763 1107 846 1176 suut,
864 1093 963 1158 Paulo
987 1108 1018 1159 et
1041 1096 1137 1162 Petro
1150 1124 1203 1176 aa„
1222 1146 1258 1186 ῃ,
1277 1146 1313 1194 ,7.

63 1182 236 1244 Ecclesiam
254 1180 466 1243 laudantibus.

148 1326 179 1382 ὅ.
201 1309 462 1375 AUGUS'IINUS
487 1312 593 1376 Tract
618 1311 730 1375 CXIII.
758 1313 791 1373 in
826 1310 936 1373 ioan:
978 1309 1016 1371 In
1047 1310 1305 1402 nega-§lrgfinn

64 1399 152 1461 tione
175 1396 322 1481 Apostoli
347 1398 448 1474 Petri,
470 1397 618 1459 debemus
634 1399 804 1473 advertere,
828 1414 894 1456 non
914 1392 1016 1455 solum
1039 1393 1078 1455 ab
1102 1416 1139 1456 eo
1152 1377 1316 1459 cherdicii·-

62 1484 172 1567 uegari
199 1482 367 1557 Christum,
391 1484 447 1563 qui
474 1482 554 1541 dicit
576 1501 644 1542 eum
667 1501 731 1541 non
754 1499 819 1541 esse
846 1478 1015 1554 Christum,
1036 1464 1198 1539 sedab⁸'¹‘

65 1566 123 1629 illo
148 1567 249 1642 etiam,
279 1566 333 1644 qui
354 1586 422 1625 eum
443 1567 493 1641 sit,
524 1577 616 1649 negat
639 1585 671 1625 se
697 1585 760 1625 esse
789 1561 1008 1624 Christianum.
1031 1561 1143 1622 Domi-

64 1671 126 1711 nus
154 1652 236 1709 enim
260 1666 325 1706 non
349 1649 392 1707 ait
411 1647 521 1724 Petro,
544 1647 738 1732 Discipulum
758 1668 859 1708 meum
881 1659 912 1707 te
931 1643 1073 1729 negabis:
1088 1644 1143 1707 scd

66 1754 118 1795 me
154 1730 299 1812 negabis:
335 1734 455 1815 negarit
489 1754 566 1818 ergo
598 1737 716 1818 ipsum,
763 1753 833 1795 cum
856 1752 889 1793 se
915 1736 1037 1815 negarit
1073 1730 1142 1812 ejus

70 1834 136 1877 esse
162 1810 356 1898 discipulum.

153 1955 183 2013 s.
201 1944 310 2005 ΙΒΕΜ
326 1945 422 2007 serm.
446 1945 614 2011 CLXXXI.
633 1945 770 2031 d.temp.
787 1940 900 2017 c.12.'
926 1943 1076 2028 Quisquis
1087 1943 1140 2007 ille
1152 1956 1315 2024 cirenem„
1349 1940 1358 1953 “

66 2039 123 2105 est,
150 2040 181 2089 et
222 2028 421 2116 ualiscunque
439 2032 493 2093 ille
522 2045 586 2096 ests
626 2030 821 2095 Christianus
853 2052 917 2094 non
939 2040 998 2109 est,
1023 2033 1078 2114 qui
1106 2024 1138 2091 iu
1151 2018 1316 2103 &hillidii

65 2111 184 2175 Christi
236 2114 429 2178 celerianum
448 2128 504 2180 est.
653 2132 656 2137 '
834 2160 841 2169 ·
1040 2164 1043 2169 -
1150 2107 1285 2153 ΜΝ·

818 2182 821 2187 .
1151 2161 1197 2198 m.

148 2212 530 2311 attaminandum.
560 2244 600 2309 nd
623 2244 714 2307 baur.
734 2266 805 2329 cap.
825 2258 875 2314 §.a
910 2245 1039 2309 Certum
1062 2262 1139 2325 ¹veru

65 2330 297 2413 propriumque
309 2326 381 2391 fidei
396 2331 566 2392 catholicae
578 2331 809 2393 fundamentum
818 2328 960 2393 Christus
974 2342 1029 2392 est.
1051 2328 1140 2391 Fun=

68 2412 243 2472 damentum
267 2415 346 2471 enim
373 2414 478 2490 aliud,
509 2414 745 2496 aithpostolns,
777 2434 868 2474 nemo
888 2427 994 2497 potest
1043 2434 1138 2475 onere

67 2508 196 2641 praeter
219 2495 253 2554 id
276 2494 364 2576 quod
383 2501 521 2578 positum
546 2509 603 2573 est,
627 2498 715 2577 quod
734 2508 780 2557 est
791 2498 989 2559 CHRISTUS
1007 2499 1024 2557 J
1055 2498 1136 2560 SUS.
1152 2522 1174 2552 ι.
1190 2511 1246 2555 coe.
1258 2520 1279 2560 ι

95 2601 177 2663 eque
197 2579 261 2641 boc
284 2580 356 2640 ideo
373 2581 546 2664 negandum
568 2593 616 2641 cst
633 2582 798 2664 proprium
818 2579 1050 2642 fundamentum
1074 2603 1138 2643 esse

68 2662 141 2725 iidei
163 2662 345 2741 catholicae,
367 2666 442 2745 quia
462 2668 566 2747 putari
591 2674 705 2748 potest,
727 2660 883 2747 aliquibus
901 2663 1062 2725 haereticis
1076 2664 1138 2726 hoc

70 2748 234 2811 nobiseum
259 2770 323 2809 esse
343 2771 512 2810 commune.
557 2749 590 2808 si
603 2770 681 2809 emm
700 2749 866 2833 diligenter
880 2769 961 2833 quae
974 2747 1140 2813 eafflltl-
1150 2800 1170 2840 „
1234 2802 1262 2816 ..

69 2833 180 2893 STUM
201 2835 368 2917 pertinent,
390 2837 579 2917 cogitentur:
600 2836 814 2895 nominetenus
827 2835 984 2895 iuvenitur
996 2832 1137 2893 Christus
1150 2808 1313 2896 n'i‘irlfilii
1345 2878 1358 2891 ..

70 2918 155 3001 apud
180 2915 337 2999 quoslibet
355 2917 538 2995 haereticos,
562 2920 616 3002 qui
631 2940 662 2980 sc
689 2918 881 2980 Christianos
897 2919 1003 2978 vocari
1017 2915 1139 2996 volunt,
1150 2910 1198 2940 '¹⁰²
1212 2906 1274 2943 ⁸⁸¹³·

71 3023 105 3062 re
128 3023 202 3062 vero
224 3005 289 3087 ipsa
316 3022 380 3064 non
405 3017 451 3064 est
473 3002 558 3086 apud
572 3023 633 3064 eos.
677 3001 774 3080 Quod
790 3000 951 3064 ostendere
967 3002 1057 3060 nimis
1067 3000 1140 3063 lou-

69 3108 144 3170 gum
175 3100 234 3164 est,
273 3089 419 3168 qnoniam
450 3086 732 3150 commemorandae
755 3099 827 3148 sunt
854 3107 960 3147 omues
988 3084 1138 3164 haereses,
1210 3114 1223 3143 ο

71 3174 138 3233 sire
161 3192 240 3251 qnae
259 3173 398 3249 fuerunt,
415 3174 478 3234 sire
492 3194 572 3254 qnae
593 3185 676 3250 sunt,
698 3174 762 3233 sire
781 3191 859 3254 quae
902 3181 1051 3231 otucruut
1075 3190 1139 3231 esse

73 3254 135 3316 snb
156 3254 308 3316 vocabulo
330 3255 520 3334 Christiano,
540 3269 573 3319 ct
592 3259 682 3319 etiam
707 3257 855 3339 quamsit
869 3191 933 3321 duc
945 3274 1061 3334 rerum,
1082 3273 1141 3339 per

71 3338 211 3423 singulas
234 3360 369 3423 quasque
385 3341 629 3403 monstrandum.

113 3554 120 3569 ι
152 3481 183 3537 8·
205 3468 512 3569 mammenus
540 3475 572 3533 ln
591 3470 675 3534 libro
699 3470 739 3534 de
763 3471 932 3556 pudicitia:
961 3469 1036 3533 Ovis
1062 3458 1313 3572 pro-ffssglssffiffzfli

70 3575 141 3698 pne
157 3553 358 3633 Christianus,
379 3568 411 3617 ct
424 3578 498 3642 grex
511 3557 637 3618 Domini
652 3558 807 3619 Ecclesiae
818 3558 967 3643 populus,
989 3567 1020 3615 et
1029 3567 1139 3637 pastor
1150 3560 1314 3601 ahmein...

96 3661 174 3700 onus
196 3637 355 3701 Christus:
376 3654 408 3702 et
431 3643 503 3704 ideo
525 3641 719 3705 Christianus
742 3663 807 3704 nou
832 3639 1061 3729 intelligendus,
1084 3639 1139 3721 qui
1150 3620 1217 3699 iili‘
1225 3609 1290 3651 ‘lm'

74 3722 112 3785 ab
134 3722 291 3785 Ecclesiae
316 3746 406 3811 grege
431 3727 629 3789 aberraverit

157 3868 187 3925 9,
199 3854 308 3916 IDEM
322 3857 353 3915 in
367 3854 437 3916 Lib.
450 3856 490 3918 de
500 3858 668 3941 proscript
682 3856 799 3919 advers.
811 3854 926 3919 haeret
949 3856 982 3917 si
994 3850 1141 3917 haeretici
1153 3841 1315 3943 ‘mim

74 3952 157 4017 sunt,
178 3939 346 4002 Christiani
370 3961 435 4001 esse
459 3962 523 4002 nou
545 3955 690 4026 possunt,
720 3961 823 4003 nona
845 3940 971 4004 Christo
997 3936 1141 3999 habendo
1154 3916 1290 3995 instarent.

73 4023 162 4108 quod
179 4024 286 4089 desua
298 4024 448 4091 electione
464 4030 582 4110 sectati,
596 4025 827 4091 haereticorum
838 4047 951 4093 nomeu
966 4024 1142 4091 admittunt.

941 4339 1008 4417 1.
