<?xml version="1.0" encoding="UTF-8"?>
<!DOCTYPE html PUBLIC "-//W3C//DTD XHTML 1.0 Transitional//EN"
    "http://www.w3.org/TR/xhtml1/DTD/xhtml1-transitional.dtd">
<html xmlns="http://www.w3.org/1999/xhtml" xml:lang="en" lang="en">
 <head>
  <title>
</title>
<meta http-equiv="Content-Type" content="text/html;charset=utf-8" />
  <meta name='ocr-system' content='tesseract 3.04.00' />
  <meta name='ocr-capabilities' content='ocr_page ocr_carea ocr_par ocr_line ocrx_word'/>
</head>
<body>
  <div class='ocr_page' id='page_1' title='image "./summadoctrinaec00kanigoog_0274.png"; bbox 0 0 2752 4770; ppageno 0'>
   <div class='ocr_carea' id='block_1_1' title="bbox 363 324 1090 471">
    <p class='ocr_par' dir='ltr' id='par_1_1' title="bbox 363 324 1090 471">
     <span class='ocr_line' id='line_1_1' title="bbox 363 324 1090 471; baseline -0.01 -44"><span class='ocrx_word' id='word_1_1' title='bbox 363 324 749 471; x_wconf 65' lang='lat' dir='ltr'><strong>npcanono</strong></span> <span class='ocrx_word' id='word_1_2' title='bbox 1013 365 1090 463; x_wconf 54' lang='lat' dir='ltr'><strong>ms</strong></span> 
     </span>
    </p>
   </div>
   <div class='ocr_carea' id='block_1_2' title="bbox 299 490 812 669">
    <p class='ocr_par' dir='ltr' id='par_1_2' title="bbox 299 490 812 669">
     <span class='ocr_line' id='line_1_2' title="bbox 299 490 812 669; baseline -0.006 -44"><span class='ocrx_word' id='word_1_3' title='bbox 299 490 812 669; x_wconf 37' lang='lat' dir='ltr'><strong>nx-rsr&#39;nrans.</strong></span> 
     </span>
    </p>
   </div>
   <div class='ocr_carea' id='block_1_3' title="bbox 105 707 1209 797">
    <p class='ocr_par' dir='ltr' id='par_1_3' title="bbox 105 707 1209 797">
     <span class='ocr_line' id='line_1_3' title="bbox 105 707 1209 797; baseline -0.007 -8"><span class='ocrx_word' id='word_1_4' title='bbox 105 740 134 797; x_wconf 79' lang='lat'><strong>1.</strong></span> <span class='ocrx_word' id='word_1_5' title='bbox 156 723 194 787; x_wconf 80' lang='lat' dir='ltr'><strong>A.</strong></span> <span class='ocrx_word' id='word_1_6' title='bbox 237 721 477 786; x_wconf 82' lang='lat' dir='ltr'><strong>GREGORIUS</strong></span> <span class='ocrx_word' id='word_1_7' title='bbox 511 721 555 782; x_wconf 86' lang='lat' dir='ltr'><strong>M.</strong></span> <span class='ocrx_word' id='word_1_8' title='bbox 585 719 620 781; x_wconf 89' lang='lat' dir='ltr'><strong>L.</strong></span> <span class='ocrx_word' id='word_1_9' title='bbox 641 718 682 782; x_wconf 67' lang='lat' dir='ltr'><strong>E</strong></span> <span class='ocrx_word' id='word_1_10' title='bbox 704 717 816 783; x_wconf 86' lang='lat' dir='ltr'><strong>Moral.</strong></span> <span class='ocrx_word' id='word_1_11' title='bbox 843 718 876 781; x_wconf 92' lang='lat' dir='ltr'><strong>in</strong></span> <span class='ocrx_word' id='word_1_12' title='bbox 896 718 1017 783; x_wconf 81' lang='lat' dir='ltr'><strong>Iobc.</strong></span> <span class='ocrx_word' id='word_1_13' title='bbox 1038 720 1120 797; x_wconf 66' lang='lat' dir='ltr'><strong>eir,</strong></span> <span class='ocrx_word' id='word_1_14' title='bbox 1204 707 1209 729; x_wconf 69' lang='lat'>⁸</span> 
     </span>
    </p>
   </div>
   <div class='ocr_carea' id='block_1_4' title="bbox 15 805 1266 4355">
    <p class='ocr_par' dir='ltr' id='par_1_4' title="bbox 15 805 1259 2157">
     <span class='ocr_line' id='line_1_4' title="bbox 21 805 1090 891; baseline -0.006 -15"><span class='ocrx_word' id='word_1_15' title='bbox 21 814 77 878; x_wconf 89' lang='lat' dir='ltr'><strong>Dei</strong></span> <span class='ocrx_word' id='word_1_16' title='bbox 113 810 240 873; x_wconf 88' lang='lat' dir='ltr'><strong>dilectio</strong></span> <span class='ocrx_word' id='word_1_17' title='bbox 266 829 324 891; x_wconf 91' lang='lat' dir='ltr'><strong>per</strong></span> <span class='ocrx_word' id='word_1_18' title='bbox 347 815 406 867; x_wconf 91' lang='lat' dir='ltr'><strong>tria</strong></span> <span class='ocrx_word' id='word_1_19' title='bbox 432 805 651 889; x_wconf 80' lang='lat' dir='ltr'><strong>distinguitur:</strong></span> <span class='ocrx_word' id='word_1_20' title='bbox 685 817 903 887; x_wconf 77' lang='lat' dir='ltr'><strong>qu1a¹extoto</strong></span> <span class='ocrx_word' id='word_1_21' title='bbox 925 805 1036 885; x_wconf 90' lang='lat' dir='ltr'><strong>corde,</strong></span> <span class='ocrx_word' id='word_1_22' title='bbox 1059 819 1090 870; x_wconf 86' lang='lat' dir='ltr'><strong>et</strong></span> 
     </span>
     <span class='ocr_line' id='line_1_5' title="bbox 22 889 1088 974; baseline -0.008 -13"><span class='ocrx_word' id='word_1_23' title='bbox 22 921 53 961; x_wconf 84' lang='lat' dir='ltr'><strong>ex</strong></span> <span class='ocrx_word' id='word_1_24' title='bbox 79 910 148 959; x_wconf 87' lang='lat' dir='ltr'><strong>tota</strong></span> <span class='ocrx_word' id='word_1_25' title='bbox 176 896 297 969; x_wconf 88' lang='lat' dir='ltr'><strong>anima,</strong></span> <span class='ocrx_word' id='word_1_26' title='bbox 335 903 423 950; x_wconf 81' lang='lat' dir='ltr'><strong>etex</strong></span> <span class='ocrx_word' id='word_1_27' title='bbox 446 903 514 951; x_wconf 85' lang='lat' dir='ltr'><strong>tota</strong></span> <span class='ocrx_word' id='word_1_28' title='bbox 530 892 645 969; x_wconf 73' lang='lat' dir='ltr'><strong>virtute</strong></span> <span class='ocrx_word' id='word_1_29' title='bbox 667 889 753 974; x_wconf 81' lang='lat' dir='ltr'><strong>diligi</strong></span> <span class='ocrx_word' id='word_1_30' title='bbox 778 889 926 953; x_wconf 89' lang='lat' dir='ltr'><strong>eonditor</strong></span> <span class='ocrx_word' id='word_1_31' title='bbox 947 890 1088 974; x_wconf 86' lang='lat' dir='ltr'><strong>jubetur.</strong></span> 
     </span>
     <span class='ocr_line' id='line_1_6' title="bbox 22 973 1089 1061; baseline -0.006 -18"><span class='ocrx_word' id='word_1_32' title='bbox 22 986 89 1061; x_wconf 79' lang='lat' dir='ltr'><strong>Qua</strong></span> <span class='ocrx_word' id='word_1_33' title='bbox 114 982 205 1041; x_wconf 89' lang='lat' dir='ltr'><strong>inre</strong></span> <span class='ocrx_word' id='word_1_34' title='bbox 237 975 408 1039; x_wconf 84' lang='lat' dir='ltr'><strong>notandum</strong></span> <span class='ocrx_word' id='word_1_35' title='bbox 430 987 496 1051; x_wconf 87' lang='lat' dir='ltr'><strong>est,</strong></span> <span class='ocrx_word' id='word_1_36' title='bbox 531 973 617 1056; x_wconf 90' lang='lat' dir='ltr'><strong>quod</strong></span> <span class='ocrx_word' id='word_1_37' title='bbox 640 974 762 1034; x_wconf 86' lang='lat' dir='ltr'><strong>divinus</strong></span> <span class='ocrx_word' id='word_1_38' title='bbox 784 995 968 1036; x_wconf 73' lang='lat' dir='ltr'><strong>sermonum</strong></span> <span class='ocrx_word' id='word_1_39' title='bbox 987 977 1089 1037; x_wconf 89' lang='lat' dir='ltr'><strong>Deum</strong></span> 
     </span>
     <span class='ocr_line' id='line_1_7' title="bbox 22 1059 1090 1150; baseline -0.007 -22"><span class='ocrx_word' id='word_1_40' title='bbox 22 1067 106 1150; x_wconf 90' lang='lat' dir='ltr'><strong>diligi</strong></span> <span class='ocrx_word' id='word_1_41' title='bbox 132 1064 305 1150; x_wconf 76' lang='lat' dir='ltr'><strong>praecipit,</strong></span> <span class='ocrx_word' id='word_1_42' title='bbox 338 1081 401 1120; x_wconf 90' lang='lat' dir='ltr'><strong>non</strong></span> <span class='ocrx_word' id='word_1_43' title='bbox 435 1059 536 1119; x_wconf 89' lang='lat' dir='ltr'><strong>solum</strong></span> <span class='ocrx_word' id='word_1_44' title='bbox 561 1072 667 1118; x_wconf 87' lang='lat' dir='ltr'><strong>narrat</strong></span> <span class='ocrx_word' id='word_1_45' title='bbox 684 1079 719 1118; x_wconf 82' lang='lat' dir='ltr'><strong>ex</strong></span> <span class='ocrx_word' id='word_1_46' title='bbox 746 1078 826 1140; x_wconf 90' lang='lat' dir='ltr'><strong>qno,</strong></span> <span class='ocrx_word' id='word_1_47' title='bbox 848 1060 1014 1121; x_wconf 85' lang='lat' dir='ltr'><strong>sedetiam</strong></span> <span class='ocrx_word' id='word_1_48' title='bbox 1039 1063 1090 1121; x_wconf 90' lang='lat' dir='ltr'><strong>in-</strong></span> 
     </span>
     <span class='ocr_line' id='line_1_8' title="bbox 21 1143 1089 1229; baseline -0.007 -16"><span class='ocrx_word' id='word_1_49' title='bbox 21 1153 133 1213; x_wconf 84' lang='lat' dir='ltr'><strong>lormat</strong></span> <span class='ocrx_word' id='word_1_50' title='bbox 165 1169 200 1209; x_wconf 87' lang='lat' dir='ltr'><strong>ex</strong></span> <span class='ocrx_word' id='word_1_51' title='bbox 237 1156 379 1229; x_wconf 84' lang='lat' dir='ltr'><strong>quanto,</strong></span> <span class='ocrx_word' id='word_1_52' title='bbox 414 1165 484 1206; x_wconf 88' lang='lat' dir='ltr'><strong>eum</strong></span> <span class='ocrx_word' id='word_1_53' title='bbox 505 1143 689 1226; x_wconf 84' lang='lat' dir='ltr'><strong>subjungit,</strong></span> <span class='ocrx_word' id='word_1_54' title='bbox 724 1163 760 1202; x_wconf 86' lang='lat' dir='ltr'><strong>ex</strong></span> <span class='ocrx_word' id='word_1_55' title='bbox 779 1154 864 1203; x_wconf 85' lang='lat' dir='ltr'><strong>toto:</strong></span> <span class='ocrx_word' id='word_1_56' title='bbox 887 1156 922 1205; x_wconf 92' lang='lat' dir='ltr'><strong>ut</strong></span> <span class='ocrx_word' id='word_1_57' title='bbox 944 1143 1089 1206; x_wconf 79' lang='lat' dir='ltr'><strong>videlicet</strong></span> 
     </span>
     <span class='ocr_line' id='line_1_9' title="bbox 20 1226 1089 1318; baseline -0.003 -25"><span class='ocrx_word' id='word_1_58' title='bbox 20 1238 71 1318; x_wconf 91' lang='lat' dir='ltr'><strong>qni</strong></span> <span class='ocrx_word' id='word_1_59' title='bbox 107 1233 246 1318; x_wconf 79' lang='lat' dir='ltr'>perfecte</span> <span class='ocrx_word' id='word_1_60' title='bbox 272 1231 341 1288; x_wconf 91' lang='lat' dir='ltr'><strong>Deo</strong></span> <span class='ocrx_word' id='word_1_61' title='bbox 366 1227 487 1311; x_wconf 88' lang='lat' dir='ltr'><strong>placere</strong></span> <span class='ocrx_word' id='word_1_62' title='bbox 516 1227 686 1305; x_wconf 83' lang='lat' dir='ltr'><strong>desiderat,</strong></span> <span class='ocrx_word' id='word_1_63' title='bbox 714 1226 773 1287; x_wconf 81' lang='lat' dir='ltr'><strong>sibi</strong></span> <span class='ocrx_word' id='word_1_64' title='bbox 790 1227 829 1287; x_wconf 90' lang='lat' dir='ltr'><strong>de</strong></span> <span class='ocrx_word' id='word_1_65' title='bbox 849 1248 881 1287; x_wconf 88' lang='lat' dir='ltr'><strong>se</strong></span> <span class='ocrx_word' id='word_1_66' title='bbox 896 1229 975 1288; x_wconf 91' lang='lat' dir='ltr'><strong>nibil</strong></span> <span class='ocrx_word' id='word_1_67' title='bbox 992 1230 1089 1290; x_wconf 90' lang='lat' dir='ltr'><strong>relin-</strong></span> 
     </span>
     <span class='ocr_line' id='line_1_10' title="bbox 21 1311 1091 1402; baseline -0.004 -24"><span class='ocrx_word' id='word_1_68' title='bbox 21 1332 105 1402; x_wconf 83' lang='lat' dir='ltr'><strong>quat.</strong></span> <span class='ocrx_word' id='word_1_69' title='bbox 150 1317 290 1378; x_wconf 87' lang='lat' dir='ltr'><strong>Proximi</strong></span> <span class='ocrx_word' id='word_1_70' title='bbox 310 1326 408 1373; x_wconf 87' lang='lat' dir='ltr'><strong>autem</strong></span> <span class='ocrx_word' id='word_1_71' title='bbox 427 1312 552 1373; x_wconf 89' lang='lat' dir='ltr'><strong>dileetio</strong></span> <span class='ocrx_word' id='word_1_72' title='bbox 576 1311 620 1371; x_wconf 89' lang='lat' dir='ltr'><strong>ad·</strong></span> <span class='ocrx_word' id='word_1_73' title='bbox 641 1312 704 1371; x_wconf 90' lang='lat' dir='ltr'><strong>duo</strong></span> <span class='ocrx_word' id='word_1_74' title='bbox 731 1332 840 1393; x_wconf 87' lang='lat' dir='ltr'><strong>praece</strong></span> <span class='ocrx_word' id='word_1_75' title='bbox 864 1324 895 1373; x_wconf 89' lang='lat' dir='ltr'><strong>ta</strong></span> <span class='ocrx_word' id='word_1_76' title='bbox 919 1312 1091 1393; x_wconf 85' lang='lat' dir='ltr'><strong>derivatur,</strong></span> 
     </span>
     <span class='ocr_line' id='line_1_11' title="bbox 19 1395 1227 1484; baseline -0.007 -21"><span class='ocrx_word' id='word_1_77' title='bbox 19 1425 89 1464; x_wconf 91' lang='lat' dir='ltr'><strong>cum</strong></span> <span class='ocrx_word' id='word_1_78' title='bbox 115 1414 147 1462; x_wconf 86' lang='lat' dir='ltr'><strong>et</strong></span> <span class='ocrx_word' id='word_1_79' title='bbox 164 1422 222 1484; x_wconf 90' lang='lat' dir='ltr'><strong>per</strong></span> <span class='ocrx_word' id='word_1_80' title='bbox 237 1397 397 1482; x_wconf 86' lang='lat' dir='ltr'><strong>quemdam</strong></span> <span class='ocrx_word' id='word_1_81' title='bbox 415 1399 532 1477; x_wconf 88' lang='lat' dir='ltr'><strong>justum</strong></span> <span class='ocrx_word' id='word_1_82' title='bbox 552 1396 679 1456; x_wconf 88' lang='lat' dir='ltr'><strong>dicitur:</strong></span> <span class='ocrx_word' id='word_1_83' title='bbox 709 1395 802 1471; x_wconf 89' lang='lat' dir='ltr'><strong>Quod</strong></span> <span class='ocrx_word' id='word_1_84' title='bbox 885 1395 946 1457; x_wconf 89' lang='lat' dir='ltr'><strong>alio</strong></span> <span class='ocrx_word' id='word_1_85' title='bbox 965 1396 1024 1458; x_wconf 89' lang='lat' dir='ltr'><strong>tibi</strong></span> <span class='ocrx_word' id='word_1_86' title='bbox 1051 1404 1227 1459; x_wconf 54' lang='lat' dir='ltr'><strong>odola-nse·</strong></span> 
     </span>
     <span class='ocr_line' id='line_1_12' title="bbox 19 1480 1091 1566; baseline -0.006 -18"><span class='ocrx_word' id='word_1_87' title='bbox 19 1488 102 1548; x_wconf 89' lang='lat' dir='ltr'><strong>deris</strong></span> <span class='ocrx_word' id='word_1_88' title='bbox 121 1484 218 1561; x_wconf 66' lang='lat' dir='ltr'><strong>beri,</strong></span> <span class='ocrx_word' id='word_1_89' title='bbox 260 1483 332 1542; x_wconf 81' lang='lat' dir='ltr'><strong>vide</strong></span> <span class='ocrx_word' id='word_1_90' title='bbox 356 1503 394 1541; x_wconf 92' lang='lat' dir='ltr'><strong>ne</strong></span> <span class='ocrx_word' id='word_1_91' title='bbox 420 1495 455 1541; x_wconf 87' lang='lat' dir='ltr'><strong>tu</strong></span> <span class='ocrx_word' id='word_1_92' title='bbox 474 1481 561 1541; x_wconf 91' lang='lat' dir='ltr'><strong>alteri</strong></span> <span class='ocrx_word' id='word_1_93' title='bbox 590 1481 692 1541; x_wconf 81' lang='lat' dir='ltr'><strong>facias.</strong></span> <span class='ocrx_word' id='word_1_94' title='bbox 735 1480 777 1541; x_wconf 89' lang='lat' dir='ltr'><strong>Et</strong></span> <span class='ocrx_word' id='word_1_95' title='bbox 795 1500 852 1565; x_wconf 87' lang='lat' dir='ltr'><strong>per</strong></span> <span class='ocrx_word' id='word_1_96' title='bbox 872 1494 966 1544; x_wconf 87' lang='lat' dir='ltr'><strong>semet</strong></span> <span class='ocrx_word' id='word_1_97' title='bbox 990 1485 1091 1566; x_wconf 86' lang='lat' dir='ltr'><strong>ipsam</strong></span> 
     </span>
     <span class='ocr_line' id='line_1_13' title="bbox 18 1564 1259 1645; baseline -0.007 -16"><span class='ocrx_word' id='word_1_98' title='bbox 18 1575 131 1632; x_wconf 72' lang='lat' dir='ltr'><strong>veritas</strong></span> <span class='ocrx_word' id='word_1_99' title='bbox 155 1569 249 1630; x_wconf 84' lang='lat' dir='ltr'><strong>dicit:</strong></span> <span class='ocrx_word' id='word_1_100' title='bbox 278 1568 365 1643; x_wconf 88' lang='lat' dir='ltr'><strong>Quae</strong></span> <span class='ocrx_word' id='word_1_101' title='bbox 389 1565 481 1625; x_wconf 85' lang='lat' dir='ltr'><strong>vultis</strong></span> <span class='ocrx_word' id='word_1_102' title='bbox 509 1577 544 1645; x_wconf 85' lang='lat' dir='ltr'><strong>ut</strong></span> <span class='ocrx_word' id='word_1_103' title='bbox 569 1566 684 1625; x_wconf 81' lang='lat' dir='ltr'><strong>faciant</strong></span> <span class='ocrx_word' id='word_1_104' title='bbox 702 1564 790 1626; x_wconf 87' lang='lat' dir='ltr'><strong>vobis</strong></span> <span class='ocrx_word' id='word_1_105' title='bbox 814 1564 969 1643; x_wconf 86' lang='lat' dir='ltr'><strong>homines,</strong></span> <span class='ocrx_word' id='word_1_106' title='bbox 993 1573 1210 1628; x_wconf 64' lang='lat' dir='ltr'><strong>etvosffluua.</strong></span> <span class='ocrx_word' id='word_1_107' title='bbox 1225 1584 1259 1622; x_wconf 80' lang='lat' dir='ltr'><strong>aa.</strong></span> 
     </span>
     <span class='ocr_line' id='line_1_14' title="bbox 18 1648 1086 1732; baseline -0.004 -16"><span class='ocrx_word' id='word_1_108' title='bbox 18 1657 113 1716; x_wconf 81' lang='lat' dir='ltr'><strong>facite</strong></span> <span class='ocrx_word' id='word_1_109' title='bbox 144 1653 216 1712; x_wconf 87' lang='lat' dir='ltr'><strong>illis.</strong></span> <span class='ocrx_word' id='word_1_110' title='bbox 246 1650 394 1730; x_wconf 54' lang='lat' dir='ltr'><strong>‚Quibus</strong></span> <span class='ocrx_word' id='word_1_111' title='bbox 432 1648 557 1710; x_wconf 91' lang='lat' dir='ltr'><strong>duobus</strong></span> <span class='ocrx_word' id='word_1_112' title='bbox 583 1649 702 1712; x_wconf 90' lang='lat' dir='ltr'><strong>scilicet</strong></span> <span class='ocrx_word' id='word_1_113' title='bbox 729 1650 893 1732; x_wconf 87' lang='lat' dir='ltr'><strong>utriusque</strong></span> <span class='ocrx_word' id='word_1_114' title='bbox 914 1653 1086 1723; x_wconf 83' lang='lat' dir='ltr'><strong>testamenti</strong></span> 
     </span>
     <span class='ocr_line' id='line_1_15' title="bbox 17 1734 1088 1819; baseline -0.006 -19"><span class='ocrx_word' id='word_1_115' title='bbox 17 1738 192 1812; x_wconf 85' lang='lat' dir='ltr'><strong>mandatis,</strong></span> <span class='ocrx_word' id='word_1_116' title='bbox 219 1756 274 1818; x_wconf 88' lang='lat' dir='ltr'><strong>per</strong></span> <span class='ocrx_word' id='word_1_117' title='bbox 300 1756 394 1795; x_wconf 90' lang='lat' dir='ltr'><strong>unum</strong></span> <span class='ocrx_word' id='word_1_118' title='bbox 413 1734 526 1793; x_wconf 88' lang='lat' dir='ltr'><strong>malitia</strong></span> <span class='ocrx_word' id='word_1_119' title='bbox 548 1735 776 1817; x_wconf 88' lang='lat' dir='ltr'><strong>compescitur,</strong></span> <span class='ocrx_word' id='word_1_120' title='bbox 798 1754 855 1817; x_wconf 88' lang='lat' dir='ltr'><strong>per</strong></span> <span class='ocrx_word' id='word_1_121' title='bbox 871 1734 956 1794; x_wconf 81' lang='lat' dir='ltr'><strong>aliud</strong></span> <span class='ocrx_word' id='word_1_122' title='bbox 976 1734 1088 1819; x_wconf 89' lang='lat' dir='ltr'><strong>benig-</strong></span> 
     </span>
     <span class='ocr_line' id='line_1_16' title="bbox 18 1818 1087 1903; baseline -0.001 -20"><span class='ocrx_word' id='word_1_123' title='bbox 18 1825 105 1883; x_wconf 84' lang='lat' dir='ltr'><strong>nitas</strong></span> <span class='ocrx_word' id='word_1_124' title='bbox 123 1832 342 1903; x_wconf 87' lang='lat' dir='ltr'><strong>praerogatur:</strong></span> <span class='ocrx_word' id='word_1_125' title='bbox 365 1831 400 1878; x_wconf 90' lang='lat' dir='ltr'><strong>ut</strong></span> <span class='ocrx_word' id='word_1_126' title='bbox 421 1818 544 1894; x_wconf 90' lang='lat' dir='ltr'><strong>malum,</strong></span> <span class='ocrx_word' id='word_1_127' title='bbox 567 1818 653 1900; x_wconf 91' lang='lat' dir='ltr'><strong>quod</strong></span> <span class='ocrx_word' id='word_1_128' title='bbox 677 1821 742 1902; x_wconf 87' lang='lat' dir='ltr'><strong>pati</strong></span> <span class='ocrx_word' id='word_1_129' title='bbox 760 1839 824 1879; x_wconf 91' lang='lat' dir='ltr'><strong>non</strong></span> <span class='ocrx_word' id='word_1_130' title='bbox 845 1818 929 1896; x_wconf 82' lang='lat' dir='ltr'><strong>vult,</strong></span> <span class='ocrx_word' id='word_1_131' title='bbox 975 1822 1087 1903; x_wconf 88' lang='lat' dir='ltr'><strong>uisque</strong></span> 
     </span>
     <span class='ocr_line' id='line_1_17' title="bbox 20 1840 1085 1988; baseline -0.004 -21"><span class='ocrx_word' id='word_1_132' title='bbox 20 1927 88 1967; x_wconf 91' lang='lat' dir='ltr'><strong>non</strong></span> <span class='ocrx_word' id='word_1_133' title='bbox 128 1903 260 1981; x_wconf 80' lang='lat' dir='ltr'><strong>faciens,</strong></span> <span class='ocrx_word' id='word_1_134' title='bbox 291 1917 387 1966; x_wconf 81' lang='lat' dir='ltr'><strong>cesset</strong></span> <span class='ocrx_word' id='word_1_135' title='bbox 417 1925 434 1964; x_wconf 87' lang='lat' dir='ltr'><strong>a</strong></span> <span class='ocrx_word' id='word_1_136' title='bbox 464 1902 599 1964; x_wconf 90' lang='lat' dir='ltr'><strong>nocendi</strong></span> <span class='ocrx_word' id='word_1_137' title='bbox 625 1923 736 1988; x_wconf 71' lang='lat' dir='ltr'><strong>operes</strong></span> <span class='ocrx_word' id='word_1_138' title='bbox 770 1915 802 1964; x_wconf 88' lang='lat' dir='ltr'><strong>et</strong></span> <span class='ocrx_word' id='word_1_139' title='bbox 818 1924 940 1964; x_wconf 91' lang='lat' dir='ltr'><strong>rursum</strong></span> <span class='ocrx_word' id='word_1_140' title='bbox 952 1840 1085 1983; x_wconf 76' lang='lat' dir='ltr'><strong>bonum,</strong></span> 
     </span>
     <span class='ocr_line' id='line_1_18' title="bbox 18 1985 1087 2074; baseline 0.001 -24"><span class='ocrx_word' id='word_1_141' title='bbox 18 1988 110 2073; x_wconf 89' lang='lat' dir='ltr'><strong>quod</strong></span> <span class='ocrx_word' id='word_1_142' title='bbox 129 1987 191 2051; x_wconf 87' lang='lat' dir='ltr'><strong>sibi</strong></span> <span class='ocrx_word' id='word_1_143' title='bbox 209 1985 275 2049; x_wconf 87' lang='lat' dir='ltr'><strong>fieri</strong></span> <span class='ocrx_word' id='word_1_144' title='bbox 301 1990 437 2072; x_wconf 85' lang='lat' dir='ltr'><strong>appetit,</strong></span> <span class='ocrx_word' id='word_1_145' title='bbox 459 1986 659 2070; x_wconf 88' lang='lat' dir='ltr'><strong>impendens,</strong></span> <span class='ocrx_word' id='word_1_146' title='bbox 679 2007 750 2071; x_wconf 89' lang='lat' dir='ltr'><strong>erga</strong></span> <span class='ocrx_word' id='word_1_147' title='bbox 769 1988 933 2063; x_wconf 81' lang='lat' dir='ltr'><strong>utilitatem</strong></span> <span class='ocrx_word' id='word_1_148' title='bbox 952 2008 986 2049; x_wconf 86' lang='lat' dir='ltr'><strong>se</strong></span> <span class='ocrx_word' id='word_1_149' title='bbox 1007 2009 1087 2074; x_wconf 88' lang='lat' dir='ltr'><strong>pro·</strong></span> 
     </span>
     <span class='ocr_line' id='line_1_19' title="bbox 15 2073 1166 2157; baseline -0.008 -21"><span class='ocrx_word' id='word_1_150' title='bbox 15 2077 89 2136; x_wconf 74' lang='lat' dir='ltr'><strong>rimi</strong></span> <span class='ocrx_word' id='word_1_151' title='bbox 111 2085 247 2135; x_wconf 82' lang='lat' dir='ltr'><strong>exerceat</strong></span> <span class='ocrx_word' id='word_1_152' title='bbox 264 2095 299 2134; x_wconf 86' lang='lat' dir='ltr'><strong>ex</strong></span> <span class='ocrx_word' id='word_1_153' title='bbox 326 2073 522 2157; x_wconf 79' lang='lat' dir='ltr'><strong>benignitate.</strong></span> <span class='ocrx_word' id='word_1_154' title='bbox 1156 2110 1166 2121; x_wconf 44' lang='lat' dir='ltr'>f</span> 
     </span>
    </p>

    <p class='ocr_par' dir='ltr' id='par_1_5' title="bbox 17 2154 1266 4355">
     <span class='ocr_line' id='line_1_20' title="bbox 102 2154 1251 2255; baseline 0.003 -38"><span class='ocrx_word' id='word_1_155' title='bbox 102 2172 131 2227; x_wconf 81' lang='lat'><strong>2.</strong></span> <span class='ocrx_word' id='word_1_156' title='bbox 175 2157 338 2219; x_wconf 86' lang='lat' dir='ltr'><strong>DEINDE</strong></span> <span class='ocrx_word' id='word_1_157' title='bbox 360 2178 388 2222; x_wconf 82' lang='lat' dir='ltr'><strong>e.</strong></span> <span class='ocrx_word' id='word_1_158' title='bbox 410 2170 438 2225; x_wconf 78' lang='lat'><strong>7.</strong></span> <span class='ocrx_word' id='word_1_159' title='bbox 459 2156 560 2238; x_wconf 86' lang='lat' dir='ltr'><strong>ejusd.</strong></span> <span class='ocrx_word' id='word_1_160' title='bbox 580 2155 635 2217; x_wconf 85' lang='lat' dir='ltr'><strong>L..·</strong></span> <span class='ocrx_word' id='word_1_161' title='bbox 655 2154 737 2217; x_wconf 87' lang='lat' dir='ltr'><strong>Bene</strong></span> <span class='ocrx_word' id='word_1_162' title='bbox 757 2177 830 2241; x_wconf 85' lang='lat' dir='ltr'><strong>ergo</strong></span> <span class='ocrx_word' id='word_1_163' title='bbox 852 2156 899 2221; x_wconf 84' lang='lat' dir='ltr'><strong>lex</strong></span> <span class='ocrx_word' id='word_1_164' title='bbox 917 2156 992 2219; x_wconf 90' lang='lat' dir='ltr'><strong>DEI</strong></span> <span class='ocrx_word' id='word_1_165' title='bbox 1008 2158 1091 2220; x_wconf 85' lang='lat' dir='ltr'><strong>mul·</strong></span> <span class='ocrx_word' id='word_1_166' title='bbox 1109 2206 1191 2252; x_wconf 58' lang='lat' dir='ltr'><strong>W„</strong></span> <span class='ocrx_word' id='word_1_167' title='bbox 1204 2213 1251 2255; x_wconf 56' lang='lat' dir='ltr'><em>m</em></span> 
     </span>
     <span class='ocr_line' id='line_1_21' title="bbox 17 2227 1262 2327; baseline 0.001 -23"><span class='ocrx_word' id='word_1_168' title='bbox 17 2240 114 2327; x_wconf 85' lang='lat' dir='ltr'><strong>tiplex</strong></span> <span class='ocrx_word' id='word_1_169' title='bbox 133 2242 268 2305; x_wconf 88' lang='lat' dir='ltr'><strong>dicitur:</strong></span> <span class='ocrx_word' id='word_1_170' title='bbox 304 2242 375 2324; x_wconf 85' lang='lat' dir='ltr'><strong>quia</strong></span> <span class='ocrx_word' id='word_1_171' title='bbox 388 2243 532 2301; x_wconf 89' lang='lat' dir='ltr'><strong>nimirum</strong></span> <span class='ocrx_word' id='word_1_172' title='bbox 554 2262 623 2301; x_wconf 91' lang='lat' dir='ltr'><strong>com</strong></span> <span class='ocrx_word' id='word_1_173' title='bbox 646 2261 709 2300; x_wconf 89' lang='lat' dir='ltr'><strong>una</strong></span> <span class='ocrx_word' id='word_1_174' title='bbox 725 2241 891 2326; x_wconf 80' lang='lat' dir='ltr'><strong>eademque</strong></span> <span class='ocrx_word' id='word_1_175' title='bbox 910 2246 950 2305; x_wconf 88' lang='lat' dir='ltr'><strong>sit</strong></span> <span class='ocrx_word' id='word_1_176' title='bbox 964 2227 1242 2323; x_wconf 63' lang='lat' dir='ltr'><strong>certissumus?</strong></span> <span class='ocrx_word' id='word_1_177' title='bbox 1252 2237 1262 2251; x_wconf 68' lang='lat'><em>⁶</em></span> 
     </span>
     <span class='ocr_line' id='line_1_22' title="bbox 18 2307 1241 2411; baseline 0.006 -22"><span class='ocrx_word' id='word_1_178' title='bbox 18 2331 43 2389; x_wconf 88' lang='lat' dir='ltr'><strong>si</strong></span> <span class='ocrx_word' id='word_1_179' title='bbox 66 2340 200 2387; x_wconf 89' lang='lat' dir='ltr'><strong>mentem</strong></span> <span class='ocrx_word' id='word_1_180' title='bbox 233 2325 322 2409; x_wconf 91' lang='lat' dir='ltr'><strong>plene</strong></span> <span class='ocrx_word' id='word_1_181' title='bbox 345 2327 481 2408; x_wconf 87' lang='lat' dir='ltr'><strong>ceperit,</strong></span> <span class='ocrx_word' id='word_1_182' title='bbox 512 2324 591 2384; x_wconf 91' lang='lat' dir='ltr'><strong>hanc</strong></span> <span class='ocrx_word' id='word_1_183' title='bbox 627 2324 846 2399; x_wconf 77' lang='lat' dir='ltr'><strong>adinnumera</strong></span> <span class='ocrx_word' id='word_1_184' title='bbox 871 2349 966 2411; x_wconf 86' lang='lat' dir='ltr'><strong>opera</strong></span> <span class='ocrx_word' id='word_1_185' title='bbox 983 2307 1157 2390; x_wconf 64' lang='lat' dir='ltr'><strong>multi-’¹⁶¹&#39;</strong></span> <span class='ocrx_word' id='word_1_186' title='bbox 1231 2383 1241 2396; x_wconf 84' lang='lat'><em>.</em></span> 
     </span>
     <span class='ocr_line' id='line_1_23' title="bbox 18 2408 1086 2495; baseline 0.001 -22"><span class='ocrx_word' id='word_1_187' title='bbox 18 2412 163 2473; x_wconf 84' lang='lat' dir='ltr'><strong>formiter</strong></span> <span class='ocrx_word' id='word_1_188' title='bbox 186 2410 336 2472; x_wconf 79' lang='lat' dir='ltr'><strong>accendit</strong></span> <span class='ocrx_word' id='word_1_189' title='bbox 382 2410 479 2489; x_wconf 89' lang='lat' dir='ltr'><strong>Cujus</strong></span> <span class='ocrx_word' id='word_1_190' title='bbox 501 2409 706 2468; x_wconf 87' lang='lat' dir='ltr'><strong>diversitatem</strong></span> <span class='ocrx_word' id='word_1_191' title='bbox 724 2408 860 2470; x_wconf 87' lang='lat' dir='ltr'><strong>breviter</strong></span> <span class='ocrx_word' id='word_1_192' title='bbox 882 2415 1086 2495; x_wconf 86' lang='lat' dir='ltr'><strong>exprimimus,</strong></span> 
     </span>
     <span class='ocr_line' id='line_1_24' title="bbox 19 2491 1086 2580; baseline 0.002 -25"><span class='ocrx_word' id='word_1_193' title='bbox 19 2498 45 2555; x_wconf 85' lang='lat' dir='ltr'><strong>si</strong></span> <span class='ocrx_word' id='word_1_194' title='bbox 80 2491 241 2580; x_wconf 23' lang='lat' dir='ltr'><strong>inR&#39;electis</strong></span> <span class='ocrx_word' id='word_1_195' title='bbox 270 2492 395 2577; x_wconf 88' lang='lat' dir='ltr'><strong>singulis</strong></span> <span class='ocrx_word' id='word_1_196' title='bbox 423 2492 508 2553; x_wconf 86' lang='lat' dir='ltr'><strong>bona</strong></span> <span class='ocrx_word' id='word_1_197' title='bbox 544 2492 626 2551; x_wconf 92' lang='lat' dir='ltr'><strong>illius</strong></span> <span class='ocrx_word' id='word_1_198' title='bbox 650 2494 864 2574; x_wconf 88' lang='lat' dir='ltr'><strong>restringendo</strong></span> <span class='ocrx_word' id='word_1_199' title='bbox 883 2515 1086 2557; x_wconf 80' lang='lat' dir='ltr'><strong>numeremus.</strong></span> 
     </span>
     <span class='ocr_line' id='line_1_25' title="bbox 18 2575 1229 2664; baseline -0.001 -25"><span class='ocrx_word' id='word_1_200' title='bbox 18 2579 102 2640; x_wconf 87' lang='lat' dir='ltr'><strong>Haec</strong></span> <span class='ocrx_word' id='word_1_201' title='bbox 133 2599 266 2662; x_wconf 85' lang='lat' dir='ltr'><strong>namque</strong></span> <span class='ocrx_word' id='word_1_202' title='bbox 293 2581 427 2664; x_wconf 89' lang='lat' dir='ltr'><strong>primum</strong></span> <span class='ocrx_word' id='word_1_203' title='bbox 453 2598 510 2660; x_wconf 90' lang='lat' dir='ltr'><strong>per</strong></span> <span class='ocrx_word' id='word_1_204' title='bbox 528 2575 606 2636; x_wconf 88' lang='lat' dir='ltr'><strong>Abel</strong></span> <span class='ocrx_word' id='word_1_205' title='bbox 622 2588 652 2635; x_wconf 87' lang='lat' dir='ltr'><strong>ct</strong></span> <span class='ocrx_word' id='word_1_206' title='bbox 676 2576 770 2636; x_wconf 88' lang='lat' dir='ltr'><strong>electa</strong></span> <span class='ocrx_word' id='word_1_207' title='bbox 790 2578 857 2638; x_wconf 86' lang='lat' dir='ltr'><strong>Deo</strong></span> <span class='ocrx_word' id='word_1_208' title='bbox 885 2600 1011 2639; x_wconf 84' lang='lat' dir='ltr'><strong>munera</strong></span> <span class='ocrx_word' id='word_1_209' title='bbox 1028 2580 1229 2646; x_wconf 65' lang='lat' dir='ltr'><strong>ob-uanas.</strong></span> 
     </span>
     <span class='ocr_line' id='line_1_26' title="bbox 18 2659 1087 2746; baseline 0.002 -24"><span class='ocrx_word' id='word_1_210' title='bbox 18 2662 112 2735; x_wconf 86' lang='lat' dir='ltr'><strong>tulit,</strong></span> <span class='ocrx_word' id='word_1_211' title='bbox 144 2676 176 2724; x_wconf 90' lang='lat' dir='ltr'><strong>et</strong></span> <span class='ocrx_word' id='word_1_212' title='bbox 208 2663 315 2724; x_wconf 75' lang='lat' dir='ltr'><strong>iratris</strong></span> <span class='ocrx_word' id='word_1_213' title='bbox 349 2662 484 2746; x_wconf 89' lang='lat' dir='ltr'><strong>gladium</strong></span> <span class='ocrx_word' id='word_1_214' title='bbox 508 2682 571 2720; x_wconf 91' lang='lat' dir='ltr'><strong>non</strong></span> <span class='ocrx_word' id='word_1_215' title='bbox 598 2659 778 2720; x_wconf 85' lang='lat' dir='ltr'><strong>reluctando</strong></span> <span class='ocrx_word' id='word_1_216' title='bbox 810 2661 962 2723; x_wconf 87' lang='lat' dir='ltr'><strong>toleravit.</strong></span> <span class='ocrx_word' id='word_1_217' title='bbox 1005 2665 1087 2724; x_wconf 85' lang='lat' dir='ltr'><strong>Haec</strong></span> 
     </span>
     <span class='ocr_line' id='line_1_27' title="bbox 19 2738 1245 2824; baseline -0.003 -15"><span class='ocrx_word' id='word_1_218' title='bbox 19 2747 132 2809; x_wconf 85' lang='lat' dir='ltr'><strong>Enoch</strong></span> <span class='ocrx_word' id='word_1_219' title='bbox 159 2760 189 2809; x_wconf 89' lang='lat' dir='ltr'><strong>et</strong></span> <span class='ocrx_word' id='word_1_220' title='bbox 224 2749 303 2808; x_wconf 89' lang='lat' dir='ltr'><strong>inter</strong></span> <span class='ocrx_word' id='word_1_221' title='bbox 328 2746 466 2807; x_wconf 90' lang='lat' dir='ltr'><strong>homines</strong></span> <span class='ocrx_word' id='word_1_222' title='bbox 496 2745 676 2824; x_wconf 88' lang='lat' dir='ltr'><strong>spiritaliter</strong></span> <span class='ocrx_word' id='word_1_223' title='bbox 705 2746 805 2805; x_wconf 86' lang='lat' dir='ltr'><strong>vivere</strong></span> <span class='ocrx_word' id='word_1_224' title='bbox 832 2746 959 2824; x_wconf 88' lang='lat' dir='ltr'><strong>docuit,</strong></span> <span class='ocrx_word' id='word_1_225' title='bbox 994 2761 1025 2810; x_wconf 92' lang='lat' dir='ltr'><strong>et</strong></span> <span class='ocrx_word' id='word_1_226' title='bbox 1048 2738 1245 2809; x_wconf 56' lang='lat' dir='ltr'><strong>ad⁰⁸t⁸·³·²²·</strong></span> 
     </span>
     <span class='ocr_line' id='line_1_28' title="bbox 19 2826 1085 2912; baseline 0.002 -21"><span class='ocrx_word' id='word_1_227' title='bbox 19 2826 183 2892; x_wconf 84' lang='lat' dir='ltr'><strong>sublimein</strong></span> <span class='ocrx_word' id='word_1_228' title='bbox 211 2835 302 2893; x_wconf 85' lang='lat' dir='ltr'><strong>vitam</strong></span> <span class='ocrx_word' id='word_1_229' title='bbox 327 2831 366 2891; x_wconf 90' lang='lat' dir='ltr'><strong>ab</strong></span> <span class='ocrx_word' id='word_1_230' title='bbox 396 2830 574 2890; x_wconf 89' lang='lat' dir='ltr'><strong>hominibus</strong></span> <span class='ocrx_word' id='word_1_231' title='bbox 602 2832 690 2889; x_wconf 86' lang='lat' dir='ltr'><strong>etiam</strong></span> <span class='ocrx_word' id='word_1_232' title='bbox 705 2831 913 2912; x_wconf 83' lang='lat' dir='ltr'><strong>corporaliter</strong></span> <span class='ocrx_word' id='word_1_233' title='bbox 930 2832 1085 2894; x_wconf 85' lang='lat' dir='ltr'><strong>abstraxit.</strong></span> 
     </span>
     <span class='ocr_line' id='line_1_29' title="bbox 18 2914 1265 2999; baseline 0.002 -24"><span class='ocrx_word' id='word_1_234' title='bbox 18 2915 101 2976; x_wconf 87' lang='lat' dir='ltr'><strong>Haec</strong></span> <span class='ocrx_word' id='word_1_235' title='bbox 136 2915 227 2993; x_wconf 74' lang='lat' dir='ltr'><strong>Noe,</strong></span> <span class='ocrx_word' id='word_1_236' title='bbox 257 2914 408 2999; x_wconf 86' lang='lat' dir='ltr'><strong>despectis</strong></span> <span class='ocrx_word' id='word_1_237' title='bbox 444 2915 605 2991; x_wconf 87' lang='lat' dir='ltr'><strong>omnibus,</strong></span> <span class='ocrx_word' id='word_1_238' title='bbox 627 2914 724 2975; x_wconf 92' lang='lat' dir='ltr'><strong>solum</strong></span> <span class='ocrx_word' id='word_1_239' title='bbox 751 2921 818 2976; x_wconf 90' lang='lat' dir='ltr'><strong>Deo</strong></span> <span class='ocrx_word' id='word_1_240' title='bbox 847 2916 1029 2998; x_wconf 86' lang='lat' dir='ltr'><strong>placabilem</strong></span> <span class='ocrx_word' id='word_1_241' title='bbox 1050 2915 1265 2977; x_wconf 71' lang='lat' dir='ltr'><strong>o-⁰·¹¹⁸·l»⁷·⁸a·</strong></span> 
     </span>
     <span class='ocr_line' id='line_1_30' title="bbox 19 2999 1088 3083; baseline 0.002 -23"><span class='ocrx_word' id='word_1_242' title='bbox 19 3000 153 3077; x_wconf 80' lang='lat' dir='ltr'><strong>stendit,</strong></span> <span class='ocrx_word' id='word_1_243' title='bbox 175 3014 267 3082; x_wconf 86' lang='lat' dir='ltr'><strong>atque</strong></span> <span class='ocrx_word' id='word_1_244' title='bbox 288 3003 319 3059; x_wconf 91' lang='lat' dir='ltr'><strong>in</strong></span> <span class='ocrx_word' id='word_1_245' title='bbox 339 3021 426 3061; x_wconf 89' lang='lat' dir='ltr'><strong>arcae</strong></span> <span class='ocrx_word' id='word_1_246' title='bbox 453 3000 601 3059; x_wconf 80' lang='lat' dir='ltr'><strong>fabricam</strong></span> <span class='ocrx_word' id='word_1_247' title='bbox 623 2999 727 3059; x_wconf 90' lang='lat' dir='ltr'><strong>studio</strong></span> <span class='ocrx_word' id='word_1_248' title='bbox 755 2999 839 3083; x_wconf 91' lang='lat' dir='ltr'><strong>longi</strong></span> <span class='ocrx_word' id='word_1_249' title='bbox 862 3001 978 3062; x_wconf 85' lang='lat' dir='ltr'><strong>laboris</strong></span> <span class='ocrx_word' id='word_1_250' title='bbox 1001 3023 1088 3062; x_wconf 86' lang='lat' dir='ltr'><strong>exer-</strong></span> 
     </span>
     <span class='ocr_line' id='line_1_31' title="bbox 20 3085 1087 3167; baseline 0.006 -24"><span class='ocrx_word' id='word_1_251' title='bbox 20 3088 107 3162; x_wconf 90' lang='lat' dir='ltr'><strong>cuit,</strong></span> <span class='ocrx_word' id='word_1_252' title='bbox 136 3096 168 3147; x_wconf 87' lang='lat' dir='ltr'><strong>et</strong></span> <span class='ocrx_word' id='word_1_253' title='bbox 199 3085 315 3145; x_wconf 89' lang='lat' dir='ltr'><strong>mundo</strong></span> <span class='ocrx_word' id='word_1_254' title='bbox 338 3086 533 3166; x_wconf 88' lang='lat' dir='ltr'><strong>superstitem</strong></span> <span class='ocrx_word' id='word_1_255' title='bbox 560 3088 614 3166; x_wconf 91' lang='lat' dir='ltr'><strong>pio</strong></span> <span class='ocrx_word' id='word_1_256' title='bbox 638 3092 734 3167; x_wconf 74' lang='lat' dir='ltr'><strong>opere</strong></span> <span class='ocrx_word' id='word_1_257' title='bbox 759 3086 927 3145; x_wconf 84' lang='lat' dir='ltr'><strong>exercendo</strong></span> <span class='ocrx_word' id='word_1_258' title='bbox 946 3089 1087 3149; x_wconf 74' lang='lat' dir='ltr'><strong>serravit.</strong></span> 
     </span>
     <span class='ocr_line' id='line_1_32' title="bbox 20 3167 1246 3251; baseline 0.002 -22"><span class='ocrx_word' id='word_1_259' title='bbox 20 3167 102 3229; x_wconf 81' lang='lat' dir='ltr'><strong>Haec</strong></span> <span class='ocrx_word' id='word_1_260' title='bbox 123 3189 183 3251; x_wconf 89' lang='lat' dir='ltr'><strong>per</strong></span> <span class='ocrx_word' id='word_1_261' title='bbox 209 3167 278 3228; x_wconf 88' lang='lat' dir='ltr'><strong>Sem</strong></span> <span class='ocrx_word' id='word_1_262' title='bbox 305 3181 336 3228; x_wconf 92' lang='lat' dir='ltr'><strong>et</strong></span> <span class='ocrx_word' id='word_1_263' title='bbox 361 3167 473 3251; x_wconf 90' lang='lat' dir='ltr'><strong>Japhet</strong></span> <span class='ocrx_word' id='word_1_264' title='bbox 502 3167 661 3228; x_wconf 85' lang='lat' dir='ltr'><strong>humiliter</strong></span> <span class='ocrx_word' id='word_1_265' title='bbox 679 3169 811 3229; x_wconf 85' lang='lat' dir='ltr'><strong>verenda</strong></span> <span class='ocrx_word' id='word_1_266' title='bbox 831 3172 928 3251; x_wconf 89' lang='lat' dir='ltr'><strong>patris</strong></span> <span class='ocrx_word' id='word_1_267' title='bbox 950 3170 1087 3248; x_wconf 89' lang='lat' dir='ltr'><strong>erubuit,</strong></span> <span class='ocrx_word' id='word_1_268' title='bbox 1101 3183 1201 3236; x_wconf 68' lang='lat' dir='ltr'><strong>uanas.</strong></span> <span class='ocrx_word' id='word_1_269' title='bbox 1215 3196 1246 3235; x_wconf 82' lang='lat' dir='ltr'><strong>aa.</strong></span> 
     </span>
     <span class='ocr_line' id='line_1_33' title="bbox 22 3252 1088 3335; baseline 0.006 -25"><span class='ocrx_word' id='word_1_270' title='bbox 22 3265 52 3312; x_wconf 88' lang='lat' dir='ltr'><strong>et</strong></span> <span class='ocrx_word' id='word_1_271' title='bbox 81 3254 265 3335; x_wconf 83' lang='lat' dir='ltr'><strong>superjecto</strong></span> <span class='ocrx_word' id='word_1_272' title='bbox 293 3253 393 3313; x_wconf 88' lang='lat' dir='ltr'><strong>dorsis</strong></span> <span class='ocrx_word' id='word_1_273' title='bbox 413 3252 529 3334; x_wconf 90' lang='lat' dir='ltr'><strong>pallio,</strong></span> <span class='ocrx_word' id='word_1_274' title='bbox 553 3274 631 3333; x_wconf 89' lang='lat' dir='ltr'><strong>quae</strong></span> <span class='ocrx_word' id='word_1_275' title='bbox 663 3273 726 3313; x_wconf 91' lang='lat' dir='ltr'><strong>non</strong></span> <span class='ocrx_word' id='word_1_276' title='bbox 748 3253 892 3331; x_wconf 86' lang='lat' dir='ltr'><strong>videbat,</strong></span> <span class='ocrx_word' id='word_1_277' title='bbox 915 3253 1088 3316; x_wconf 84' lang='lat' dir='ltr'><strong>abscondit.</strong></span> 
     </span>
     <span class='ocr_line' id='line_1_34' title="bbox 21 3335 1264 3414; baseline 0.007 -19"><span class='ocrx_word' id='word_1_278' title='bbox 21 3335 104 3396; x_wconf 88' lang='lat' dir='ltr'><strong>Haec</strong></span> <span class='ocrx_word' id='word_1_279' title='bbox 136 3336 281 3398; x_wconf 87' lang='lat' dir='ltr'><strong>Abrabae</strong></span> <span class='ocrx_word' id='word_1_280' title='bbox 313 3337 468 3411; x_wconf 77' lang='lat' dir='ltr'><strong>dextram,</strong></span> <span class='ocrx_word' id='word_1_281' title='bbox 507 3339 578 3399; x_wconf 85' lang='lat' dir='ltr'><strong>unia</strong></span> <span class='ocrx_word' id='word_1_282' title='bbox 615 3335 654 3396; x_wconf 90' lang='lat' dir='ltr'><strong>ad</strong></span> <span class='ocrx_word' id='word_1_283' title='bbox 686 3351 815 3398; x_wconf 89' lang='lat' dir='ltr'><strong>mortem</strong></span> <span class='ocrx_word' id='word_1_284' title='bbox 833 3335 890 3397; x_wconf 87' lang='lat' dir='ltr'><strong>filii</strong></span> <span class='ocrx_word' id='word_1_285' title='bbox 911 3338 1087 3402; x_wconf 90' lang='lat' dir='ltr'><strong>obediendo</strong></span> <span class='ocrx_word' id='word_1_286' title='bbox 1101 3351 1211 3405; x_wconf 68' lang='lat' dir='ltr'><strong>umam</strong></span> <span class='ocrx_word' id='word_1_287' title='bbox 1229 3370 1264 3414; x_wconf 75' lang='lat' dir='ltr'><strong>sq.</strong></span> 
     </span>
     <span class='ocr_line' id='line_1_35' title="bbox 20 3419 1088 3504; baseline 0.006 -25"><span class='ocrx_word' id='word_1_288' title='bbox 20 3419 152 3495; x_wconf 83' lang='lat' dir='ltr'><strong>extulit,</strong></span> <span class='ocrx_word' id='word_1_289' title='bbox 187 3420 272 3482; x_wconf 88' lang='lat' dir='ltr'><strong>bunc</strong></span> <span class='ocrx_word' id='word_1_290' title='bbox 285 3421 384 3503; x_wconf 89' lang='lat' dir='ltr'><strong>prolis</strong></span> <span class='ocrx_word' id='word_1_291' title='bbox 400 3424 586 3496; x_wconf 90' lang='lat' dir='ltr'><strong>innumerae,</strong></span> <span class='ocrx_word' id='word_1_292' title='bbox 607 3423 741 3503; x_wconf 90' lang='lat' dir='ltr'><strong>gentium</strong></span> <span class='ocrx_word' id='word_1_293' title='bbox 758 3436 875 3504; x_wconf 88' lang='lat' dir='ltr'><strong>patrem</strong></span> <span class='ocrx_word' id='word_1_294' title='bbox 891 3422 974 3485; x_wconf 85' lang='lat' dir='ltr'><strong>fecit.</strong></span> <span class='ocrx_word' id='word_1_295' title='bbox 1017 3426 1088 3486; x_wconf 80' lang='lat' dir='ltr'><strong>Haec</strong></span> 
     </span>
     <span class='ocr_line' id='line_1_36' title="bbox 21 3503 1264 3594; baseline 0.004 -30"><span class='ocrx_word' id='word_1_296' title='bbox 21 3504 108 3564; x_wconf 85' lang='lat' dir='ltr'><strong>Isaac</strong></span> <span class='ocrx_word' id='word_1_297' title='bbox 124 3519 253 3564; x_wconf 86' lang='lat' dir='ltr'><strong>mentem</strong></span> <span class='ocrx_word' id='word_1_298' title='bbox 264 3548 273 3582; x_wconf 95' lang='lat'><strong>,</strong></span> <span class='ocrx_word' id='word_1_299' title='bbox 295 3527 387 3587; x_wconf 88' lang='lat' dir='ltr'><strong>quam</strong></span> <span class='ocrx_word' id='word_1_300' title='bbox 407 3526 526 3587; x_wconf 88' lang='lat' dir='ltr'><strong>semper</strong></span> <span class='ocrx_word' id='word_1_301' title='bbox 550 3506 588 3565; x_wconf 89' lang='lat' dir='ltr'><strong>ad</strong></span> <span class='ocrx_word' id='word_1_302' title='bbox 615 3505 795 3567; x_wconf 89' lang='lat' dir='ltr'><strong>munditiam</strong></span> <span class='ocrx_word' id='word_1_303' title='bbox 815 3510 929 3586; x_wconf 90' lang='lat' dir='ltr'><strong>tenuit,</strong></span> <span class='ocrx_word' id='word_1_304' title='bbox 954 3503 1264 3594; x_wconf 67' lang='lat' dir='ltr'><strong>caligam-⁰”·²⁷‘²⁶·⁸l·</strong></span> 
     </span>
     <span class='ocr_line' id='line_1_37' title="bbox 20 3588 1087 3673; baseline 0.008 -27"><span class='ocrx_word' id='word_1_305' title='bbox 20 3588 105 3648; x_wconf 85' lang='lat' dir='ltr'><strong>tibus</strong></span> <span class='ocrx_word' id='word_1_306' title='bbox 127 3602 223 3649; x_wconf 89' lang='lat' dir='ltr'><strong>aetate</strong></span> <span class='ocrx_word' id='word_1_307' title='bbox 244 3593 359 3665; x_wconf 89' lang='lat' dir='ltr'><strong>oculis,</strong></span> <span class='ocrx_word' id='word_1_308' title='bbox 384 3590 422 3648; x_wconf 94' lang='lat' dir='ltr'><strong>ad</strong></span> <span class='ocrx_word' id='word_1_309' title='bbox 442 3589 571 3648; x_wconf 83' lang='lat' dir='ltr'><strong>videnda</strong></span> <span class='ocrx_word' id='word_1_310' title='bbox 594 3590 684 3672; x_wconf 86' lang='lat' dir='ltr'><strong>longe</strong></span> <span class='ocrx_word' id='word_1_311' title='bbox 700 3605 772 3673; x_wconf 89' lang='lat' dir='ltr'><strong>post</strong></span> <span class='ocrx_word' id='word_1_312' title='bbox 794 3604 921 3653; x_wconf 85' lang='lat' dir='ltr'><strong>ventura</strong></span> <span class='ocrx_word' id='word_1_313' title='bbox 939 3593 1087 3655; x_wconf 85' lang='lat' dir='ltr'><strong>dilatavit.</strong></span> 
     </span>
     <span class='ocr_line' id='line_1_38' title="bbox 22 3671 1253 3755; baseline 0.008 -24"><span class='ocrx_word' id='word_1_314' title='bbox 22 3671 103 3732; x_wconf 82' lang='lat' dir='ltr'><strong>llaec</strong></span> <span class='ocrx_word' id='word_1_315' title='bbox 131 3673 228 3732; x_wconf 86' lang='lat' dir='ltr'><strong>Jacob</strong></span> <span class='ocrx_word' id='word_1_316' title='bbox 262 3674 413 3755; x_wconf 88' lang='lat' dir='ltr'><strong>compulit</strong></span> <span class='ocrx_word' id='word_1_317' title='bbox 438 3687 468 3731; x_wconf 87' lang='lat' dir='ltr'><strong>et</strong></span> <span class='ocrx_word' id='word_1_318' title='bbox 495 3676 635 3733; x_wconf 89' lang='lat' dir='ltr'><strong>amissum</strong></span> <span class='ocrx_word' id='word_1_319' title='bbox 658 3675 774 3734; x_wconf 87' lang='lat' dir='ltr'><strong>bonum</strong></span> <span class='ocrx_word' id='word_1_320' title='bbox 799 3673 897 3737; x_wconf 86' lang='lat' dir='ltr'><strong>filium</strong></span> <span class='ocrx_word' id='word_1_321' title='bbox 912 3679 1088 3740; x_wconf 87' lang='lat' dir='ltr'><strong>medullitus</strong></span> <span class='ocrx_word' id='word_1_322' title='bbox 1102 3694 1204 3751; x_wconf 54' lang='lat' dir='ltr'><strong>uana„</strong></span> <span class='ocrx_word' id='word_1_323' title='bbox 1219 3706 1253 3745; x_wconf 81' lang='lat' dir='ltr'><strong>sa.</strong></span> 
     </span>
     <span class='ocr_line' id='line_1_39' title="bbox 23 3755 1090 3845; baseline 0.007 -29"><span class='ocrx_word' id='word_1_324' title='bbox 23 3778 162 3839; x_wconf 87' lang='lat' dir='ltr'><strong>gemere,</strong></span> <span class='ocrx_word' id='word_1_325' title='bbox 195 3771 226 3817; x_wconf 86' lang='lat' dir='ltr'><strong>et</strong></span> <span class='ocrx_word' id='word_1_326' title='bbox 253 3779 420 3840; x_wconf 84' lang='lat' dir='ltr'><strong>pravorum</strong></span> <span class='ocrx_word' id='word_1_327' title='bbox 450 3755 585 3817; x_wconf 85' lang='lat' dir='ltr'><strong>filiorum</strong></span> <span class='ocrx_word' id='word_1_328' title='bbox 601 3762 800 3841; x_wconf 88' lang='lat' dir='ltr'><strong>praesentiam</strong></span> <span class='ocrx_word' id='word_1_329' title='bbox 820 3761 877 3822; x_wconf 89' lang='lat' dir='ltr'><strong>sub</strong></span> <span class='ocrx_word' id='word_1_330' title='bbox 900 3767 1090 3845; x_wconf 85' lang='lat' dir='ltr'><strong>aequanimi·</strong></span> 
     </span>
     <span class='ocr_line' id='line_1_40' title="bbox 23 3839 1265 3926; baseline 0.007 -26"><span class='ocrx_word' id='word_1_331' title='bbox 23 3853 82 3901; x_wconf 83' lang='lat' dir='ltr'><strong>late</strong></span> <span class='ocrx_word' id='word_1_332' title='bbox 104 3841 250 3902; x_wconf 87' lang='lat' dir='ltr'><strong>tolerare.</strong></span> <span class='ocrx_word' id='word_1_333' title='bbox 292 3844 374 3903; x_wconf 87' lang='lat' dir='ltr'><strong>Haec</strong></span> <span class='ocrx_word' id='word_1_334' title='bbox 389 3841 504 3924; x_wconf 89' lang='lat' dir='ltr'><strong>Josepb</strong></span> <span class='ocrx_word' id='word_1_335' title='bbox 525 3842 632 3903; x_wconf 90' lang='lat' dir='ltr'><strong>docuit</strong></span> <span class='ocrx_word' id='word_1_336' title='bbox 649 3866 667 3904; x_wconf 92' lang='lat' dir='ltr'><strong>a</strong></span> <span class='ocrx_word' id='word_1_337' title='bbox 686 3842 834 3906; x_wconf 80' lang='lat' dir='ltr'><strong>fratribus</strong></span> <span class='ocrx_word' id='word_1_338' title='bbox 853 3848 1089 3926; x_wconf 86' lang='lat' dir='ltr'><strong>venumdatum,</strong></span> <span class='ocrx_word' id='word_1_339' title='bbox 1102 3839 1265 3897; x_wconf 72' lang='lat' dir='ltr'><strong>⁰⁶¹²·⁴²’²·&#39;¹l·</strong></span> 
     </span>
     <span class='ocr_line' id='line_1_41' title="bbox 23 3923 1091 4018; baseline 0.014 -36"><span class='ocrx_word' id='word_1_340' title='bbox 23 3923 167 3986; x_wconf 87' lang='lat' dir='ltr'><strong>libertate</strong></span> <span class='ocrx_word' id='word_1_341' title='bbox 197 3928 288 3986; x_wconf 83' lang='lat' dir='ltr'><strong>animi</strong></span> <span class='ocrx_word' id='word_1_342' title='bbox 319 3928 449 3986; x_wconf 82' lang='lat' dir='ltr'><strong>infracta</strong></span> <span class='ocrx_word' id='word_1_343' title='bbox 480 3931 634 3988; x_wconf 89' lang='lat' dir='ltr'><strong>servitium</strong></span> <span class='ocrx_word' id='word_1_344' title='bbox 661 3931 805 4012; x_wconf 87' lang='lat' dir='ltr'><strong>perpeti,</strong></span> <span class='ocrx_word' id='word_1_345' title='bbox 835 3943 868 3990; x_wconf 90' lang='lat' dir='ltr'><strong>et</strong></span> <span class='ocrx_word' id='word_1_346' title='bbox 883 3933 995 3993; x_wconf 88' lang='lat' dir='ltr'><strong>eisdem</strong></span> <span class='ocrx_word' id='word_1_347' title='bbox 1017 3947 1091 4018; x_wconf 86' lang='lat' dir='ltr'><strong>post</strong></span> 
     </span>
     <span class='ocr_line' id='line_1_42' title="bbox 24 4009 1266 4095; baseline 0.004 -27"><span class='ocrx_word' id='word_1_348' title='bbox 24 4009 176 4071; x_wconf 86' lang='lat' dir='ltr'><strong>fratribus</strong></span> <span class='ocrx_word' id='word_1_349' title='bbox 198 4025 298 4071; x_wconf 87' lang='lat' dir='ltr'><strong>mente</strong></span> <span class='ocrx_word' id='word_1_350' title='bbox 329 4032 393 4071; x_wconf 92' lang='lat' dir='ltr'><strong>non</strong></span> <span class='ocrx_word' id='word_1_351' title='bbox 419 4010 495 4070; x_wconf 89' lang='lat' dir='ltr'><strong>elata</strong></span> <span class='ocrx_word' id='word_1_352' title='bbox 522 4014 703 4094; x_wconf 84' lang='lat' dir='ltr'><strong>principari.</strong></span> <span class='ocrx_word' id='word_1_353' title='bbox 759 4013 840 4073; x_wconf 89' lang='lat' dir='ltr'><strong>Haec</strong></span> <span class='ocrx_word' id='word_1_354' title='bbox 857 4016 1003 4095; x_wconf 90' lang='lat' dir='ltr'><strong>Moysen,</strong></span> <span class='ocrx_word' id='word_1_355' title='bbox 1036 4019 1215 4081; x_wconf 69' lang='lat' dir='ltr'><strong>de-motsa.</strong></span> <span class='ocrx_word' id='word_1_356' title='bbox 1231 4039 1266 4078; x_wconf 77' lang='lat' dir='ltr'><strong>si.</strong></span> 
     </span>
     <span class='ocr_line' id='line_1_43' title="bbox 23 4092 1093 4179; baseline 0.011 -28"><span class='ocrx_word' id='word_1_357' title='bbox 23 4092 184 4177; x_wconf 85' lang='lat' dir='ltr'><strong>linquente</strong></span> <span class='ocrx_word' id='word_1_358' title='bbox 206 4096 346 4179; x_wconf 88' lang='lat' dir='ltr'><strong>populo,</strong></span> <span class='ocrx_word' id='word_1_359' title='bbox 371 4107 511 4176; x_wconf 89' lang='lat' dir='ltr'><strong>etusque</strong></span> <span class='ocrx_word' id='word_1_360' title='bbox 533 4095 571 4154; x_wconf 88' lang='lat' dir='ltr'><strong>ad</strong></span> <span class='ocrx_word' id='word_1_361' title='bbox 595 4099 775 4179; x_wconf 88' lang='lat' dir='ltr'><strong>petitionem</strong></span> <span class='ocrx_word' id='word_1_362' title='bbox 804 4103 913 4160; x_wconf 91' lang='lat' dir='ltr'><strong>mortis</strong></span> <span class='ocrx_word' id='word_1_363' title='bbox 934 4103 965 4160; x_wconf 92' lang='lat' dir='ltr'><strong>in</strong></span> <span class='ocrx_word' id='word_1_364' title='bbox 1013 4107 1093 4163; x_wconf 92' lang='lat' dir='ltr'><strong>reci·</strong></span> 
     </span>
     <span class='ocr_line' id='line_1_44' title="bbox 23 4124 1093 4268; baseline 0.01 -32"><span class='ocrx_word' id='word_1_365' title='bbox 23 4175 81 4238; x_wconf 82' lang='lat' dir='ltr'><strong>bus</strong></span> <span class='ocrx_word' id='word_1_366' title='bbox 103 4183 230 4255; x_wconf 87' lang='lat' dir='ltr'><strong>stravit,</strong></span> <span class='ocrx_word' id='word_1_367' title='bbox 253 4192 282 4240; x_wconf 87' lang='lat' dir='ltr'><strong>et</strong></span> <span class='ocrx_word' id='word_1_368' title='bbox 306 4200 405 4261; x_wconf 88' lang='lat' dir='ltr'><strong>usque</strong></span> <span class='ocrx_word' id='word_1_369' title='bbox 424 4179 465 4239; x_wconf 90' lang='lat' dir='ltr'><strong>ad</strong></span> <span class='ocrx_word' id='word_1_370' title='bbox 482 4180 724 4241; x_wconf 84' lang='lat' dir='ltr'><strong>interfectionem</strong></span> <span class='ocrx_word' id='word_1_371' title='bbox 746 4182 856 4267; x_wconf 90' lang='lat' dir='ltr'><strong>populi</strong></span> <span class='ocrx_word' id='word_1_372' title='bbox 876 4207 933 4268; x_wconf 90' lang='lat' dir='ltr'><strong>per</strong></span> <span class='ocrx_word' id='word_1_373' title='bbox 954 4124 1009 4246; x_wconf 78' lang='lat' dir='ltr'><strong>zeii</strong></span> <span class='ocrx_word' id='word_1_374' title='bbox 1025 4201 1093 4248; x_wconf 89' lang='lat' dir='ltr'><strong>stu·</strong></span> 
     </span>
     <span class='ocr_line' id='line_1_45' title="bbox 24 4262 1092 4355; baseline 0.01 -34"><span class='ocrx_word' id='word_1_375' title='bbox 24 4262 111 4326; x_wconf 86' lang='lat' dir='ltr'><strong>dium</strong></span> <span class='ocrx_word' id='word_1_376' title='bbox 129 4267 247 4327; x_wconf 82' lang='lat' dir='ltr'><strong>erexit:</strong></span> <span class='ocrx_word' id='word_1_377' title='bbox 269 4277 306 4326; x_wconf 89' lang='lat' dir='ltr'><strong>ut</strong></span> <span class='ocrx_word' id='word_1_378' title='bbox 330 4276 360 4325; x_wconf 91' lang='lat' dir='ltr'><strong>et</strong></span> <span class='ocrx_word' id='word_1_379' title='bbox 381 4284 442 4348; x_wconf 91' lang='lat' dir='ltr'><strong>pro</strong></span> <span class='ocrx_word' id='word_1_380' title='bbox 460 4276 609 4347; x_wconf 89' lang='lat' dir='ltr'><strong>pereunte</strong></span> <span class='ocrx_word' id='word_1_381' title='bbox 624 4264 717 4351; x_wconf 82' lang='lat' dir='ltr'><strong>plebe</strong></span> <span class='ocrx_word' id='word_1_382' title='bbox 732 4286 798 4330; x_wconf 67' lang='lat' dir='ltr'><strong>me</strong></span> <span class='ocrx_word' id='word_1_383' title='bbox 813 4271 908 4332; x_wconf 86' lang='lat' dir='ltr'><strong>morti</strong></span> <span class='ocrx_word' id='word_1_384' title='bbox 928 4269 1092 4355; x_wconf 74' lang='lat' dir='ltr'><strong>objiceret,</strong></span> 
     </span>
    </p>
   </div>
   <div class='ocr_carea' id='block_1_5' title="bbox 0 0 1380 4770">
    <p class='ocr_par' dir='ltr' id='par_1_6' title="bbox 0 0 1380 4770">
     <span class='ocr_line' id='line_1_46' title="bbox 0 0 1380 4770; baseline 0 0"><span class='ocrx_word' id='word_1_385' title='bbox 0 0 1380 4770; x_wconf 95' lang='lat' dir='ltr'><strong> </strong></span> 
     </span>
    </p>
   </div>
  </div>
 </body>
</html>
