2768 4762
112 389 201 452 xus
317 388 465 471 mous,
480 386 630 455 nouus
670 382 921 484 cssscfflsns
954 383 1146 457 onomast

269 728 667 844 TOMUS
733 729 1203 842 PRIMUS.

114 977 144 1045 1.
194 974 253 1045 De
284 973 377 1046 Fide
410 991 447 1046 et
471 973 652 1074 Symbola
682 974 816 1066 Fidei,
851 999 917 1069 per
940 976 1169 1070 quaestiones
1187 993 1263 1056 82„
1291 973 1353 1043 ubi

45 1098 49 1107 '
213 1098 313 1168 inter
342 1106 489 1170 caetera
518 1100 633 1170 etiam
656 1101 786 1194 agitur

199 1263 255 1327 De
275 1272 410 1329 auctore
431 1265 582 1346 symboli
601 1266 792 1348 apostolici,
814 1264 1003 1349 quaestione
1023 1278 1055 1334 5.

200 1394 256 1459 De
277 1397 434 1459 descensu
455 1394 577 1459 Christi
598 1398 643 1458 od
661 1391 807 1478 inferos,
829 1396 1018 1478 quaestione
1040 1408 1090 1462 13.

197 1524 253 1587 De
273 1525 360 1588 notis
380 1524 568 1603 Ecclesiae,
589 1527 678 1606 quod
701 1544 741 1587 ea
754 1525 798 1587 sit
827 1524 983 1602 Vssibilis,
1002 1532 1126 1611 quaest.
1145 1536 1193 1591 18.

195 1653 251 1717 De
266 1655 353 1718 notis
373 1655 559 1732 Ecclesiae,
583 1656 671 1735 quod
692 1673 733 1716 ea
756 1653 799 1716 sit
828 1653 921 1731 Una,
954 1664 1078 1734 quaest.
1096 1669 1145 1723 18.

100 1820 103 1827 ·
145 1872 149 1887 Ι
198 1784 255 1848 De
275 1785 362 1848 notis
384 1785 569 1861 Ecclesiae,
597 1787 687 1863 quael
706 1805 746 1847 ea
765 1785 810 1848 sit
827 1786 966 1865 Sancta,
998 1794 1122 1866 quaest.
1146 1796 1194 1852 18·

198 1912 254 1976 De
272 1913 359 1975 notis
376 1911 561 1990 Ecclesiae,
592 1914 681 1991 quod
693 1931 736 2009 ea
753 1915 798 1977 sit
820 1915 1005 1993 Catholico,
1026 1921 1150 1994 quaest.
1175 1927 1227 1983 18.

114 2095 160 2166 11.
209 2095 267 2167 De
302 2095 377 2197 Spe
412 2112 449 2168 et
482 2094 657 2195 Osatione
682 2096 889 2190 Dominioo,
917 2116 999 2174 cum
1025 2096 1191 2196 angelico
1215 2097 1349 2172 saluta·

211 2217 339 2304 tione,
362 2243 427 2312 per
450 2219 678 2312 quaestiones
704 2237 761 2298 19.
811 2227 929 2317 Atque
953 2224 1068 2294 etiam

209 2394 213 2401 ¹
285 2412 341 2476 De
363 2412 426 2495 Spe
447 2433 523 2478 cum
543 2412 660 2477 timore
680 2413 926 2500 conjungendo,
955 2416 1142 2498 quaestione
1161 2431 1192 2484 2.

209 2597 214 2609 .
280 2541 336 2606 De
363 2543 479 2605 Laude
509 2543 623 2608 beatae
654 2542 789 2607 Mariae
826 2544 985 2630 Virginis,
1019 2547 1207 2630 quaestione
1240 2558 1288 2615 15.
1315 2554 1347 2609 et

318 2650 538 2732 sequentibus.

279 2777 335 2843 De
365 2776 575 2843 Veneratione
596 2779 711 2843 beatae
731 2778 867 2843 Mariae
896 2779 1061 2867 Virginis,
1084 2781 1275 2865 quaestione
1298 2795 1346 2850 18.

320 2895 353 2950 et
373 2887 592 2970 sequentibus.

278 3038 335 3104 De
355 3040 567 3104 inuocatione
590 3038 701 3102 beatae
724 3037 860 3102 Mariae
898 3036 1060 3123 Virginis,
1088 3039 1277 3121 quaestione
1299 3053 1347 3109 15.

315 3156 349 3211 et
369 3138 588 3231 sequentibus.

106 3338 168 3410 111.
216 3335 274 3407 De
313 3286 473 3407 Caritate
505 3346 543 3404 et
576 3329 757 3405 mandatis
790 3330 992 3430 Decologi,
1027 3357 1092 3426 per
1115 3310 1343 3427 quaestiones

212 3472 270 3540 88.
320 3462 418 3530 Item

273 3661 329 3723 An
350 3656 511 3717 mandata
532 3652 693 3740 Decalogi
712 3655 757 3741 ael
785 3650 1002 3723 Christianos·
1010 3651 1216 3734 pertineant,
1241 3670 1341 3735 quae·

315 3764 422 3828 stione
441 3776 473 3831 8.

274 3900 329 3961 An
349 3917 389 3957 eo
409 3892 539 3975 impleri
558 3893 707 3976 possint,
729 3891 918 3973 quaestione
938 3901 970 3956 6.

275 4026 329 4089 De
352 4027 550 4088 Sanctorum
571 4023 799 4101 invocatione,
833 4021 1023 4102 quaestione
1043 4032 1072 4087 8.

275 4156 330 4218 De
352 4154 549 4218 Sanctorum
571 4152 691 4229 Cultu,
727 4152 916 4236 quaestione
937 4164 966 4221 a.

280 4286 335 4349 De
357 4285 553 4350 Sanctorum
573 4282 750 4368 Reliquiis,
774 4280 962 4367 quaestione
983 4292 1011 4347 8
