2768 4762
493 112 826 185 srnrono
1190 126 1244 197 ω

249 304 277 371 l.
297 302 390 390 Reg.
421 302 480 365 Xe
514 306 600 369 Tulit
625 318 729 368 nutem
752 302 878 366 Samuel
907 302 1084 397 lenticulam
1106 302 1191 388 5151,
1210 320 1243 373 et

169 413 278 477 effudit
296 433 391 499 snper
412 424 507 495 caput
529 410 647 489 Saulis,
676 425 709 474 et
734 409 1108 489 (155555155555555555,
1130 427 1161 476 et
1176 418 1242 477 nite

165 521 248 582 11555
259 564 271 595 ,
292 524 381 581 55515
400 530 432 580 55
455 518 607 580 Dominus
636 538 732 603 super
757 518 976 580 haereditatem
991 538 1078 580 snam
1099 522 1132 581 in
1150 524 1240 605 prin·

166 630 268 711 cipem
279 673 288 705 ‚
313 642 344 689 et
368 621 515 689 liberabis
527 625 685 710 populum
707 646 797 686 55555
825 626 864 687 de
884 624 1023 689 manibus
1041 630 1239 693 inimieorum

164 738 250 815 ejus,
285 738 339 817 qui
360 736 393 796 in
412 736 549 795 circuitu
566 736 635 815 ejus
644 745 732 795 5555.
776 731 818 795 Et
837 732 900 794 hoc
925 733 984 794 tibi
1001 736 1139 816 signum,
1162 738 1237 820 quin

163 845 252 901 unxit
277 854 308 902 55
331 841 416 901 Dens
434 844 466 899 in
480 842 662 924 principem.

249 970 296 1030 lb
310 970 363 1031 id.
391 969 496 1031 XVI=
517 970 604 1030 Tulit
622 988 697 1055 ergo
718 966 840 1030 Samuel
862 984 962 1028 corun
988 971 1071 1045 olel,
1093 982 1124 1029 et
1149 964 1237 1034 unxit

162 1073 296 1136 Durid'
289 1098 320 1136 ι5
344 1076 448 1137 medio
482 1077 615 1136 lratrum
635 1080 721 1156 ejus·
744 1088 774 1136 et
790 1078 927 1136 directus
948 1086 994 1136 est
1022 1077 1151 1183 spiritus
1171 1076 1240 1139 Do·

164 1184 277 1245 1151515
300 1183 350 1243 dic
373 1182 476 1243 illam
503 1181 622 1258 David,
647 1193 678 1242 55
701 1182 856 1266 deinceps

253 1312 368 1375 loun.
388 1312 436 1373 1.·
464 1310 506 1372 Et
533 1308 664 1371 rerbnni
698 1330 772 1373 5555
801 1312 1007 1388 factumest,
1039 1318 1070 1370 et
1090 1298 1245 1369 habitarit

36 1410 41 1431 ¹
168 1421 202 1477 in
216 1418 329 1495 nobis,
353 1421 397 1495 (et
414 1417 547 1477 vidimus
563 1417 694 1503 gloriam
718 1420 804 1500 ejus,
825 1419 956 1503 gloriam
983 1418 1070 1501 quasi
1091 1404 1244 1500 unigeniti

171 1541 190 1583 5
206 1524 310 1606 patre)
331 1520 457 1609 plenum
480 1525 597 1613 gratis'e
614 1530 645 1585 et
661 1526 808 1585 veritatis.
852 1526 894 1586 Et
909 1526 947 1586 de
954 1518 1158 1609 plenitudine
1170 1526 1239 1633 ejus
1313 1552 1316 1557 ·

165 1648 229 1692 555
245 1650 349 1693 omnes
379 1634 567 1715 recepimus,
595 1644 625 1693 et
646 1634 773 1716 gratiam
795 1652 856 1716 pro
879 1633 986 1715 gratia.

251 1758 371 1823 Ibide
405 1760 578 1857 Invenimus
612 1764 768 1843 Messinm,
802 1762 890 1848 quod
913 1774 958 1824 est
984 1764 1233 1847 interpretatum,

166 1864 374 1935 Christus.

248 1997 378 2084 Apoc.
399 1998 518 2064 xm:
555 1999 597 2065 lli
624 2024 693 2065 cum
720 2000 809 2088 1555
839 2004 1043 2091 pugnabunt,
1076 2014 1107 2065 et
1128 2000 1236 2088 Agnus

164 2106 267 2167 vincet
283 2106 366 2185 illos,
381 2108 528 2191 quoniam
540 2111 695 2171 Dominus
705 2111 915 2175 Dominorum
922 2125 980 2191 est,
1002 2113 1238 2197 551155555555.Ι

251 2231 294 2294 Et
323 2230 426 2296 me
460 2237 501 2296 Et
526 2238 620 2299 habet
646 2240 679 2297 15
701 2241 881 2299 vestimento
903 2252 935 2299 et
964 2244 998 2299 in
1033 2242 1150 2301 femore
1175 2260 1238 2303 550

165 2341 338 2425 scriptum,
359 2343 431 2403 1155
440 2362 548 2425 regum
564 2357 596 2405 et
611 2345 765 2405 Dominus
786 2346 1019 2407 dominantium.

250 2471 369 2532 Hebr.
392 2471 467 2533 111.=
491 2472 691 2536 Considerate
706 2474 894 2559 Apostolum
918 2488 948 2537 et
965 2468 1151 2535 Pontificem
1161 2426 1240 2533 cond

68 2628 73 2653 ,
167 2580 311 2643 fessionis
337 2592 464 2641 nostrae
496 2580 514 2640 J
521 2594 639 2657 esum,
673 2584 726 2665 qni
756 2580 992 2681 1151511555551,1
1016 2582 1073 2664 qui
1103 2577 1178 2639 15515
1199 2576 1240 2640 il-

167 2686 250 2766 lum,
273 2690 355 2750 sicut
378 2698 409 2749 et
438 2688 563 2765 Moyses
589 2691 632 2751 15’
644 2690 729 2751 omni
750 2689 844 2751 domo
869 2690 949 2773 ejus.

263 2816 305 2881 Et
326 2816 382 2883 Vm
404 2816 534 2879 Chris
545 2830 615 2881 tus
638 2824 703 2882 n'on
717 2841 748 2881 55
756 2841 858 2904 ipsum
875 2816 1066 2898 clarificavit,
1078 2784 1116 2881 ut
1126 2813 1240 2881 Ponte

168 2926 218 2987 155
238 2924 346 2989 lieret:
369 2926 424 2987 sed
441 2928 496 3008 qui
518 2924 643 2987 loeutus
657 2940 703 2988 555
727 2927 767 2988 ad
784 2950 871 3007 enm,
895 2928 994 2991 Filius
1021 2934 1106 2987 mcu's
1126 2946 1157 2988 55
1180 2936 1240 2986 tut
1367 2976 1372 2984 .

168 3052 228 3117 ego
247 3032 343 3097 lindie
367 3035 459 3119 genui
480 3046 521 3095 55.
564 3031 830 3111 Quemadmodum
852 3048 883 3096 55
915 3038 947 3095 15
969 3034 1030 3095 alio
1054 3032 1126 3095 loco
1143 3033 1239 3093 dicit·

166 3132 218 3201 'su
254 3161 286 3201 55
305 3142 485 3203 sacerdos
476 3163 509 3202 55
533 3152 689 3202 oeternum
714 3141 882 3202 seeundum
909 3140 1051 3204 ordinem
1073 3137 1241 3201 Μ51511115-

167 3245 259 3310 515515.
303 3246 395 3327 Qui'
387 3268 418 3309 ι5
444 3245 554 3310 diebus
574 3250 786 3324 5555155555,
808 3269 915 3332 preces
931 3242 1238 3361 supplicationesque

166 3355 207 3417 nd
227 3374 318 3430 eum,
340 3359 395 3439 qui
415 3352 619 3442 possitillum'
644 3355 761 3417 salvum
783 3355 883 3416 lacere
903 3378 920 3417 a
939 3370 1060 3436 morte,
1084 3367 1153 3417 cnm'
1173 3346 1238 3415 511-

167 3484 256 3559 more
277 3462 381 3526 valido
398 3476 428 3524 et
451 3462 583 3525 lacrimis
598 3460 760 3540 offerens,
781 3462 940 3523 exauditus
965 3446 1010 3523 est
1031 3482 1094 3547 pro
1114 3470 1179 3521 555
1186 3458 1238 3522 ’55-·’

167 3554 317 3635 verentia.
359 3572 403 3633 Et
428 3570 565 3654 quidem
585 3592 655 3631 cum
683 3583 762 3631 esset
786 3566 870 3630 filius
898 3568 990 3646 1151,
1000 3568 1113 3631 didicit
1134 3588 1172 3663 55
1188 3571 1237 3647 115,

167 3700 250 3763 qnae
274 3698 383 3764 passus
412 3689 477 3757 est,
500 3678 724 3740 obedientiam:
748 3689 779 3738 et
805 3664 1051 3755 consummatus,
1074 3646 1238 3737 1555515551

164 3788 314 3859 omnibus
336 3787 622 3871 obtemperantibus
650 3784 728 3865 sibi,
760 3806 850 3847 55555
871 3784 978 3848 5515515
999 3780 1157 3864 aeternae,
1180 3786 1238 3871 apl·

164 3892 303 3982 pellatur
324 3880 428 3959 11155
447 3892 592 3957 Pontifex
608 3894 697 3977 jnt'ta
715 3890 856 3958 ordinem
873 3890 1111 3959 Melchisedech.
