2768 4762
226 408 344 485 rw
483 412 488 426 ·
648 390 951 479 numum
1052 379 1055 391 .

266 599 419 658 cuntur:
445 572 661 684 lu‘reliquia
674 600 836 684 quatuor
856 579 967 654 etiam
977 578 1217 680 temporaria,
1243 603 1342 683 quae

187 713 190 719 ’
267 723 305 779 et
337 706 431 806 ipse
451 727 609 810 proptor
644 725 798 783 aeterna
828 702 1094 803 consequenda
1122 717 1208 807 sunt
1231 702 1344 779 nobis

176 848 177 853 ’
266 829 494 905 necessaria.

528 1032 993 1126 ‘paunus

357 1227 385 1283 1.
406 1216 443 1277 A.
486 1214 745 1279 AUGUSTINUS
776 1218 809 1276 in
832 1213 961 1276 Enchir.
978 1210 1023 1275 ad
1043 1207 1140 1280 Laur.
1160 1229 1229 1294 cap.
1251 1221 1362 1278 Μω-

93 1332 187 1387 W„
203 1330 261 1387 μή,
273 1298 368 1383 Apud
390 1298 615 1383 Euangelistam
643 1299 830 1361 Matthaeuna
863 1311 979 1382 septem
997 1297 1161 1380 petitiones
1182 1296 1342 1356 continere

93 1383 437 1475 {22⁸3,f,22⁸·Dominica
470 1384 595 1445 videtur
625 1396 746 1445 oratio:
777 1404 910 1467 quarum
939 1384 972 1444 iu
992 1380 1094 1447 tribus
1125 1392 1249 1467 aeterna
1266 1398 1344 1462 pos·

95 1481 138 1524 uo.
274 1480 405 1554 cuntur,
428 1471 460 1528 in
483 1469 612 1551 reliquis
633 1481 771 1550 quatuor
791 1465 988 1551 temporalia,
1021 1488 1100 1548 quae
1120 1479 1220 1529 tamen
1242 1483 1343 1549 prop-

272 1566 322 1615 ter
341 1565 464 1615 aeterna
480 1553 699 1636 consequenda
719 1565 792 1614 sunt
812 1555 991 1614 necessaria.
1072 1557 1077 1583 ¹

356 1637 386 1703 u
429 1637 547 1697 IDEM.
569 1636 603 1696 L.
626 1637 666 1697 Π.
691 1636 786 1698 Serm.
809 1637 900 1698 Dom.
924 1638 957 1697 in
977 1648 1077 1697 mont.
1098 1656 1165 1720 cap.
1190 1647 1252 1703 tt:
1277 1633 1343 1695 Ha-

175 1720 183 1737 '
272 1740 342 1780 rum
367 1734 491 1804 septem
539 1723 702 1781 etitionum
723 1721 949 1783 consideranda
972 1733 1003 1782 et
1025 1718 1265 1781 commendanda
1292 1717 1343 1777 di·

128 1870 130 1877 ,
231 1837 232 1840 ¹
271 1807 398 1867 stinctio
423 1819 476 1868 est.
548 1824 689 1868 ameum
706 1809 770 1869 vita
790 1818 898 1868 nostra
925 1805 1143 1889 temporaliter
1164 1824 1245 1865 nuuc
1270 1822 1342 1886 aga-

271 1900 345 1966 tur,
377 1902 470 1971 atque
496 1890 640 1972 speretur
668 1900 807 1952 aeterna:
836 1903 867 1952 et
892 1912 962 1951 cum
993 1902 1118 1967 aeterna
1148 1891 1255 1972 priora
1281 1889 1344 1948 sint

271 1973 437 2056 dignitate,
461 1975 597 2056 quamvis
618 1974 843 2058 temporalibus
866 1977 954 2058 prius
975 1977 1051 2036 actis
1071 1973 1110 2034 ad
1131 1973 1184 2034 illa
1206 1986 1344 2033 trausea-

269 2068 339 2135 tur,
362 2060 458 2119 trium
480 2059 650 2141 primarum
671 2062 859 2146 petitionum
880 2060 1113 2140 impetrationes
1135 2060 1166 2117 in
1189 2056 1247 2117 hac
1268 2057 1343 2132 vita,

267 2161 347 2222 qnae
381 2144 413 2203 iu
444 2144 504 2209 isto
532 2141 656 2204 saeculo
692 2146 816 2228 agitur,
848 2143 1008 2207 exordium
1029 2163 1063 2203 ca
1087 2143 1166 2202 iunt.
1206 2140 1343 2222 Reliqua

267 2246 341 2286 vero
379 2240 536 2372 quatuqr‚
570 2248 650 2372 quae
671 2233 828 2314 petimus,
859 2226 899 2290 ad
920 2241 1043 2313 tempor
1074 2248 1121 2289 em
1138 2227 1227 2288 istam
1248 2226 1343 2286 vitam

292 2312 427 2371 ertiuere
447 2313 520 2371 mi'
568 2313 574 2326 '
618 2334 637 2371 u
694 2358 702 2374 .

130 2330 306 2470 ,minmpl
358 2408 389 2463 ὅ.
431 2334 537 2456 ITEit
547 2325 703 2481 ineepiisrt.
725 2411 796 2469 121·
817 2397 858 2460 ad
889 2395 1167 2480 Prob.cap.12.:
1202 2390 1345 2472 Quamli-

94 2470 204 2566 iiiii'e'n
228 2473 262 2550 ,ἵ
272 2476 327 2540 bet
360 2480 418 2540 alia
446 2480 541 2542 rerba
562 2481 717 2559 dicamus,
746 2505 824 2566 quae
846 2481 973 2545 allectus
1008 2482 1126 2543 orantis
1147 2478 1195 2566 ael
1217 2498 1346 2560 praece·

95 2568 120 2595 ⁶³
134 2570 156 2597 ¹⁰
173 2571 185 2597 ⁶
202 2571 245 2600 ¹¹¹·
272 2562 376 2625 dendo
408 2565 544 2643 format,
578 2579 616 2626 ut
644 2567 778 2646 clareat,
812 2568 861 2629 rel
898 2562 1284 2649 consequendoattendit,
1307 2572 1346 2620 ut

271 2662 411 2726 crescat,
435 2650 514 2711 nihil
542 2650 628 2712 aliud
650 2651 797 2729 dicimus,
832 2672 925 2735 quam
952 2650 1040 2732 quod
1063 2653 1095 2710 iu
1117 2651 1175 2709 ista
1200 2647 1346 2709 Domini·

268 2753 303 2791 ca
328 2736 470 2794 oratione
498 2737 636 2817 positum
667 2750 734 2815 est,
764 2739 897 2799 sirecte
924 2747 955 2796 et
978 2747 1186 2818 congruenter
1207 2751 1341 2793 oramus.

267 2816 416 2899 Quisquis
441 2831 543 2879 autem
572 2819 604 2880 id
627 2819 719 2896 dicit,
751 2821 840 2904 quod
863 2821 902 2881 ad
923 2822 1012 2880 istam
1033 2817 1248 2902 Evangelicam
1267 2836 1345 2901 pre·

172 2904 176 2917 ¹
266 2922 332 2960 cem
354 2905 511 2984 pertinere
531 2924 595 2963 non
617 2906 740 2987 possit,
764 2907 965 2967 etiamsinon
988 2903 1097 2965 illicite
1120 2915 1209 2978 orat,
1232 2921 1346 2961 carna-

266 2984 338 3044 liter
360 2998 449 3063 orat,
473 2987 561 3067 quod
583 2991 705 3065 nescio,
734 2989 995 3071 quemadmodum
1016 3008 1080 3048 uon
1103 2987 1226 3047 dicatur
1248 2985 1345 3045 illici·

266 3079 319 3127 te:
341 3071 596 3155 quandoquidem
616 3075 732 3154 spiritu
753 3086 894 3150 renatos,
917 3094 982 3133 non
1004 3074 1063 3134 uisi
1086 3070 1269 3154 spiritaliter
1287 3068 1345 3128 de-

267 3165 316 3212 cet
341 3174 440 3216 orare.
495 3155 537 3216 Et
558 3159 583 3217 si
605 3178 663 3239 per
685 3160 787 3219 omnia
807 3159 1023 3242 precationum
1050 3168 1225 3218 sanctarum
1246 3151 1344 3214 verbu

266 3236 445 3316 discurras,
482 3253 632 3323 quantum
663 3244 819 3323 existimo,
854 3242 933 3303 nihil
970 3242 1125 3316 invenies,
1161 3237 1248 3321 quod
1278 3259 1345 3298 non

266 3322 324 3382 ista
354 3324 519 3386 Dominica
551 3327 708 3387 contineat
735 3339 766 3388 ct
801 3326 970 3389 concludat
995 3327 1108 3387 oratio.
1150 3323 1239 3383 Unde
1262 3321 1346 3382 libe-

88 3415 336 3516 „iiiiir'iiii'mm
357 3421 424 3488 est,
447 3409 514 3470 aliis
536 3423 628 3493 atque
649 3412 716 3471 aliis
737 3411 859 3489 verbis,
884 3411 990 3473 eadem
1010 3421 1134 3487 tamen,
1164 3409 1196 3468 in
1219 3406 1344 3470 orando

88 3513 186 3559 radron
200 3497 254 3561 ,μέ
267 3490 387 3553 dicere:
419 3494 473 3556 sed
495 3516 559 3556 non
582 3493 676 3555 debet
693 3516 758 3556 esse
779 3495 935 3573 liberum,
971 3493 1030 3556 alia
1052 3494 1165 3555 dicere.
1208 3490 1295 3563 Haec⁵
1309 3502 1346 3550 et

265 3595 326 3656 pro
348 3575 461 3652 nobis,
497 3590 527 3639 et
549 3599 610 3661 pro
632 3582 769 3656 nostris,
802 3593 832 3640 et
852 3602 912 3665 pro
935 3580 1063 3657 alienis,
1096 3591 1188 3659 atque
1208 3597 1268 3661 pro
1290 3575 1345 3657 ip-

263 3661 305 3719 sis
341 3661 471 3723 inimicis
501 3664 567 3723 sine
589 3661 687 3724 fluctu
710 3662 915 3726 dubitationis
938 3664 1057 3726 oranda
1078 3674 1167 3725 sunt:
1203 3660 1346 3743 quamvis

264 3743 341 3804 alius
361 3766 423 3829 pro
445 3747 526 3816 isto,
559 3747 636 3808 alius
655 3769 716 3830 pro
739 3747 816 3823 illo,
849 3751 928 3811 sicut
960 3771 992 3811 se
1013 3746 1130 3809 habent
1151 3744 1348 3830 propinqui·

262 3839 341 3888 tates
376 3828 425 3889 vel
460 3829 701 3914 longinquitates
724 3833 1008 3913 necessitudinum,
1049 3834 1082 3896 iu
1105 3830 1202 3896 corde
1224 3829 1346 3894 orantis

263 3914 406 3992 oriatur,
428 3926 483 3975 aut
504 3915 631 3978 extollat
652 3915 788 3979 allectus.
1254 3918 1257 3923 ’
