2768 4762
413 387 629 459 οιιτιοιιιι
653 375 873 485 nouusqu-
1092 377 1172 473 ree

99 582 217 657 mundo
240 592 297 661 eat·
347 577 392 644 Et
416 560 552 643 mundus
585 573 720 651 transit,
745 554 793 631 'et
814 558 1067 650 eoncupiscentia
1093 556 1171 642 ejus.

100 696 165 778 Qut
182 701 284 757 anun
301 684 379 752 treis
399 685 598 751 -volnnueem
620 682 713 760 Dm,
747 686 849 741 manet
866 674 899 737 ιιι
919 682 1088 736 scurnum.

181 822 230 888 Et
250 818 308 885 Va
338 815 460 894 Omne,
493 815 579 900 quod
596 826 703 879 natum
717 831 752 874 ex
772 807 864 886 Deo,
886 802 984 867 vincit
1011 796 1173 863 munduca

95 930 143 998 Et
163 928 240 994 baec
259 938 307 992 est
334 924 491 1003 victoria,
521 945 601 1010 qnae
632 921 730 985 vincit
753 911 917 994 mundum,
955 906 1034 1000 fides
1055 918 1174 971 noun.

182 1054 317 1124 Mettis.
346 1051 457 1119 xvh
493 1052 612 1139 Siquis
634 1052 703 1116 vuit
724 1056 799 1135 post
818 1063 867 1107 me
885 1040 1009 1122 venire,
1043 1011 1175 1124 ebndget

100 1168 320 1252 temetipsum,
344 1171 377 1224 et
396 1159 491 1224 tollat
515 1181 638 1224 erucem
668 1178 775 1235 suam,
808 1164 841 1216 et
858 1161 1006 1234 sequatur
1029 1170 1089 1212 me.

185 1275 215 1341 I.
240 1272 334 1336 Cor.
352 1268 431 1333 lX.s
461 1269 585 1354 Castigo
608 1286 725 1352 corpus
747 1280 866 1340 meum,
892 1256 972 1319 etin
996 1257 1176 1319 servitutem

100 1382 222 1467 redigo.
263 1377 403 1443 Ibidem.
435 1376 565 1456 Omnis,
600 1373 655 1457 qni
680 1373 714 1432 in
732 1375 831 1454 agone
853 1361 1025 1443 contendit,
1057 1360 1179 1425 abun·

101 1490 197 1553 nibus
217 1509 249 1550 se
270 1486 414 1549 abstinet.

187 1593 238 1656 Et
266 1593 329 1654 X.=
368 1589 433 1670 Qui
462 1609 495 1654 se
523 1586 675 1656 existimat
704 1605 719 1648 s
793 1625 804 1665 ,
843 1554 970 1659 videat,
1000 1594 1041 1638 ue
1077 1571 1178 1637 cadat.

101 1700 248 1763 Tentatio
270 1717 327 1760 vos
355 1715 418 1759 ιιοιι
448 1693 679 1783 apprehendat,
715 1693 775 1755 nisi
799 1690 944 1755 humaua
986 1683 1105 1748 Fidelit
1122 1702 1182 1747 ιιι·

107 1819 169 1866 tem
196 1803 304 1865 DEUS
330 1814 392 1883 est,
430 1809 486 1888 qui
518 1825 583 1867 nou
622 1802 771 1887 patietur
786 1818 842 1861 roa
872 1794 987 1859 tentari
1008 1813 1107 1878 supra
1134 1789 1179 1871 id,

107 1908 195 1993 qnod
213 1911 358 1995 potestise
386 1907 441 1972 sed
468 1910 563 1975 faciet
584 1911 673 1973 etiam
693 1928 765 1970 cunr
781 1904 953 1969 tentatione
977 1890 1174 1988 proventum,

104 2029 141 2079 ut
159 2019 282 2102 possitis
303 2019 463 2081 smtiuere.

182 2124 260 2186 Iac.
279 2120 357 2187 1v..
348 2122 510 2188 ·Nestitis
522 2165 534 2204 ,
572 2123 646 2210 quia
671 2120 806 2188 amicitia
825 2028 924 2204 buius
945 2078 1081 2182 muudi
1071 2112 1177 2179 inini-

102 2249 137 2292 ca
160 2243 205 2294 est
224 2228 320 2293 DEI?
363 2229 553 2315 Quicunque
567 2255 643 2320 ergo
664 2233 803 2296 uoluerit
826 2230 941 2292 amicus
978 2247 1043 2291 esse
1066 2242 1176 2291 saecu·

102 2333 125 2397 li
149 2336 243 2418 hujus
254 2377 275 2412 ,¹
288 2336 428 2399 inimicus
442 2340 519 2400 DEI
543 2343 753 2402 constituitur.

189 2443 273 2502 iae.
289 2440 336 2502 Le
371 2439 483 2505 Beatus
511 2441 582 2522 nir,
616 2447 672 2527 qui
706 2442 817 2506 suffert
844 2443 1066 2506 tentationem
1093 2459 1193 2526 quor

104 2553 205 2613 niam·
221 2567 290 2609 cum
314 2544 468 2634 probetne
490 2549 608 2627 fuerit,
639 2548 770 2633 accipiet
792 2568 941 2612 coronam
959 2550 1179 2630 vitae,quan1

105 2654 288 2743 repromisit
316 2656 401 2716 Deus
420 2653 623 2741 diligentibus
649 2675 691 2717 ae.
733 2655 831 2720 Nemo
849 2677 919 2719 curu
938 2666 1096 2734 tentatur,
1128 2652 1180 2716 di·

106 2778 178 2844 rat,
203 2761 352 2846 quoniam
384 2762 497 2826 aDeo
522 2775 670 2827 tentatur·
721 2763 807 2826 Deus
830 2765 909 2827 eninr
923 2763 1094 2826 intentator
1113 2780 1181 2822 rna·

107 2871 209 2934 lorum
239 2880 302 2931 est:
325 2871 392 2955 ipse
412 2883 513 2933 autern
536 2870 686 2932 neminem
706 2881 815 2935 tentat.
857 2866 1080 2955 Unusquisque
1103 2888 1178 2930 vero

106 2991 244 3042 tentatur
261 2998 280 3038 a
299 2977 550 3063 coucupiscentia
565 2998 621 3042 sua
634 2978 811 3042 ahstroems
828 2992 860 3043 et
884 2978 1019 3042 illectus:
1055 2974 1178 3062 Deinde

107 3086 359 3171 concupiscentia
383 3108 453 3148 cum
477 3088 671 3175 conceperit,
702 3090 785 3173 parit
806 3100 989 3172 peccatum:
1016 3096 1177 3175 peccatum

107 3212 182 3256 vero
204 3211 277 3258 cunr
301 3207 548 3259 consummatum
573 3196 684 3271 fuerit,
715 3209 841 3280 generat
865 3207 1006 3258 mortem.

189 3301 215 3362 1.
240 3302 356 3366 Petr.
390 3300 451 3364 V..·
489 3300 691 3364 Adversarius
730 3317 831 3366 vester
861 3302 1005 3366 diabolus
1029 3313 1178 3385 tanquam

102 3408 155 3500 leo
176 3410 299 3494 rugiens
321 3408 451 3487 circuit,
488 3430 638 3493 quaerens
660 3432 750 3494 quem
770 3411 908 3474 devoret.
964 3411 1022 3473 Cui
1045 3410 1176 3472 resistite

103 3519 204 3582 sortes
222 3521 253 3578 in
274 3515 347 3578 fide.
389 3518 500 3580 DEUS
522 3531 622 3583 autem
643 3523 743 3583 omnis
764 3521 895 3606 gratiae,
924 3518 1082 3583 modicum
1103 3536 1177 3605 pas-

105 3646 156 3690 sus
183 3629 249 3709 ipse
273 3622 432 3709 perficiet,
455 3623 671 3705 confirmabit,
694 3627 916 3714 solidabitque.
1085 3700 1090 3715 Ι

190 3734 233 3795 11.
254 3732 361 3795 Petr.
383 3735 446 3796 11.=
481 3734 577 3798 Novit
610 3734 762 3799 Dominus
797 3739 869 3823 pius
891 3735 930 3799 de
950 3735 1121 3800 tentatione
1140 3752 1177 3796 e-

107 3842 219 3926 ripere

189 3946 334 4034 pres.
355 3945 435 4013 v1.=
459 3947 585 4014 Induite
604 3971 660 4017 vos
681 3962 866 4014 armaturam
886 3949 972 4030 DEI,
993 3962 1029 4013 ut
1049 3949 1175 4034 possitis

107 4066 188 4118 stare
207 4057 353 4120 adversus
373 4057 499 4120 insidias
514 4058 655 4122 diaboli:
676 4061 823 4143 qnoniam
841 4080 906 4124 uon
933 4071 980 4122 est
1003 4057 1095 4121 nobis
1107 4057 1176 4121 coi-

109 4162 237 4229 iuctatio
259 4166 405 4229 adversus
427 4181 597 4230 canumet
616 4168 815 4252 sanguineus
836 4166 891 4230 aed
916 4166 1062 4230 adversus
1084 4168 1176 4250 prin-

103 4271 191 4356 cipe
220 4286 253 4338 et
284 4286 474 4360 potestator,
505 4256 653 4349 etimne
677 4275 785 4340 muudi
810 4287 949 4343 rectoru
976 4274 1174 4339 tenebrarum
