2768 4762
273 383 351 444 xrx
414 384 589 450 annosus
604 382 1036 472 ovonemmramom
1056 395 1219 478 pronon
1338 390 1342 406 ·

278 558 387 622 functis
406 579 511 620 arcana
537 561 770 622 consideratione
792 563 833 621 ait
855 565 901 635 (ut
922 563 1040 623 interim
1070 583 1105 626 or
1128 566 1234 630 divinis
1253 583 1283 632 et
1300 591 1352 636 vs·

278 655 415 715 ncraudis
430 660 509 715 illius
524 660 623 715 verbis
641 660 678 714 nd
694 659 923 716 manifestiorem
947 674 1114 719 nostrorum
1127 667 1349 730 demonstratio·

103 740 345 837 gffifflmem
359 753 471 830 aliquid
489 754 667 828 adaptemus)
689 750 796 829 inquit,¹
822 755 992 810 Sanctorum
1012 776 1113 830 preces
1133 762 1218 817 ctiam
1239 767 1268 818 in
1293 768 1348 825 ista

103 849 184 898 ⁶⁸tbi·
278 848 355 916 vita,
374 861 404 905 et
427 868 487 904 non
507 859 615 904 tautum
635 861 702 923 post
727 862 849 905 mortem
875 852 1014 924 prodesse
1034 853 1069 908 iis
1087 857 1176 921 solis,
1197 860 1247 932 qui
1266 860 1347 936 digni

279 955 354 1012 aunt,
377 956 408 999 ut
426 963 481 1018 pro
500 943 535 998 iis
551 956 664 999 sanctae
680 962 781 1018 preces
799 946 882 1009 fiant,
902 966 1005 1020 nempe
1023 947 1165 1010 lidclibus,

102 1035 268 1127 „Rssffgss”
350 1040 566 1096 GREGORIUS
595 1043 713 1114 Magnus
744 1041 821 1102 hom.
851 1049 898 1108 34.
928 1043 958 1096 in
985 1045 1114 1118 Evang.r
1144 1051 1249 1102 Fertur
1273 1068 1346 1107 vero

103 1140 123 1179 t·
137 1143 157 1180 s·
171 1141 195 1177 ss
209 1101 432 1205 tn⁹⁸Dionysius
456 1133 649 1209 Areopagum
677 1136 810 1209 antiquus
830 1136 966 1193 videlicet
989 1150 1017 1194 st
1041 1143 1217 1198 venerabilis
1241 1146 1343 1215 Pater,

277 1228 390 1291 dicere,
411 1229 491 1305 quod
515 1249 548 1286 cx
574 1231 718 1285 minorum
741 1231 909 1305 augelortnn
931 1234 1109 1307 agminibus,
1135 1236 1214 1291 lotas
1238 1238 1274 1293 ad
1298 1259 1345 1296 ax.

275 1324 413 1401 piendum
421 1324 610 1382 ministerium
628 1329 674 1380 vel
687 1325 843 1383 visibiliter
854 1328 901 1382 vel
917 1327 1104 1407 invisibiliter
1120 1333 1273 1388 mittuntur
1286 1345 1343 1391 cto.

348 1423 440 1476 vltis:
463 1422 547 1495 plura
573 1420 649 1495 apud
667 1422 786 1496 Nicepb.
810 1425 842 1478 L.
860 1423 896 1481 11.
912 1424 976 1480 bist.
997 1427 1061 1486 Eul.
1080 1446 1103 1482 e.
1117 1433 1175 1493 20„
1195 1427 1246 1482 ubi
1266 1428 1344 1485 intes·

274 1528 408 1584 caetera,
437 1517 499 1585 ejus
524 1518 631 1588 scripta
656 1526 889 1586 enumeraturus,
915 1519 956 1579 sic
979 1519 1148 1600 site-Quae
1176 1535 1270 1578 autem
1293 1525 1343 1580 ilic

275 1614 381 1689 scripta
409 1612 524 1667 sublimi
551 1630 648 1667 rerum
675 1612 839 1668 divinarum
870 1615 1112 1687 contemplatione
1139 1618 1287 1674 sententiis
1314 1631 1343 1675 ct

170 1698 177 1713 ⁸
273 1707 438 1764 elocutione
467 1706 633 1762 admiranda
659 1725 779 1779 prorsus
803 1719 832 1764 ct
855 1709 1044 1777 excellentia,
1071 1711 1269 1786 longoque'eb
1289 1712 1341 1781 iis,

273 1819 348 1875 quae
374 1820 430 1875 pro
458 1802 603 1857 hominum
630 1815 716 1880 captu
739 1803 814 1856 edita
842 1815 923 1870 eunt,
948 1805 1047 1860 dissita
1070 1811 1281 1883 composuerit,
1301 1811 1342 1865 sic

273 1897 398 1952 babent:
421 1897 546 1951 Primum
564 1895 680 1970 quidem
704 1914 776 1969 opus
795 1896 831 1951 de
850 1898 955 1954 divinit
976 1903 1140 1957 nominibus
1157 1906 1339 1979 conscripsit,

273 2001 328 2048 cto.
367 1991 442 2049 Vide
457 1992 543 2048 etiam
559 1993 728 2047 michaelem
745 1984 912 2066 syrmium,
926 2006 961 2089 ¹et
973 1996 1139 2052 Hilduinum
1153 2000 1183 2054 in
1195 2001 1256 2069 ejus
1269 2002 1338 2059 vita·

589 2187 657 2245 DE
694 2182 1019 2250 etentttto.

342 2356 576 2420 tuenstuens
600 2360 622 2414 L
648 2357 741 2420 IL'de
762 2359 855 2421 doctr.
874 2361 970 2424 christ.
989 2382 1014 2422 c.
1032 2368 1093 2428 l0.:
1120 2364 1222 2420 Nonne
1241 2359 1335 2438 adspi·

270 2459 379 2520 cimus,
399 2469 506 2533 quanto
531 2475 603 2511 auro
624 2467 651 2510 ct
669 2467 788 2529 argento
813 2467 841 2510 et
862 2471 940 2512 veste
958 2459 1156 2513 fuldarcinatus
1177 2459 1280 2514 exierit
1300 2459 1337 2516 de

268 2555 398 2630 Aegypto
420 2551 579 2625 Cyprianus
598 2549 701 2603 doctor
719 2551 921 2618 suavissimus,
939 2565 967 2610 ct
991 2565 1099 2625 martyr
1116 2552 1318 2609 beatissimus?

341 2652 435 2706 ITEM
452 2649 483 2702 b.
506 2648 543 2702 11.
564 2646 599 2701 de
619 2647 699 2701 bono
719 2658 918 2719 perseverant.
940 2667 963 2704 c.
985 2658 1043 2714 19.:
1070 2646 1145 2729 Quid
1166 2660 1259 2704 autem
1279 2662 1336 2703 anta

266 2748 343 2824 plius
363 2746 399 2802 dc
416 2748 468 2799 bac
483 2760 516 2796 re
531 2757 615 2815 agere
634 2741 793 2814 Cyprianus
812 2753 919 2813 martyr
938 2744 1162 2817 gloriosissimus
1179 2753 1207 2797 ct
1231 2743 1335 2799 doctor

266 2842 457 2898 lucidissimus
472 2837 568 2909 potuit
584 2847 638 2896 cto.
677 2839 711 2891 lit
728 2837 759 2895 t.
773 2837 809 2890 11.
832 2848 907 2895 cont.
925 2837 1050 2896 Julian:
1072 2836 1226 2892 Audiamus
1242 2839 1334 2894 victo·

265 2936 454 2993 riosissimum
474 2942 628 3002 martyrem
645 2930 818 3004 cyprianum
837 2943 891 2988 etc.
931 2934 955 2989 0
976 2937 1087 2988 Doctor
1104 2934 1334 3006 praeclarissime

266 3045 296 3089 et
313 3032 393 3088 testis
411 3027 634 3105 gloriosissimo,
655 3026 694 3080 sic
709 3026 852 3094 docuisti,
873 3028 914 3083 sic
932 3029 1094 3094 minuisti,
1115 3029 1155 3084 sic
1170 3041 1199 3085 te
1216 3029 1332 3087 audien·

265 3128 332 3184 dum
354 3124 576 3199 imitandumque
599 3124 768 3199 praebuisti.
806 3125 913 3181 Merito
932 3124 1019 3179 finitis
1045 3125 1109 3179 aliis
1135 3125 1261 3179 omnium
1285 3143 1352 3180 cu·-

262 3223 415 3301 piditatum
439 3223 660 3290 certaminibus,
680 3220 841 3295 sanatisque
863 3219 1051 3280 vulneribus.
1073 3239 1135 3274 cum
1155 3232 1281 3276 extremo
1302 3230 1332 3277 et

264 3320 390 3374 omniurn
410 3320 529 3373 maxims
547 3318 622 3373 vitae
643 3318 725 3386 hujus
743 3315 899 3391 cupiditate
921 3337 976 3393 pro
994 3318 1100 3373 Christi
1121 3317 1242 3372 veritate
1261 3332 1331 3391 pug-

262 3415 352 3481 nasti,
380 3425 408 3470 ct
425 3414 485 3483 ejus
507 3415 581 3469 inte
603 3415 710 3488 gratiae
726 3398 858 3485 largitate
878 3414 983 3471 vicisti.
1027 3416 1134 3470 Secura
1158 3420 1200 3469 cst
1222 3429 1331 3466 corona

263 3521 325 3576 tua,
345 3509 502 3565 victoriosa
519 3521 562 3565 est
580 3509 796 3574 doctrinam,
816 3505 846 3561 in
868 3527 924 3583 qua
942 3518 971 3564 et
982 3508 1051 3563 istos
1070 3508 1173 3575 vincis,
1193 3509 1242 3582 qui
1260 3525 1329 3564 con·

261 3602 353 3670 fidunt
371 3605 401 3660 in
424 3604 532 3661 virtute
550 3621 612 3664 aua.

559 3774 627 3834 DE
663 3770 1033 3842 intitulato.

329 3946 545 4010 caenobitis
571 3950 765 4010 Naniansenus
796 3948 826 4004 in
849 3960 921 4008 orat.
947 3946 985 4009 dc
1009 3946 1086 4008 lond.
1111 3944 1144 4011 b.
1171 3947 1325 4008 dtlrnnsm

148 4096 152 4103 .
257 4041 377 4102 Tantum
395 4042 479 4104 nobis
495 4046 634 4120 praesidii
658 4047 687 4100 in
711 4042 885 4113 Athanasio,
906 4046 1023 4120 egregio
1049 4046 1164 4120 inquam
1181 4044 1329 4100 Ecclesiae

255 4143 409 4210 columine,
431 4152 510 4205 crat,
531 4133 687 4215 quamdiu
712 4139 864 4195 nobiscum
891 4142 1063 4197 verssbatur
1081 4151 1136 4199 etc.
1172 4139 1328 4196 lBlDEMt

256 4237 329 4294 Cum
343 4248 438 4296 antam
451 4254 516 4295 sum
531 4235 611 4321 vitae
620 4240 742 4289 vcuratam
758 4236 918 4300 metuisset,-
931 4245 1018 4309 atque
1031 4235 1071 4290 ita
1082 4233 1228 4290 institutus
1240 4247 1327 4302 utet,

254 4320 386 4411 aitoa'qrn
402 4330 601 4400 iustissumo
610 4341 644 4388 ut
654 4340 693 4388 'st
707 4328 769 4388 vita
782 4330 877 4406 ipsias
889 4344 1064 4405 ncranqoe
1075 4329 1156 4435 ratio
1169 4331 1328 4406 Episcopa-
