2768 4762
427 344 816 412 nncanooo
1074 290 1153 421 ml

72 551 223 620 tanquam
250 530 350 594 Deum
373 529 479 594 colere
506 533 641 618 coepit,
673 543 705 594 et
739 533 903 595 constituit
935 532 1016 594 inter
1047 552 1153 594 seinos

72 667 148 708 suos
182 663 269 705 sacra
307 653 339 704 et
370 638 531 735 sacrificia.
586 632 709 700 Deinde
740 643 960 704 interveniente
998 635 1151 727 tempore,

75 751 305 815 convalescente
337 751 446 832 iniqua
480 748 723 827 consuetudine,
745 748 798 809 hic
824 771 915 811 error
940 762 1085 832 tanquam
1104 747 1153 808 lex
1225 824 1229 829 p

73 859 246 921 custoditus
275 869 343 934 est,
390 868 421 917 et
453 868 656 932 tyrannorum
700 858 831 941 imperio
860 857 1046 919 colebantur
1091 853 1152 941 fig-

73 980 186 1032 menta.
229 965 273 1026 Et
303 964 387 1043 bos,
420 984 501 1046 quos
545 967 577 1024 in
611 964 713 1048 palam
745 963 884 1025 homines
906 963 1065 1026 bonorare
1086 984 1151 1025 non

72 1084 239 1158 poterant,
272 1085 406 1155 propter
432 1071 512 1151 hoc,
543 1073 630 1156 quod
665 1072 757 1155 longe
788 1052 901 1149 essent,
935 1073 1150 1156 elonginquo

71 1155 174 1266 figura
196 1201 305 1243 eorum
335 1179 448 1256 allata,
479 1177 648 1241 evidentem
670 1181 832 1263 imaginem
853 1179 951 1260 regis,
974 1201 1068 1262 quem
1090 1179 1152 1240 bo·

72 1309 188 1350 norare
212 1286 360 1348 volebant
371 1332 381 1365 ,
405 1288 564 1364 lecerunt,
587 1300 623 1348 ut
642 1286 749 1364 illum,
781 1287 835 1369 qui
855 1283 982 1363 aberat,
1004 1298 1152 1368 tanquam

71 1407 264 1479 praesentem
298 1392 439 1455 colerent
466 1415 523 1456 sna
557 1394 778 1455 sollicitudine.
822 1395 969 1454 Provexit
988 1408 1090 1457 autem
1110 1394 1151 1455 ad

71 1501 187 1563 horum
219 1501 375 1563 culturam
400 1514 432 1563 et
457 1499 535 1578 bos,
577 1503 632 1583 qui
654 1500 854 1584 ignorabant,
890 1499 1017 1562 artificis
1043 1504 1151 1562 eximia

70 1609 242 1693 diligentia.
285 1608 343 1668 Ille
365 1610 447 1669 enim
476 1608 583 1669 volens
610 1607 734 1691 placere
762 1607 822 1686 illi,
849 1610 905 1690 qui
926 1630 957 1669 se
976 1610 1150 1690 assumpsit,

71 1715 246 1776 elaboravit
276 1728 343 1776 arte
372 1737 448 1791 sna,
479 1728 517 1777 ut
546 1716 778 1777 similitudinem
808 1716 841 1777 in
859 1715 967 1776 melius
991 1712 1151 1799 figuraret.

72 1821 245 1884 Multitudo
286 1834 390 1884 autem
414 1823 576 1884 hominnm
610 1823 745 1885 abducta
786 1844 844 1907 per
868 1824 1002 1908 speciem
1035 1825 1150 1907 operis,

71 1947 158 2006 eum,
192 1931 246 2011 qni
274 1942 344 1991 ante
371 1941 493 2015 tempus
519 1942 666 2015 tanquam
702 1931 798 1993 homo
830 1931 1005 1992 honoratus
1037 1930 1150 2010 luerat,
1190 1956 1195 1969 ·

68 2055 152 2094 nunc
175 2036 296 2097 DEUM
323 2039 568 2100 aestimaverunt.
625 2038 669 2099 Et
700 2037 777 2098 baec
800 2038 861 2099 fnit
897 2037 1151 2103 vitaehumanae
1244 2040 1248 2056 '

69 2139 232 2225 deceptio,
254 2145 402 2226 qnoniam
424 2128 479 2207 dut
504 2144 628 2207 affectui
650 2156 705 2208 aut
723 2145 849 2230 regibus
872 2146 1076 2208 deservientes
1088 2145 1166 2229 ho-x

67 2250 180 2325 mines,
210 2251 505 2313 incommunicabile
532 2273 646 2314 nomen
677 2252 834 2339 lapidibus
869 2266 901 2315 et
922 2253 1012 2338 lignis
1047 2256 1151 2338 impo-

66 2366 206 2413 suerunt.
265 2353 308 2415 Et
334 2377 399 2417 non
426 2359 588 2420 suffecerat
622 2379 738 2421 errasse
766 2383 819 2422 eos
848 2362 931 2422 circa
959 2362 1019 2422 Dei
1050 2364 1152 2423 scien-

68 2461 165 2533 tiam,
202 2457 257 2518 sed
279 2471 309 2518 et
339 2462 371 2519 in
403 2483 514 2545 magno
542 2466 677 2525 viventes
715 2467 895 2528 inscientiae
918 2464 1026 2543 bello,
1047 2479 1097 2528 tot
1120 2479 1151 2529 et
1181 2505 1184 2508 ·

70 2575 134 2623 tam
152 2583 261 2646 magna
285 2564 364 2626 mala
380 2587 488 2649 pacem
518 2568 688 2652 appellant.
739 2571 782 2631 Et
799 2569 895 2654 paulo
913 2584 1007 2653 post:
1042 2574 1152 2633 Insan-

70 2670 186 2731 dorum
203 2671 362 2734 idolorum
382 2675 525 2755 cultura,
548 2677 647 2736 omnis
669 2675 741 2737 mali
764 2697 855 2738 cansa
878 2690 942 2753 est,
974 2689 1005 2738 et
1026 2681 1150 2740 initium

68 2789 100 2837 et
129 2773 209 2838 finis.
262 2777 327 2841 Ant
358 2783 439 2842 enim
472 2783 545 2845 dum
575 2781 754 2858 laetantur,
790 2787 967 2847 insaniunt:
990 2798 1045 2847 ant
1065 2800 1149 2848 certe

67 2886 276 2947 vaticinantur
309 2888 402 2968 falsa,
434 2904 487 2953 ant
515 2893 623 2954 vivunt
656 2895 789 2976 injuste,
817 2905 872 2955 aut
902 2893 1048 2975 pejerant
1073 2895 1149 2955 cito.

66 2990 152 3051 Dum
172 2995 253 3053 enim
279 2994 448 3060 confidunt
468 3001 501 3060 in
522 2999 637 3078 idolis,
660 3021 742 3084 quae
761 3001 826 3062 sine
848 3001 948 3062 anima
969 3012 1063 3079 sunt,
1085 3021 1151 3061 ma·

66 3097 98 3158 le
115 3101 256 3180 jurantes
277 3107 386 3166 noceri
404 3127 436 3168 se
450 3126 520 3187 non,
533 3120 670 3191 sperant.
720 3110 862 3191 Utraque
895 3129 971 3192 ergo
995 3108 1057 3170 illis
1081 3129 1152 3170 eve-
1216 3102 1219 3105 ’

64 3207 153 3268 nient
180 3207 288 3293 digne,
323 3211 470 3292 quoniam
490 3213 569 3274 male
590 3230 754 3278 senserunt
776 3215 815 3277 de
837 3217 926 3294 Deo,
958 3215 1149 3278 attendentes

65 3312 186 3394 idolis,
220 3328 250 3377 et
285 3317 473 3397 juraverunt
507 3323 624 3403 injuste
657 3323 690 3383 in
713 3321 789 3398 dolo
808 3333 1037 3400 contemnentes
1055 3325 1175 3408 justi-

63 3422 150 3503 v‘am.
193 3423 264 3485 Non
284 3426 365 3484 enim
384 3428 557 3508 jurantium
582 3443 628 3490 est
646 3431 766 3507 virtus,
788 3429 841 3489 sed
865 3433 1058 3512 peccantium
1070 3451 1149 3514 poe·

64 3549 105 3588 na
126 3528 323 3613 perambulat
355 3553 475 3618 semper
497 3538 688 3619 injustorum
715 3513 1021 3620 praeuaricationem.

148 3686 292 3751 Psalm.
324 3694 458 3755 cx111.=
500 3697 673 3759 simulacra
714 3700 874 3782 gentium,
919 3706 1079 3778 argentum
1117 3703 1149 3752 et

25 3823 32 3839 ι
64 3812 199 3878 aurum,
222 3820 318 3881 opera
342 3822 486 3863 manuum
516 3804 687 3867 hominum.
732 3805 776 3867 Os
810 3802 927 3864 habent
959 3815 990 3863 et
1010 3797 1148 3878 nonlo·

65 3914 220 3983 quentnr,
245 3907 356 3970 oculos
389 3909 507 3974 babent
542 3926 574 3975 et
607 3934 673 3976 non
694 3910 854 3973 videbunt.
897 3910 997 3971 Aures
1031 3907 1148 3969 babent

67 4017 99 4065 et
125 4028 188 4070 non
216 4016 361 4079 audient:
399 4041 489 4080 nares
511 4018 629 4081 habent
654 4033 686 4081 et
717 4040 781 4079 non
802 4017 991 4080 odorabunt.
1036 4016 1146 4076 Manus

63 4105 179 4177 babent
212 4130 243 4179 et
275 4142 340 4185 non
377 4123 567 4212 palpabunt:
601 4126 698 4213 pedes
720 4118 837 4211 habe'nt
874 4137 905 4187 et
938 4146 1003 4187 non
1034 4121 1145 4185 ambu-

959 4422 968 4451 Ι
1037 4462 1041 4468 .
