2768 4762
402 403 792 477 DEGALOGO.
1056 348 1134 483 aba

98 590 251 661 Occisum
280 599 314 659 et
339 592 457 658 uiuum
476 592 590 656 testati
610 602 782 674 martyres
807 595 969 678 Agrium,

93 682 217 745 onmes
242 677 364 742 divinis
388 699 411 741 c
428 673 585 762 fontibus
614 700 685 740 une
707 698 880 763 propago,

216 763 294 844 pius
316 763 506 841 Abrabam,
527 780 622 826 sacer
644 765 763 840 Isaac,
798 763 880 826 levis
906 760 1008 826 Jacob

131 872 168 915 ro
191 867 313 913 enum
339 849 415 912 Deo
435 865 497 926 per
523 867 591 910 non
617 848 824 911 numerabile
855 865 986 926 semen,

96 934 144 999 Et
167 871 305 1017 Iifidnm
333 932 462 996 meritis
489 933 683 996 coelestibus
708 941 807 1010 atque
832 931 967 994 caducis

95 1025 287 1100 Aequantes
307 1017 359 1081 bis
378 1024 472 1078 astro
491 1017 562 1094 poli
572 1061 582 1088 ,
606 1017 659 1081 tis
683 1016 813 1079 telluris
833 1035 981 1078 erenum.

96 1102 204 1166 Credo
230 1102 383 1182 equidem
409 1119 470 1163 vos
496 1095 604 1188 officio
638 1101 772 1178 pietatis
803 1101 972 1165 edietum

102 1187 256 1266 Undique
273 1186 469 1250 conuenisse
493 1190 579 1247 diem
605 1185 722 1246 Felicis
744 1203 881 1262 amore,

101 1272 147 1334 Ut
174 1266 371 1355 confessoris
401 1268 481 1333 socii
501 1269 669 1331 celebretis
692 1265 863 1329 honorem.

140 1369 188 1430 1⁰·
232 1352 425 1415 MAXIMUS
447 1353 506 1435 Ep.
528 1353 622 1411 Taur.
655 1355 688 1411 in
710 1351 792 1412 natal
831 1351 876 1412 Ss.
898 1350 1023 1410 Tauria.
1045 1369 1128 1411 mar-
1152 1345 1214 1390 W·
1227 1343 1306 1387 ⁸¹¹³?-

1138 1406 1206 1438 κη.
1217 1403 1247 1440 tt·

53 1453 116 1517 tyr.
141 1439 273 1515 Oetam,
308 1436 458 1511 Advent,
481 1448 512 1497 et
533 1436 564 1496 S.
588 1435 749 1496 Solutum:
772 1436 850 1495 Cum
876 1437 1012 1495 omnium
1037 1444 1308 1532 sanc-unissima.

53 1537 161 1587 torum
186 1535 375 1598 martyrum,
409 1520 539 1596 iratres,
581 1519 777 1580 devotissime
811 1519 942 1580 natalem
970 1517 1125 1579 celebrare
1136 1501 1276 1600 ξῖἷῖῗῖιηᾱρ.

55 1608 224 1684 debemus,
257 1618 323 1666 tum
374 1605 518 1689 raecipuc
543 1625 653 1666 eorum
672 1603 846 1666 solemnitas
882 1616 950 1665 tota
969 1601 1061 1664 nobis
1075 1592 1310 1686 ve-ffgssffi'ss‘ffif,

55 1694 217 1752 neratione
241 1709 378 1749 corana
407 1700 471 1765 est,
495 1690 549 1770 qni
569 1696 602 1748 in
624 1689 741 1750 nostris
767 1686 932 1755 domiciliis
961 1708 1021 1770 pro
1047 1688 1335 1779 ι’ἱιιιιιξῖι*ῑξῑῡῃζξιζίζιἱ

56 1778 234 1856 sanguinem
253 1772 472 1856 profuderunt.
522 1771 600 1834 Nam
632 1772 705 1833 licet
729 1775 864 1833 universi
885 1774 982 1833 sancti
1009 1708 1063 1830 ubi
1089 1751 1307 1830 neonImas.

58 1860 138 1932 siut,
171 1870 202 1919 et
221 1855 366 1921 omnibus
383 1858 524 1939 prosinte
552 1850 729 1940 specialiter
752 1856 799 1917 illi
823 1870 921 1917 tamen
949 1875 1010 1939 pro
1036 1793 1310 1941 ndIsisffssfffi'ff'*

58 1944 276 2018 interveniunt,
294 1943 349 2023 qni
372 1953 403 2001 et
426 1940 579 2023 supplicia
595 1940 752 2023 pertulere
771 1962 833 2023 pro
847 1939 948 2001 nobis.
971 1939 1013 2000 Et
1033 1937 1129 2024 panio

55 2036 149 2109 post:
170 2025 279 2085 Cuncti
306 2023 403 2106 ipitnr
413 2036 564 2099 martyres
577 2022 772 2095 devotissime
788 2023 971 2105 percolendi
980 2036 1062 2101 sunt,
1074 2022 1130 2084 sed

55 2109 229 2191 specialiter
250 2110 272 2169 ii
282 2107 445 2169 venerandi
459 2106 670 2185 sautanobis,
683 2128 819 2192 qnorum
831 2109 977 2192 reliquias
987 2107 1131 2191 posside-

26 2240 29 2244 .
55 2214 130 2254 mus.
171 2192 222 2254 Illi
245 2197 326 2253 enim
345 2213 403 2253 nos
421 2190 619 2255 orationibus
637 2193 798 2274 adjuvant,
813 2196 863 2255 isti
877 2197 968 2254 etIam
981 2183 1214 2274 adjuvant⁸⁰⁸'·

55 2279 207 2361 passione.
243 2277 318 2335 Cum
337 2275 387 2334 bis
408 2290 506 2337 autem
526 2274 620 2338 nobis
639 2277 830 2339 familiaritas
838 2291 903 2339 est:
918 2297 1038 2361 semper
1051 2282 1131 2337 enim

55 2360 218 2421 nobiscum
237 2371 319 2433 sunt,
331 2357 494 2418 nobiscnm
505 2371 685 2420 morantur:
714 2361 776 2423 hoc
785 2374 839 2436 est,
848 2364 879 2421 ‘et
888 2364 920 2420 in
928 2381 1065 2444 corpore
1075 2368 1144 2422 nos*

24 2493 27 2499 .
55 2447 191 2503 viventes
210 2440 400 2514 custodiunt,
418 2452 448 2499 et
457 2441 495 2499 de
507 2462 641 2523 corpore
648 2444 823 2503 recedentes
831 2447 1004 2526 excipiunt:
1028 2444 1080 2504 bie
1094 2466 1132 2504 ne
1144 2452 1309 2511 curnpqnaa.

82 2537 257 2586 creatorum
270 2542 328 2581 nos
346 2519 428 2582 labes
445 2535 586 2601 assumat,
612 2524 656 2583 ibi
667 2545 706 2584 ne
721 2527 835 2584 inferni
860 2525 979 2588 horror
998 2528 1130 2588 invadat.
1142 2504 1308 2602 {pupparum

57 2548 134 2669 Itam
146 2608 217 2668 ideo
232 2606 293 2667 hoc
314 2604 524 2687 eMajoribus
543 2608 703 2690 provisum
728 2621 782 2684 est,
804 2621 839 2669 ut
857 2623 1035 2672 sanctorum
1053 2601 1295 2689 ossi-lffifm’

57 2693 117 2754 bns
137 2703 245 2753 nostra
265 2711 402 2774 corpora
426 2691 597 2751 sociemus:
618 2703 665 2767 nt,
683 2690 755 2752 dum
771 2692 841 2752 illos
854 2704 990 2753 tartarus
1011 2697 1130 2772 metuit,

57 2798 116 2837 nos
126 2796 226 2859 poena
236 2796 299 2837 non
317 2787 439 2858 tangat:
461 2774 535 2834 dum
548 2774 621 2836 illos
635 2774 777 2837 Christus
793 2777 956 2854 illuminat,
979 2776 1070 2838 nobis
1087 2792 1135 2839 te·

57 2861 225 2922 nebrarum
262 2861 362 2944 caligo
401 2859 551 2942 diffugiat.
602 2860 678 2920 Cum
706 2863 818 2921 sanctis
843 2883 918 2946 ergo
943 2863 1134 2937 martyribus

57 2948 248 3028 quiescentes
276 2945 431 3004 evadimus
458 2943 572 3003 inserm
593 2942 734 3005 tenebras
754 2967 861 3006 eornm
880 2951 1021 3033 propriis
1040 2949 1136 3008 meri-

56 3034 116 3108 tis,
141 3042 273 3091 attamen
297 3030 435 3089 consocii
458 3030 629 3090 sanctitate.

91 3196 123 3260 d.
143 3127 192 3182 11.
235 3109 421 3256 BbzlLIUS
453 3111 537 3174 bom.
571 3126 622 3183 20.
654 3114 687 3176 in
717 3119 769 3188 40.
798 3127 925 3194 martyr.
952 3114 1016 3178 rid.
1045 3137 1132 3202 supr.
1142 3106 1256 3212 {2⁰³ss
1277 3115 1310 3151 ¹⁹·

53 3219 91 3261 ea
148 3210 265 3280 quaest.
327 3241 335 3258 .

141 3295 191 3350 η.
233 3279 494 3342 AUGUSTINUS
516 3294 633 3363 quaest.
657 3293 726 3351 tos·
747 3283 780 3343 in
807 3284 925 3347 Exod.:
948 3284 1043 3347 lubet
1066 3285 1268 3363 velannorum
1283 3323 1307 3351 0.

55 3366 216 3451 cooperiri
247 3364 380 3449 pellibus
402 3366 539 3439 arietinis
572 3365 747 3427 rubricatis.
790 3367 879 3430 Aries
902 3382 1004 3430 autem
1025 3360 1283 3450 rubri-'22⁰5'IIIJ„

54 3465 162 3528 catus,
193 3451 243 3510 cni
270 3471 333 3510 nnn
352 3463 498 3511 occurrat
521 3448 663 3511 Christus
682 3454 825 3534 passione
842 3455 1041 3516 cruentatus?
1063 3423 1292 3540 Sigjlwlirs‘cs·

54 3535 226 3598 nificantur
259 3533 306 3594 his
334 3535 425 3594 etiam
445 3546 595 3611 martyres
625 3538 744 3612 sancti,
775 3558 909 3619 quornm
935 3515 1175 3602 orationibustu
1193 3508 1284 3562 νομὴ

53 3621 249 3707 propitiatur
270 3619 354 3679 Dens
381 3621 516 3701 peccetis
564 3620 652 3702 opuli
679 3623 747 3680 sui.-

139 3702 338 3764 EUSEBIUS
368 3702 498 3785 Pamph.
530 3640 667 3764 gessere.
712 3706 815 3786 EpIsc.
848 3709 881 3765 in
911 3707 946 3768 L.
970 3708 1061 3771 XIII.
1093 3708 1131 3769 de

55 3806 198 3932 praepar.
231 3809 334 3871 evang.
368 3809 394 3848 c.
418 3801 461 3855 7.:
497 3787 559 3847 Sed
588 3789 754 3863 videamus,
800 3792 876 3870 quid
911 3791 949 3851 de
978 3790 1026 3852 his
1050 3793 1132 3854 dieat

83 3872 168 3946 lato,
206 3875 260 3954 qui
288 3893 348 3956 pro
386 3871 564 3932 defensione
596 3874 715 3955 patriae
742 3894 852 3956 magno
877 3877 978 3936 animo
997 3877 1132 3937 militan-

57 3967 101 4017 tes
133 3958 249 4017 mortui
274 3970 363 4017 sunt:
403 3957 514 4018 Nonne
536 3959 650 4041 igitur,
683 3959 808 4039 inquit,
830 3979 893 4034 eos,
920 3962 975 4041 qni
1005 3961 1132 4021 militiae

57 4039 183 4101 sortiter
225 4061 286 4125 pro
323 4043 425 4124 patria
459 4042 604 4103 facientes
639 4043 844 4117 interierunt,
898 4045 981 4104 aurei
1012 4048 1131 4130 generis

57 4122 151 4185 inisse
169 4123 329 4187 dicemus?
371 4126 525 4203 Omnino,
555 4128 668 4209 inquit.
712 4126 873 4189 Credimus
895 4129 992 4212 igitur
1019 4129 1132 4189 Hesio·

55 4204 120 4284 do,
147 4221 312 4291 postquam
331 4213 414 4273 aurei
433 4213 552 4296 generis
576 4211 717 4272 homines
734 4213 848 4273 mortni
873 4226 965 4290 sunt,
1004 4234 1022 4274 a
1048 4211 1133 4273 mnl-

46 4291 95 4356 ,tis
118 4289 260 4355 homines
290 4297 450 4379 angustiis·
463 4295 613 4358 semideos
633 4295 732 4357 factos
758 4280 907 4376 liberare,
921 4297 1130 4359 'moralium-
