2768 4762
266 397 320 472 at
649 383 895 454 nrt-arna
931 389 997 455 ar
1096 348 1100 355 ¹

190 636 200 643 ..
229 622 231 626 2
267 598 303 641 ce
329 573 476 640 tenebrae
505 573 649 667 operient
675 585 789 637 terram
801 619 812 654 ,
833 575 992 663 et·caiigo
1013 573 1170 662 populos:
1192 599 1289 667 snper
1310 594 1344 648 te

245 699 366 759 *antem
383 685 506 746 orietur
527 681 698 759 Dominus,
719 694 752 743 et
779 681 881 766 gloria
904 683 971 764 ejus
984 684 1016 742 in
1031 694 1063 743 te
1084 684 1255 751 videbitur.
1297 691 1344 754 Et

176 798 179 805 '
263 776 469 855 ambulabunt
499 799 605 873 gentes
632 761 673 847 in
703 785 817 850 lumine
838 802 914 867 tuo,
952 802 984 851 et
1006 766 1100 873 'reges
1117 791 1150 853 in
1171 792 1351 878 splendore·

260 912 351 983 ,ortus
376 896 423 960 tui
444 908 502 957 etc.
545 893 589 955 Et
610 880 790 978 aperientur
816 906 927 979 portae
963 909 1034 958 tuae
1052 895 1193 982 jugiterr
1230 902 1282 963 die
1304 925 1342 965 ae

249 998 355 1101 'nocte
381 1024 447 1065 non
471 1001 676 1078 claudentur,
696 1013 733 1062 ut
751 1001 898 1064 afferatur
912 1003 952 1065 ad
969 1004 1175 1068 tefortitudo
1191 996 1339 1092 gentium,

146 1144 153 1155 ’
261 1126 294 1176 et
308 1131 394 1197 reges
412 1128 517 1171 earum
533 1106 736 1171 adducantur.
779 1110 822 1170 Et
836 1112 960 1172 venient
979 1112 1018 1173 ad
1043 1124 1074 1173 te
1095 1116 1182 1173 curvi
1204 1111 1262 1174 lilii
1282 1135 1340 1175 eo-

195 1234 199 1239 “
242 1238 349 1297 ¹runt,
377 1219 434 1301 qni
461 1215 701 1278 humiliaverunt
732 1227 782 1292 te,
816 1230 847 1278 et
873 1218 1053 1280 adorabunt
1076 1221 1204 1303 vestigia
1222 1218 1339 1303 'pidum

261 1338 388 1389 tuorum
410 1343 537 1400 omnes,
571 1325 627 1404 qui
645 1321 848 1384 detrahebant
869 1324 949 1403 tibi,
983 1339 1015 1387 et
1031 1326 1190 1388 vocabunt
1212 1340 1242 1386 te
1259 1331 1339 1390 ciri-

260 1445 355 1495 tatem
388 1431 540 1507 Domini,
570 1428 648 1493 Sion
685 1432 782 1489 sancti
808 1431 914 1495 Israel.
956 1426 1021 1493 Pro
1049 1453 1108 1510 eo,
1134 1432 1222 1516 quod
1249 1434 1336 1497 fuisti

221 1544 225 1551 '
262 1540 432 1618 derelicta,
456 1552 487 1601 et
504 1536 580 1599 odio
601 1532 728 1613 habita,
760 1549 792 1597 et
810 1559 873 1599 non
895 1552 980 1615 erat,
1003 1540 1060 1621 qui
1084 1560 1141 1623 per
1168 1551 1200 1601 te
1223 1545 1339 1603 transi-

201 1712 206 1727 ,
260 1659 327 1724 ret,
350 1667 466 1731 ponam
490 1656 520 1706 te
549 1644 582 1703 iu
600 1638 778 1725 superbiam
803 1643 978 1706 seculorum
1005 1658 1063 1707 etc.

238 1790 242 1797 ·
342 1775 454 1836 Esai.
483 1776 540 1836 IL:
573 1772 616 1833 Et
641 1773 701 1834 erit
724 1751 960 1836 in'noxissimis
996 1775 1106 1837 diebus
1131 1780 1335 1862 praeparatus

173 1918 176 1925 ·
259 1902 349 1945 mons
371 1881 483 1943 domus
503 1880 631 1976 Domini
650 1882 682 1938 in
701 1881 815 1939 veitice
836 1886 1004 1958 montium,
1035 1896 1066 1943 et
1093 1883 1264 1946 elevabitur
1284 1908 1338 1946 su-

195 2042 198 2049 .
260 2010 320 2074 per
335 1986 451 2049 colles:
480 1998 511 2047 et
534 1983 633 2051 fluent
656 1984 782 2045 adeum
805 2005 910 2047 omnes
934 2002 1050 2072 gentes.
1093 1990 1135 2048 Et
1157 1989 1250 2052 ibunt
1273 2015 1337 2075 po·

261 2096 329 2180 puli
357 2093 464 2170 multi,
488 2106 520 2154 et
544 2093 664 2154 dicente
685 2091 816 2168 Venite,
835 2095 1031 2157 ascendamus
1054 2096 1093 2156 ad
1111 2109 1244 2157 montem
1263 2099 1337 2158 Do-

260 2204 359 2280 mini,
392 2213 424 2262 et
451 2199 491 2261 ad
518 2199 644 2265 domum
662 2199 738 2261 DEI
761 2199 879 2279 Jacob,
900 2215 931 2262 et
949 2200 1075 2264 docebit
1096 2223 1153 2264 nos
1170 2206 1233 2265 rias
1250 2225 1334 2282 suas,

262 2321 293 2369 et
312 2305 536 2369 ambulabimus
561 2309 595 2367 iu
613 2308 727 2368 semitis
744 2308 830 2389 ejus:
853 2311 926 2392 quia
940 2310 979 2372 de
993 2310 1070 2372 Sion
1088 2306 1185 2370 exibit
1203 2308 1268 2388 lex,
1302 2322 1334 2371 et

94 2452 98 2461 ·
260 2415 391 2477 verbum
408 2415 537 2476 Domini
560 2413 599 2474 de
619 2413 820 2475 Hierusalem.
1055 2399 1059 2411 ⁸

175 2500 179 2507 ’
235 2562 240 2573 ·
343 2521 484 2586 Psalm.
505 2519 616 2582 XVIII
624 2543 641 2580 .=
664 2521 702 2581 ln
722 2543 843 2582 omnem
855 2534 971 2584 terram
991 2525 1083 2586 exivit
1097 2545 1192 2586 sonus
1211 2544 1331 2601 eorum,

260 2644 292 2693 ct
311 2629 443 2692 in-fines
457 2627 546 2691 orbis
565 2640 666 2689 terrae
679 2628 774 2691 verba
798 2651 914 2691 eorum.
958 2631 995 2691 ln
1015 2629 1081 2691 sole
1096 2643 1203 2713 posuit
1224 2630 1333 2693 taber-

258 2737 404 2820 naculum
420 2755 528 2812 suum,
555 2736 667 2818 etipse
681 2746 827 2820 tanquam
838 2756 969 2822 sponsus
979 2736 1154 2821 procedens
1171 2736 1209 2796 de
1228 2735 1331 2798 thala-

257 2864 311 2905 mo
333 2864 401 2905 suo.
466 2828 479 2869 '⁸
864 2854 867 2859 '

342 2947 382 3015 A.
402 2948 521 3012 Joan.
541 2948 616 3010 xt=
637 2948 708 3011 Hoc
723 2960 861 3011 autema
882 2948 1044 3034 semetipso
1065 2968 1130 3011 non
1152 2949 1251 3011 dixit:
1275 2949 1330 3012 sed

259 3077 328 3120 cum
359 3069 439 3121 esset
471 3056 619 3121 Pontifex
651 3058 724 3119 anni
749 3050 867 3135 illius,
884 3055 1102 3141 prophetarit,
1135 3057 1223 3139 qnod
1241 3058 1329 3118 Iesus

257 3152 432 3228 moriturus
458 3178 526 3228 erat
555 3185 617 3249 pro
648 3175 753 3248 gente:
784 3176 817 3227 et
836 3176 1038 3226 nontantum
1058 3184 1119 3249 pro
1139 3175 1249 3247 gente,
1274 3164 1329 3225 sed

257 3285 295 3334 ut
318 3269 400 3334 filios
423 3273 504 3350 Dei,
527 3273 583 3355 qni
606 3283 695 3333 erant
715 3270 869 3356 dispersi,
891 3283 1094 3357 congregaret
1113 3272 1145 3330 in
1166 3290 1272 3330 unum.

339 3378 459 3441 Joan.
479 3378 538 3442 X:
562 3378 620 3443 Et
642 3377 718 3440 alias
742 3392 818 3442 oret
848 3377 969 3458 babeo,
1002 3399 1082 3462 quae
1108 3397 1172 3449 uon
1197 3388 1270 3437 sunt
1292 3394 1327 3434 ex

255 3481 320 3545 hoe
352 3485 448 3547 ovili:
483 3498 514 3549 et
541 3485 609 3549 illas
630 3498 774 3571 oportet.
789 3506 838 3547 me
859 3484 1035 3563 adducere,
1057 3495 1088 3544 et
1108 3504 1215 3544 vocem
1231 3486 1326 3542 meam

151 3666 156 3677 .
257 3590 407 3668 audient,
429 3603 460 3654 et
479 3578 534 3656 fiet
551 3614 649 3655 uuum
669 3592 751 3654 ovile
773 3604 805 3653 et
824 3614 904 3653 nnus
928 3604 1047 3675 pastor.

340 3698 360 3759 l
371 3719 391 3759 o
403 3719 459 3759 an.
478 3699 601 3762 xv11.=
621 3700 715 3762 Pater
732 3710 858 3777 sancte,
879 3719 966 3760 serva
988 3700 1094 3760 eos'in
1117 3695 1240 3758 nomine
1259 3704 1327 3772 tuo,

256 3824 339 3889 quoa
361 3804 474 3867 dedisti
497 3805 593 3870 mihiz
614 3820 652 3868 ut
670 3784 731 3869 sint
753 3827 871 3895 unum,
889 3810 969 3877 sieut
989 3818 1019 3866 et
1032 3825 1099 3866 nos.

319 3996 321 4003 Ι
340 3909 450 3977 Cant.
471 3912 549 3977 VL:
570 3917 639 3977 Una
658 3927 704 3976 est
724 3913 869 3976 columba
889 3935 977 3990 mea,
999 3904 1244 3997 perfecta'meat
1265 3927 1328 3968 una

213 4098 215 4103 Α
255 4029 301 4099 cat
318 4021 409 4080 matri
427 4041 515 4101 suae,
540 4022 636 4085 electa
665 4022 805 4107 genitrici
828 4042 909 4083 suae.

338 4125 364 4186 1.
386 4127 460 4192 Cor.
481 4131 506 4192 1.
514 4120 531 4191 ε’
558 4129 674 4192 Fidelis
693 4129 796 4202 Dens,
829 4149 887 4212 per
905 4149 998 4212 quem
1008 4127 1112 4191 vocati
1127 4128 1200 4189 estis
1219 4127 1252 4187 in
1274 4146 1329 4187 so·

254 4227 394 4294 rietatem
417 4237 491 4300 Filii
512 4238 583 4321 ejus
610 4235 709 4300 nisu
731 4234 898 4323 culilsn
923 4236 1179 4305 Dominincstri.
1224 4233 1329 4297 Obse-
