2768 4762
275 326 356 402 lto

272 477 1362 628 DESALUrnrronss

305 798 307 804 ψ
498 650 1134 780 incussos
1295 672 1300 685 ’

757 940 845 1025 XV.

392 1061 508 1233 Quae
546 1119 735 1210 suuncio
776 1122 856 1211 dici
884 1119 1076 1240 Angelius
1105 1122 1239 1214 soleti

95 1287 210 1439 iiiii&
225 1293 263 1383 ii?
372 1307 453 1396 Es,
491 1329 590 1407 quac
625 1306 883 1386 sanctissimae
903 1304 1052 1411 Virgini
1077 1306 1225 1414 Deiquc
1242 1313 1353 1393 metri

94 1400 239 1574 σὺ
156 1388 262 1479 3333*
238 1399 333 1528 {fisis
349 1428 473 1506 verbis
495 1429 684 1508 defertur·
711 1434 786 1509 rive
803 1433 936 1509 Mario
951 1431 1082 1531 gratia
1104 1432 1240 1527 plens,
1276 1438 1353 1513 D⁰

6 1541 9 1553 ”
94 1498 265 1685 ²¹3⁶&
278 1553 404 1627 minus
436 1562 603 1644 tecum,
617 1556 811 1631 benedicta
838 1556 921 1629 tu
907 1578 949 1630 ιη
966 1555 1202 1649 mulieribus,
1226 1565 1265 1633 et
1292 1559 1352 1634 be·

96 1682 178 1784 Ἢ
166 1645 261 1773 ”3¹33
276 1679 447 1753 nedictus
453 1674 613 1775 fructus
640 1680 784 1756 ventris
811 1679 870 1755 tui
889 1678 1067 1758 JESUS·
1090 1678 1248 1755 Sancto
1263 1680 1352 1761 Ma·

93 1780 232 1921 p:
147 1733 210 1829 ⁰3¹3·
203 1744 264 1968 Σῖῖέἑ
276 1802 334 1879 ria
355 1812 482 1879 mam
507 1802 623 1895 021,
660 1825 729 1879 ora
754 1826 821 1900 pro
848 1798 952 1879 nobis
974 1798 1227 1898 peccatoribus
1247 1826 1350 1882 nunc

216 1924 353 2030 gfe'i
275 1950 381 2002 ειη
410 1927 506 2003 hora
530 1925 662 2051 mortis
687 1934 849 2003 nostroe
899 1930 1035 2003 Amen.

538 2116 1082 2207 scutrrufl'tn

341 2286 446 2358 'Luc
466 2294 512 2361 Li
548 2293 592 2359 Et
613 2297 768 2382 ingressus
800 2293 959 2383 Angelus,
990 2290 1030 2360 sd
1051 2312 1116 2357 enm
1136 2287 1235 2357 dixits
1280 2290 1348 2359 Avo

269 2388 497 2490 mauspleus,
529 2402 683 2468 Dominus
704 2415 819 2468 tecum:
854 2404 1019 2469 benedicte
1044 2386 1082 2464 tu
1100 2403 1133 2463 iu
1153 2398 1346 2465 mulieribus

228 2494 232 2499 ⁵
270 2512 360 2589 Quae
382 2532 454 2573 cum
476 2511 628 2591 audisset,
650 2509 780 2575 turbata
799 2525 847 2574 est
866 2513 900 2574 in
920 2528 1062 2577 sermone
1083 2511 1170 2591 ejus,
1203 2519 1234 2571 et
1254 2512 1346 2593 cogi-

268 2617 379 2698 tabat,
411 2618 512 2702 qualis
541 2631 619 2685 esset
647 2622 704 2682 ista
725 2620 882 2685 salutatio.
937 2619 980 2682 Et
1003 2615 1203 2700 uit'Angeius
1222 2618 1267 2679 eis
1296 2617 1344 2679 Ne

268 2727 375 2792 timeus
401 2725 558 2807 ΜΑΒΙΑ,
587 2728 731 2792 invenisti
753 2731 834 2792 euim
854 2730 984 2813 gratiam
1005 2723 1089 2811 apud
1110 2722 1241 2811 DEUM.
1284 2724 1350 2785 Ec-

268 2853 304 2897 ce
326 2835 484 2916 concipies
507 2835 539 2898 iu
560 2847 673 2914 utero,
711 2848 742 2897 et
762 2838 863 2925 parics
885 2833 1013 2915 filium:-
1034 2845 1066 2896 et
1084 2830 1211 2896 vocabis
1232 2853 1348 2894 nomen

267 2941 335 3022 ejus
358 2940 501 3002 JESUM.
560 2941 620 3003 Hic
642 2944 702 3006 erit
725 2965 868 3030 magnus,
901 2955 932 3006 ct
953 2939 1036 3007 tilius
1057 2940 1196 3027 altissimi
1217 2938 1349 3002 vocabi-

266 3058 329 3111 tur.
372 3048 415 3110 Et
436 3047 524 3111 dabit
545 3049 591 3113 iili
612 3050 765 3113 Dominus
787 3050 896 3116 DEUS
918 3048 1022 3114 sedent
1042 3046 1145 3113 David
1157 3047 1346 3130 patrisejus‚

268 3168 301 3220 et
316 3155 463 3241 regnabit
485 3159 517 3219 in
539 3156 633 3219 domo
654 3155 752 3219 Jacob
776 3158 808 3218 in
830 3170 1002 3236 aeternum,
1027 3167 1058 3218 et
1080 3155 1167 3238 regni
1190 3144 1259 3239 ejus
1280 3175 1346 3216 non

266 3268 329 3325 erit
350 3261 440 3331 finis·
473 3265 562 3328 Dixit
582 3277 684 3326 autem
707 3266 807 3327 Maris
828 3265 867 3329 cd
888 3264 1060 3350 Angelum
1099 3261 1269 3343 Quomodo
1291 3259 1347 3322 fiet

266 3369 378 3445 istud,
401 3375 548 3452 quonism
567 3374 668 3438 virum
689 3395 755 3437 nou
777 3373 959 3460 cognosco?
1001 3373 1044 3436 Et
1065 3369 1256 3456 respondens
1277 3367 1345 3428 An-

267 3476 372 3560 gelus.
403 3477 480 3541 dixit
495 3482 544 3549 ci:
579 3481 715 3565 Spiritus
737 3496 860 3546 sanctus
882 3480 1079 3566 superveniet
1103 3480 1135 3541 in
1152 3489 1203 3555 tc,
1225 3487 1257 3539 et
1276 3495 1344 3534 vrr-

265 3596 316 3647 tus
349 3583 488 3650 altissimi
520 3585 722 3650 obumbrabit
749 3588 820 3649 tibi.
870 3588 1011 3674 Ideoque
1041 3599 1072 3648 et
1094 3582 1180 3669 quod
1202 3594 1345 3648 nascetur

262 3705 352 3755 exte
383 3691 546 3774 Sanctum,
575 3695 742 3759 vocabitur
775 3693 857 3759 filius
878 3697 964 3760 DEI.
1007 3695 1051 3756 Et
1070 3691 1168 3778 paulo
1190 3702 1278 3776 post:
1300 3687 1346 3749 Et

263 3798 382 3885 repleta
410 3815 457 3864 cst
490 3803 612 3887 Spiritu
645 3803 759 3866 Sancto
781 3802 968 3882 Elisabeth,
1003 3815 1036 3863 et
1067 3798 1246 3864 exclamavit
1267 3817 1346 3857 voce

262 3926 387 3991 magns,
422 3921 453 3972 et
474 3910 569 3974 dixit:
603 3911 769 3974 Benedicta
790 3924 826 3972 tu
847 3913 928 3972 inter
949 3909 1114 3986 mulieres,
1142 3918 1174 3968 ct
1194 3902 1347 3968 benedic-

261 4027 311 4076 tus
335 4017 454 4079 fructus
477 4020 593 4079 ventris
621 4021 676 4080 tui.
727 4017 770 4078 Et
791 4017 875 4078 unde
896 4015 958 4077 hoc
980 4015 1075 4093 mibi,
1098 4026 1135 4075 ut
1155 4013 1259 4076 veniat
1279 4029 1349 4070 ms·

259 4135 308 4183 tcr
328 4123 455 4186 Domini
487 4129 546 4186 mci
568 4123 608 4188 ad
629 4125 698 4186 me?
741 4123 823 4184 Ecce
844 4125 940 4200 enim,
978 4136 1015 4184 ut
1040 4123 1120 4185 sacta
1143 4132 1190 4183 est
1211 4138 1273 4180 vox
1295 4139 1347 4178 sn·

259 4227 419 4294 lutationis
442 4244 512 4293 tuae
534 4235 566 4294 in
590 4231 719 4294 auribus
740 4233 839 4310 meis,
870 4231 1017 4293 exultavit
1046 4231 1079 4292 in
1104 4227 1220 4315 gaudio
1240 4225 1346 4289 iussus
