2768 4762
236 356 316 443 dos·
535 348 613 434 ιιι
634 352 895 433 casusne
923 366 986 459 ar

235 550 392 620 obedierit
411 552 571 617 Abraham
600 533 675 616 soci
694 574 794 633 meae,
827 568 858 619 et
886 552 1073 619 custodierit
1095 568 1263 644 praecepta
1283 566 1316 624 et

233 666 378 733 mandata
398 685 464 726 mea
475 709 485 743 ,
511 676 542 725 et
562 660 769 727 caeremonias
794 663 937 751 legesque
955 664 1133 727 servaverit.
1176 665 1220 728 Et
1232 686 1317 729 non-

234 775 328 837 nullis
361 773 576 856 interpositis:
609 770 774 859 ¹Apparuit
807 777 835 836 ei
868 774 1022 836 Dominus
1056 775 1089 834 in
1123 775 1192 858 ipsa
1211 789 1317 855 nocte,

234 884 356 945 dicens:
390 883 459 966 Ego
493 902 559 943 sum
580 881 666 944 Dens
698 882 856 948 Abraham
876 886 975 969 patris
997 885 1064 945 tuis
1099 882 1166 943 noli
1193 885 1317 961 timere,

235 990 309 1076 qula
330 1011 393 1076 ego
409 1002 619 1052 tecumtsurns
655 989 837 1054 benedicam
858 992 942 1070 tibi,
974 1002 1006 1052 et
1022 989 1242 1076 multiplicabo
1263 1013 1318 1056 sc·

233 1077 304 1163 nien
323 1112 413 1161 tunm
444 1111 578 1182 propter
598 1119 721 1160 sernum
749 1078 849 1163 meum
873 1098 1039 1164 Abraham.

318 1255 441 1318 Exod.
480 1256 653 1337 XXXII.-
686 1260 808 1336 Moyses
845 1257 957 1321 orabat
1005 1259 1175 1321 Dominum
1210 1261 1316 1324 Deum

232 1387 343 1442 suum,
378 1365 506 1430 dicenss
540 1348 606 1427 Cdr
633 1365 766 1429 Domine
799 1369 942 1429 irascitur
974 1369 1066 1429 furor
1099 1380 1170 1429 tuus
1200 1381 1315 1433 contra

231 1473 386 1559 populum
414 1464 526 1550 tuum,
561 1495 653 1556 quem
676 1474 806 1536 eduxisti
839 1475 878 1536 de
899 1488 984 1537 terra
1005 1475 1170 1561 Aegypti'
1162 1498 1194 1537 ιιι
1216 1476 1316 1539 forti-

232 1586 342 1645 tudine
374 1603 499 1665 magna,
534 1593 566 1642 et
592 1584 626 1642 in
658 1604 752 1647 manu
780 1583 931 1649 robusta?
972 1583 1018 1645 Ne
1051 1604 1166 1668 quaeso
1207 1584 1317 1648 dicant

234 1678 396 1795 Aegyptii:
427 1684 546 1750 Callido'
581 1684 685 1753 eduxit
705 1714 778 1771 eos,
813 1704 849 1755 ut
880 1689 1105 1754 interficeret
1098 1713 1129 1752 ιιι
1151 1693 1313 1755 montibus

234 1813 266 1863 et
290 1798 407 1860 deleret
429 1819 445 1857 e
466 1812 570 1860 terrra
603 1804 742 1883 quiescat
762 1802 808 1860 ira
827 1811 902 1876 tua,
934 1812 965 1862 et
986 1812 1052 1863 esto
1074 1799 1237 1885 placabilis
1260 1821 1316 1861 su·

233 1930 293 1994 per
323 1908 461 1991 nequitia
492 1907 606 1991 populi
634 1911 691 1972 tui.
742 1906 920 1968 Recordare
951 1907 1129 1984 Abraham,
1165 1910 1251 1970 Isaac
1283 1920 1317 1970 et

233 2014 330 2080 Israel
357 2036 518 2077 servorum
547 2028 694 2113 tuorum,
725 2016 842 2100 quibus
875 2017 988 2098 jurasti
1008 2036 1066 2099 per
1087 2029 1178 2076 temet
1200 2020 1316 2100 ipsum,

234 2102 358 2186 dicens.
393 2122 612 2231 Multiplica'bo
640 2142 741 2184 semen
774 2135 908 2184 restrum
934 2126 1015 2187 sicut
1038 2123 1138 2184 stellas
1162 2126 1256 2186 caeli·
1283 2141 1320 2193 et

233 2235 408 2293 universam
430 2244 546 2292 terram
562 2229 663 2309 hane,
689 2231 727 2292 de
749 2252 811 2313 qua
833 2231 956 2292 locutus
978 2252 1062 2308 sum,
1095 2229 1177 2294 dabo
1202 2236 1316 2296 semini

234 2344 360 2418 vestro,
390 2351 422 2401 et
451 2336 652 2423 possidebitis
686 2361 751 2400 eam
771 2359 899 2421 semper.
942 2338 1148 2422 Plscatusque
1176 2352 1221 2402 est
1244 2341 1317 2402 Do-

233 2452 352 2521 minus,
387 2468 426 2513 na
457 2445 575 2508 faceret
602 2446 734 2526 malum,
775 2444 863 2530 quod
897 2444 1024 2508 locutus
1047 2447 1148 2508 fuerat
1169 2448 1315 2514 adversus

233 2533 389 2627 populum
418 2551 519 2594 snum.

316 2656 373 2751 Ill.
396 2690 486 2777 Reg.
517 2691 606 2761 XV..
645 2693 888 2778 Ambulavitque
923 2693 1058 2775 (Abirm)
1100 2692 1134 2753 iu
1169 2695 1313 2758 omnibus

230 2801 367 2883 peccatis
398 2805 497 2883 patris
526 2803 591 2881 sui,
628 2825 707 2885 quae
729 2804 845 2863 lecerat
866 2815 936 2864 ante
968 2824 1059 2864 eum:
1090 2823 1147 2863 nec
1171 2816 1238 2865 erat
1258 2825 1315 2866 eor

232 2910 300 2991 c'jus
334 2909 509 2991 perlectum
550 2929 621 2970 cum
652 2911 789 2970 Domino
824 2910 892 2971 Deo
915 2931 995 2989 suo,
1030 2914 1111 2973 sicut
1133 2932 1191 2974 cor
1213 2914 1317 2975 David

231 3019 331 3100 patris
365 3017 442 3098 ejus.
500 3016 562 3077 Sed
598 3030 732 3102 propter
766 3016 868 3077 David
897 3018 985 3080 dedit
1007 3020 1034 3080 ei
1056 3019 1209 3081 Dominus
1230 3020 1317 3095 Deus

232 3145 308 3187 suus
329 3124 487 3186 lucernam
508 3127 540 3186 in
562 3123 753 3201 Ierusalem,
787 3136 824 3184 ut
843 3127 1007 3187 suscitaret
1027 3125 1125 3189 filium
1148 3131 1216 3209 ejus
1241 3143 1317 3214 post

233 3252 326 3310 eum,
349 3246 380 3293 et
398 3244 548 3294 statueret
567 3230 758 3293 Jerusalem:
785 3253 845 3313 eo,
867 3234 954 3315 quod
977 3235 1100 3296 lecisset
1113 3236 1222 3321 ¹David
1245 3258 1318 3297 ree·

232 3353 300 3401 tum
321 3342 355 3401 in
376 3341 475 3403 oculis
497 3341 646 3416 Domini,
669 3352 701 3401 et
721 3361 785 3402 non
807 3341 991 3404 declinasset
1011 3341 1051 3402 ab
1074 3343 1230 3422 omnibus,
1245 3367 1316 3428 quae

233 3462 434 3534 praeceperat
455 3453 482 3511 ci
493 3494 503 3528 ,
539 3451 662 3512 cunctis
688 3447 798 3545 dicbus
817 3452 897 3510 vitae
918 3470 1002 3518 suae.

316 3606 425 3668 Esai.
447 3606 630 3675 xxxva:
666 3606 750 3669 Haec
778 3604 858 3669 dicit
884 3607 1040 3669 Dominus
1061 3607 1099 3669 de
1122 3629 1194 3692 rege
1218 3605 1315 3683 Assy-

234 3714 368 3775 riorum:
392 3714 464 3774 Νοιι
486 3711 618 3774 intrabit
639 3714 791 3774 civitatem
810 3711 892 3775 hanc
904 3759 914 3792 ,
951 3729 983 3776 et
1003 3739 1068 3777 non
1090 3718 1186 3798 jaciet
1207 3714 1253 3775 ibi
1266 3736 1316 3776 sa·

234 3824 364 3905 gittam,
403 3833 433 3880 et
461 3839 525 3879 uon
548 3820 716 3904 occupabit
738 3843 803 3882 eam
833 3817 986 3908 clypeus,
1019 3836 1050 3889 ct
1071 3845 1136 3885 non
1158 3827 1261 3885 mittet
1285 3825 1320 3883 in

234 3932 369 3990 circuitu
390 3929 457 4009 ejus
480 3950 630 4012 aggerem.
681 3931 716 3989 In
739 3933 811 4008 via,
844 3954 906 4014 qua
926 3935 1027 4010 venit,
1049 3953 1107 4018 per
1122 3952 1188 3993 eam
1212 3952 1320 3991 rever·

233 4049 333 4112 tetur,
365 4047 395 4095 et
427 4037 581 4096 civitatem
611 4032 692 4098 hanc
713 4059 777 4100 non
799 4040 1010 4124 ingredietur,
1045 4041 1125 4103 dicit
1148 4041 1319 4102 Dominus.

232 4146 276 4205 Et
295 4155 457 4226 protegam
480 4145 634 4206 civitatem
656 4146 764 4223 istam,
800 4158 833 4207 ut
866 4149 979 4208 salvem
1005 4172 1069 4210 eam
1092 4161 1227 4233 propter
1259 4169 1321 4224 me,

232 4265 265 4314 et
295 4265 428 4338 propter
461 4254 564 4315 David
599 4274 721 4316 servum
747 4275 856 4317 rusum.
900 4256 1050 4342 Egressus
1072 4269 1118 4319 est
1139 4270 1241 4321 autem
1265 4276 1325 4316 an-
