2768 4762
280 343 362 414 aaa
586 340 654 402 nu
687 335 952 405 canistra
982 337 1046 421 ur
1131 354 1137 368 ·

97 550 164 613 ³⁸93·
185 561 244 604 «με.
280 502 401 589 diversa
431 537 505 591 suut
532 543 661 612 genere,
685 530 729 591 itu
748 529 839 591 etiarn
860 527 1005 589 distincta
1028 527 1217 610 cognitione.
1263 529 1366 608 Quod

97 599 270 702 lillsslllss‘:
279 625 381 685 tamen
396 612 435 672 de
456 613 615 675 animabus
628 617 748 677 sanctis
774 614 966 675 sentiendum
986 634 1052 674 non
1073 623 1133 673 est:
1159 616 1256 694 quia,
1280 637 1364 699 quae

99 704 268 789 ffiffirffim
280 701 362 760 intus
381 699 601 780 omnipotentis
624 699 683 759 Dei
705 699 875 760 claritatem
896 699 1024 777 vident,
1051 696 1139 757 nullo
1165 700 1262 760 modo
1290 692 1363 763 cress

98 796 193 840 ducunt.
280 783 417 849 dendum
449 782 517 859 est,
548 784 622 867 quia
649 784 727 845 foris
755 786 796 845 sit
816 783 956 866 aliquid,
986 781 1073 867 quod
1096 784 1252 865 ignorent.
1296 785 1363 848 Sed

97 846 238 894 ΜΗ·
279 868 417 930 camales
437 869 573 950 quique,
593 870 667 951 quia
688 888 822 930 amorem
837 871 1041 952 praecipuum
1072 864 1145 926 filris
1164 868 1362 954 impendunt,

278 952 343 1017 hoc
366 972 419 1014 eos
439 952 473 1012 B.
483 953 545 1015 Job
558 957 676 1015 nescire
689 955 891 1038 postmodum
903 956 1023 1030 asserit,
1054 952 1121 1013 uod
1132 951 1364 1016 hievehemen·

277 1052 326 1105 ter
343 1051 542 1105 amaverunt:
572 1032 609 1101 u't
625 1041 689 1101 sive
711 1038 834 1101 nobiles
849 1042 912 1101 sive
933 974 1087 1123 ignobiles
1113 1039 1176 1099 sint
1196 1036 1275 1119 lilii,
1301 1061 1362 1103 ne·

277 1126 385 1201 sciant,
430 1144 565 1204 quorum
591 1144 643 1186 eos
669 1146 789 1207 semper
808 1146 881 1185 cura
901 1123 1084 1209 fatigabat,-

110 1204 265 1264 trucidari·
363 1223 392 1276 2.
434 1207 544 1267 IDEM
564 1208 598 1268 L.
622 1208 678 1271 IV.
707 1210 788 1269 Dial.
818 1230 885 1295 cap.
908 1218 981 1282 aa:
1016 1208 1099 1284 Quia
1122 1210 1154 1268 in
1178 1206 1232 1269 illa
1255 1222 1363 1271 aeter-

93 1271 241 1364 {summan
275 1314 315 1354 na
341 1291 530 1354 haereditate
550 1314 654 1355 omnes
681 1297 837 1356 communi
856 1295 996 1356 claritate
1022 1294 1124 1353 Deum
1143 1294 1359 1376 conspiciunt,

275 1377 353 1464 quid
375 1390 438 1453 est,
460 1377 548 1459 quod
570 1378 615 1438 ibi
636 1383 792 1458 nesciant,
823 1379 879 1441 ubi
900 1383 1046 1442 scientem
1068 1381 1171 1440 omnia
1191 1380 1315 1441 sciunt?

357 1477 389 1532 ὅ.
432 1460 693 1536 AUGUS'I'INUS
714 1466 749 1531 L.
771 1487 838 1526 cur.
863 1466 902 1528 de
922 1479 1015 1528 mort
1039 1464 1163 1548 gerend.
1193 1483 1261 1546 cap.
1286 1478 1359 1533 15.=

243 1548 415 1627 ‚Proinde
441 1546 601 1608 fatendum
626 1562 691 1629 est,
725 1553 844 1612 nescire
867 1552 990 1634 quidem
1011 1561 1170 1625 mortuos,
1202 1548 1279 1631 quid
1304 1548 1358 1611 hie

96 1614 264 1727 ,sslllssssslll
277 1647 406 1718 agatur,
442 1632 495 1693 sed
532 1632 606 1694 dum
630 1634 682 1695 hic
719 1638 838 1719 agitur:
870 1649 978 1720 postea
1006 1657 1080 1698 vcro
1106 1635 1216 1694 audire
1234 1633 1272 1693 ab
1299 1639 1356 1712 cis,

95 1721 332 1818 pppsstpnffiqm
363 1717 440 1778 bino
463 1716 502 1777 ad
527 1740 580 1778 eos
609 1721 773 1781 moriendo
798 1735 944 1805 pergunt.
969 1799 971 1803 Ι
997 1720 1068 1782 Non
1093 1722 1218 1801 quidem
1239 1740 1355 1797 omma,

96 1825 246 1869 cognoscere.
276 1804 331 1865 sed
353 1824 433 1884 quae
464 1803 609 1863 sinuntur
628 1804 766 1866 indicare
778 1851 789 1885 ,
824 1810 877 1888 qui
899 1808 1042 1866 sinuntur
1064 1807 1154 1865 etiam
1171 1806 1228 1863 ista
1248 1806 1356 1866 memi-

275 1891 374 1950 nisse:
398 1900 429 1949 et
448 1907 528 1969 quae
547 1886 637 1965 illos,
660 1889 774 1971 quibus
797 1890 873 1951 haec
897 1891 1053 1967 indicant,
1082 1901 1210 1972 oportet
1233 1888 1355 1954 audire.

275 1975 413 2036 Possunt
437 1985 468 2034 et
484 1971 524 2035 ab
547 1973 681 2056 angelis,
705 1978 760 2057 qui
781 1976 893 2054 rebus,
918 1996 997 2057 quae
1013 1987 1147 2058 aguntur
1166 1972 1237 2049 hie,
1260 1994 1354 2055 prae·

271 2072 321 2120 sto
344 2072 437 2134 suut,
469 2058 577 2119 audire
596 2057 717 2140 aliquid
740 2063 875 2134 mortui,
917 2059 1006 2142 quod
1032 2078 1281 2139 unumquemque
1315 2056 1356 2117 il·

271 2143 376 2205 lorum
391 2142 500 2204 audire
513 2143 626 2205 debere
644 2145 785 2228 judicat,
808 2147 857 2207 eui
877 2159 989 2207 cuneta
1011 2144 1149 2224 subjecta
1168 2153 1248 2201 suut
1292 2140 1357 2202 Ni·

115 2310 118 2315 .
225 2282 230 2291 .
271 2231 297 2290 si
321 2231 402 2289 enim
422 2242 525 2290 essent
545 2229 663 2314 angeli,
691 2235 747 2314 qui
769 2245 897 2315 possent
925 2233 1069 2293 interesse
1093 2241 1124 2288 et
1158 2227 1302 2285 vivorum
1322 2238 1357 2289 et

92 2323 469 2381 maumas-mortuorum
498 2313 597 2393 loeis,
633 2336 698 2379 nou
723 2317 847 2379 dixisset
869 2318 1022 2376 Dominus
1050 2311 1184 2373 JESUS:
1208 2309 1353 2394 Contigit

268 2413 370 2462 autem
400 2401 481 2461 mori
507 2402 632 2484 inopem
663 2399 775 2479 illum,
809 2415 840 2462 et
878 2402 955 2463 ferri
986 2399 1025 2461 ab
1053 2397 1166 2481 angelis
1193 2399 1225 2455 in
1250 2397 1351 2455 sinunt

268 2484 422 2546 Abrahae.
446 2485 535 2546 Nunc
544 2474 618 2569 ergd
627 2485 688 2563 hic,
700 2509 782 2547 nunc
793 2486 837 2547 ibi
848 2508 910 2547 esse
922 2498 1106 2568 potuerunt,
1121 2485 1174 2565 qni
1182 2480 1256 2542 hinc
1265 2478 1350 2557 illuc,

268 2592 361 2654 quem
369 2571 453 2633 Deus
465 2569 566 2631 voluit
579 2570 783 2633 abstulerunt.
814 2572 952 2632 Possunt
961 2573 1052 2631 etiam
1066 2572 1194 2652 spiritus
1205 2577 1351 2625 mortuo·

268 2655 462 2738 rumaliqua,
486 2654 623 2737 quaehic
633 2670 777 2740 aguntur,
803 2679 881 2738 quae
890 2657 1094 2717 necessarium
1108 2667 1165 2729 est,
1178 2673 1230 2712 eos
1247 2669 1346 2724 nosse,

42 2778 47 2799 a
86 2748 231 2807 maritanas
268 2755 299 2802 et
310 2744 671 2824 quaenecessariumnon
681 2756 736 2818 est,
750 2763 873 2802 eosnon
885 2761 984 2816 nosse,
998 2761 1062 2802 non
1072 2739 1171 2803 solum
1182 2736 1350 2820 praeterita

87 2802 218 2848 'mum'
266 2827 315 2888 rel
349 2829 541 2911 praesentia,
574 2848 681 2886 verum
710 2829 800 2888 etiam
829 2825 936 2888 futu'ra
969 2828 1094 2909 spiritu
1109 2826 1169 2884 Dei
1196 2818 1350 2880 revelante

268 2934 479 2996 cognoscere:
531 2913 613 2972 sicut
640 2934 705 2973 non
740 2933 844 2972 omnes
875 2911 1037 2988 homines,
1073 2909 1127 2969 sed
1158 2903 1351 2988 Prophetae,

268 2998 343 3057 dum
358 2997 411 3059 hic
429 3000 577 3071 viverent,
600 2995 852 3080 cognoscebant,
874 3018 931 3056 nec
959 2996 1018 3078 ipsi
1042 2996 1164 3065 omnia,
1188 2991 1243 3051 sed
1268 3008 1351 3070 quae

268 3083 331 3145 illis
348 3104 412 3144 esse
437 3082 600 3142 revelanda
626 3084 686 3141 Dei
715 3083 912 3165 providentia
934 3080 1101 3161 judicarat.
1159 3078 1243 3137 Mitti
1266 3094 1352 3154 quo-

87 3169 255 3263 diffidis}
270 3189 331 3250 que
350 3168 390 3227 ad
419 3169 506 3226 sivos
533 3165 655 3248 aliquos
680 3187 714 3226 cx
737 3169 890 3243 mortuis,
913 3168 993 3226 sicut
1015 3164 1208 3225 econtrario
1229 3157 1350 3218 Paulus

85 3247 150 3323 ὡς’.
191 3230 214 3273 t·
247 3243 304 3313 'ex
324 3255 399 3312 viris
426 3255 458 3311 in
478 3252 660 3311 Paradisum
675 3264 782 3334 raptus
802 3266 864 3327 est,
896 3251 1000 3310 divina
1026 3252 1184 3331 scriptura
1205 3256 1349 3304 testatur.

266 3338 345 3399 Nam
371 3337 493 3397 Samuel
510 3336 666 3420 propbeta
683 3337 847 3397 defunctus
871 3338 942 3396 vivo
960 3335 1046 3395 Sauli
1064 3346 1154 3393 etiam
1178 3331 1243 3412 regi
1263 3328 1353 3387 lutu-

267 3444 304 3484 ra
323 3423 491 3506 praedixit:
515 3423 653 3504 quamvis
674 3421 817 3482 nonnulli
840 3443 903 3482 uon
928 3422 1029 3503 ipsum
1055 3419 1170 3492 luisse,
1203 3415 1258 3495 qui
1287 3432 1352 3494 po·

266 3510 376 3569 tuisset
405 3509 530 3589 magieis
557 3504 677 3566 artibus
704 3511 844 3582 evocari,
878 3505 931 3565 sed
958 3504 1090 3585 aliquem
1116 3503 1267 3584 spiritum·
1288 3509 1352 3557 taur

266 3592 353 3654 malis
372 3592 520 3676 operibus
539 3602 783 3672 congruentem,
817 3590 901 3650 illius
919 3591 1090 3649 existiment
1115 3582 1350 3646 similitudinem

266 3675 433 3761 figurasse:
459 3697 528 3736 cum
550 3674 630 3734 liber
650 3673 893 3750 ecclesiasticus,
917 3696 1007 3756 quem
1027 3674 1114 3733 Jesus
1135 3669 1218 3731 silius
1236 3664 1349 3728 Siracb

266 3765 427 3846 scripsisse
449 3760 604 3837 truditur,
627 3772 658 3820 et
677 3773 811 3842 propter
826 3759 944 3841 eloquii
961 3751 1144 3819 nonnullam
1169 3752 1351 3816 similitudi·

85 3866 229 3914 neetsau.
265 3868 336 3907 nem
367 3846 542 3906 Salomonis
564 3846 811 3927 pronunciatur,
855 3846 1012 3905 contineat
1033 3848 1065 3903 in
1093 3840 1185 3902 laude
1213 3850 1350 3924 patrum,

267 3931 356 4014 quod
385 3928 505 3990 Samuel
537 3933 627 3989 etiam
659 3942 800 3990 mortuus
827 3928 1073 4013 prophetaverit.
1129 3925 1190 3986 Sed
1221 3927 1248 3984 si
1272 3920 1350 3981 huic

267 4015 352 4075 libro
378 4034 413 4074 ex
437 4013 667 4091 Hebraeorum,
700 4016 774 4098 quia
797 4017 828 4074 in
847 4037 884 4077 eo
902 4036 966 4074 non
989 4026 1053 4091 est,
1076 4032 1197 4075 canone
1218 4020 1352 4070 contra·

48 4170 51 4176 ²
85 4112 229 4163 natissa.
267 4100 407 4174 dicitur,
442 4098 519 4179 quui
547 4099 586 4158 de
615 4101 724 4173 Moyse
749 4100 863 4161 dicturi
894 4120 1017 4176 sumus,
1054 4100 1108 4180 qui
1145 4107 1228 4155 certe
1255 4106 1286 4154 et
1317 4096 1349 4153 in

81 4167 252 4270 Jll‘illffl'f,
265 4184 512 4245 Deuteronomio
542 4197 703 4261 mortuus,
742 4196 773 4244 et
797 4186 829 4244 in
860 4183 1029 4266 Evangelio
1067 4204 1139 4243 cum
1162 4179 1268 4260 Helia,
1293 4182 1350 4262 qui

265 4281 410 4330 mortuus
428 4289 492 4330 uon
513 4281 573 4347 est,
596 4268 711 4355 legitur
730 4269 911 4352 apparuisse
936 4267 1120 4330 viventibus.
