2768 4762
372 365 791 474 ,oncanooo
1053 362 1220 470 suf>

54 582 273 654 orthodoxam
295 581 388 647 fidem
409 585 581 669 auspicati,
612 601 670 667 per
687 583 803 665 scripta
823 578 948 664 quidem
966 576 1064 640 veluti
1086 578 1133 640 le-

56 675 149 760 gibus
180 667 362 732 latis·fidem
391 691 479 731 suam
513 667 693 729 servandam
723 678 962 750 praeceperunt:
986 663 1130 725 omnibus

56 759 191 834 scilicet,
226 759 280 837 qui
310 758 342 815 in
365 754 452 815 sedes
476 754 604 814 illorum
625 752 797 812 successuri
820 763 922 828 erant,
939 748 942 753 ’
959 763 990 811 et
1016 747 1130 808 iulide

57 864 166 903 eorum
185 862 282 922 usque
301 840 340 899 ad
361 840 655 900 consummationem
674 836 1018 919 saeculipermansuri,
1037 845 1129 915 atque
1152 832 1309 882 testeam.

57 930 101 987 ita
122 939 230 987 nostra
261 936 361 985 servat
383 924 537 996 Ecclesia,
568 935 599 981 et
621 935 740 982 sanctas
765 941 874 980 eorum
895 919 1008 1003 figuras
1041 891 1309 988 vene-Illitl‘aldl]

58 1024 156 1071 ratur.
200 1008 289 1069 Unde
305 1013 335 1069 in
357 1007 442 1067 hunc
465 1028 564 1089 usque
588 1007 668 1066 diem
690 1004 870 1065 venerandis
891 1004 1003 1065 horum
1022 996 1276 1085 imagi-{⁰,',¹,‘J,{¹‚'„¹,¹,'m

55 1093 149 1154 nibus
165 1094 323 1154 Ecclesiae
342 1106 466 1153 nostrae
487 1104 613 1152 ornatae
630 1112 664 1151 ac
695 1091 880 1170 conspicuae
890 1101 969 1149 sunt.
1013 1086 1259 1163 Quem-imsim-

57 1179 227 1239 admodum
267 1179 472 1237 sanctissimus
502 1188 533 1235 et
575 1174 767 1236 beatissimus
801 1171 887 1254 Papa
923 1172 1077 1247 Sylvester
1098 1173 1157 1241 in,

55 1267 215 1357 principio
245 1262 492 1322 Christianorum
513 1272 695 1327 nostrorum
714 1257 891 1319 orthodoxa
913 1255 974 1316 tide
992 1267 1132 1315 testatur.
1190 1329 1192 1335 ⁴

57 1349 179 1407 Deinde
216 1349 342 1406 recitata
376 1345 525 1415 historia,
566 1343 727 1425 quomodo
756 1343 976 1402 Constantinus
1003 1341 1132 1420 lllagnus

57 1453 117 1515 per
145 1431 268 1490 beatum
301 1431 429 1489 Petrum
462 1442 492 1489 et
511 1429 642 1487 Paulum
666 1440 758 1488 nocte
784 1426 978 1495 admonitus,
1001 1444 1017 1482 a
1039 1421 1132 1482 beato

59 1515 229 1590 Sylvestro'
250 1519 281 1573 iu
314 1511 376 1572 side
400 1514 541 1573 eruditus
573 1513 684 1588 fuerit,
716 1510 805 1570 etad
828 1509 1014 1653 baptismum
1036 1507 1135 1566 susci-

58 1600 209 1683 piendum
228 1601 391 1672 invitatus,
411 1600 453 1657 ita
477 1597 656 1679 subjungit:
678 1595 849 1676 Postquam
877 1615 957 1652 inem
978 1593 1135 1651 narratio-

57 1687 107 1742 nis
136 1685 276 1757 lecisset,
312 1684 463 1763 quaesivit
491 1683 680 1762 imperator,
716 1680 891 1761 qualesnam
927 1677 1135 1737 arbitraretur

60 1787 126 1824 esse
156 1768 238 1826 Deos
267 1766 394 1826 Petrum
422 1778 456 1826 et
482 1765 636 1841 Paulum,
669 1785 749 1846 quos
781 1762 919 1847 viderpt?
961 1762 1135 1844 Respondit

59 1850 175 1926 Pater,
198 1871 388 1932 nequaquam
408 1871 472 1909 esse
492 1852 597 1927 Deos,
617 1848 672 1908 sed
694 1868 799 1907 servos
824 1860 855 1907 et
874 1844 1045 1930 discipulos
1065 1847 1134 1907 Do·
1162 1921 1168 1929 .

60 1935 134 1992 mini
161 1936 259 1994 nostri
286 1932 384 1994 JESU
399 1934 560 1994 CHRISTI
567 1977 577 2008 ,
601 1953 680 2014 quos
703 1935 735 1991 in
759 1931 822 1991 hoc
840 1931 995 2015 elegisset,
1017 1943 1052 1990 ut
1065 1953 1132 1991 om·
1141 1932 1306 2027 fill'{⁵},‘·¹¹ff,³·

59 2038 112 2076 nes
140 2030 242 2099 gentes
268 2030 505 2094 converterent,
536 2030 572 2077 nt
594 2017 758 2077 crederent
774 2017 812 2074 in
835 2037 911 2076 eum.
956 2017 1038 2076 Haec
1060 1996 1311 2092 compluimini:

56 2101 221 2161 audivisset
241 2104 430 2185 imperator,
470 2113 669 2184 percontatus
695 2113 759 2178 est,
792 2122 866 2161 num
896 2099 1010 2162 alicubi
1030 2095 1308 2179 essentss,†‡.¹,¹„⁰⁸·d„;⁸

57 2185 205 2247 historiae
234 2187 385 2248 illorum:
415 2207 485 2247 mox
504 2186 613 2246 beatus
635 2185 791 2262 Sylvester
813 2208 875 2269 per
888 2187 1046 2248 Diaconos
1072 2183 1281 2245 ad-⁵³·⁸⁵¹¹ll¹¹⁵

58 2271 154 2346 ferri,
193 2292 269 2350 quas
300 2269 450 2345 habebat,
484 2270 710 2352 Apostolorum
745 2271 888 2353 imagines
921 2274 1029 2353 jussit,
1054 2232 1308 2352 quasiiii'al'irid

60 2375 130 2414 cum
159 2359 327 2433 imperator
344 2353 546 2434 adspexisset,
567 2352 650 2413 clara
667 2375 743 2413 voce
757 2354 974 2436 proclamavit:
996 2357 1035 2415 Hi
1048 2367 1129 2429 sunt,
1141 2338 1291 2433 ilillllia.

62 2457 143 2517 quos
176 2456 232 2515 per
261 2437 360 2494 visum
392 2456 630 2516 conspexeram,
666 2457 765 2516 neque
794 2441 922 2519 amplius
952 2438 1129 2498 incredulus
1141 2428 1307 2529 {ffiffi¹,³„'¹‡2;,

61 2538 144 2580 sum:
173 2531 302 2599 paretur
329 2517 481 2577 lavacrum
507 2520 538 2576 in
562 2540 657 2578 meam
688 2519 824 2580 salutem.
869 2523 1056 2582 Constructo
1075 2527 1215 2581 gru-navit.
1240 2587 1244 2591 ,

63 2616 125 2664 tem
156 2601 296 2679 lavacro,
332 2624 400 2662 cum
428 2623 515 2662 sacro
544 2623 616 2662 rore
639 2604 754 2662 tinctus
783 2615 876 2678 essct,
900 2606 1061 2665 confestim
1088 2616 1134 2663 est

62 2689 185 2763 sanitati
213 2689 361 2770 pristinae
392 2697 563 2747 restitutus.
616 2686 736 2746 Deinde
754 2707 816 2746 non
841 2691 999 2749 immemor
1017 2689 1136 2771 accepti

61 2770 223 2848 beneficii,
256 2770 409 2832 Ecclesias
436 2772 496 2829 Dei
531 2768 728 2831 exaedificare
751 2773 874 2854 coepit,
905 2774 1061 2835 columnas
1080 2793 1136 2832 co-

62 2879 132 2916 rum
166 2859 278 2939 passim
310 2859 405 2916 sacris
437 2855 619 2938 imaginibus
646 2858 678 2914 in
708 2859 884 2917 memoriam
914 2860 1134 2919 incarnationis

60 2942 189 3001 Domini
216 2945 316 3000 nostri
339 2940 437 3000 JESU
461 2939 643 3015 CHRISTI,
665 2943 861 3023 omniumque
887 2957 1065 3003 sanctorum
1084 2965 1136 3002 re·
1203 2981 1205 2985 ·

60 3028 227 3085 rcrentiam
253 3028 430 3085 exornavit:
461 3046 516 3085 nec
542 3027 600 3086 alia
621 3025 786 3103 decausa,
819 3048 911 3107 quam
932 3041 967 3088 ut
984 3028 1136 3088 Christia-

62 3112 193 3170 nismum
226 3112 256 3168 in
283 3109 383 3169 lucem
414 3121 444 3169 et
461 3113 634 3187 veritatem,
667 3109 788 3191 Deique
811 3110 928 3171 cultum
950 3112 1134 3196 provehere,

60 3207 94 3255 et
118 3213 222 3254 omnes
253 3206 356 3276 gentes
380 3192 502 3254 acultn
522 3193 681 3256 idolorum
709 3207 739 3255 et
774 3194 928 3257 diabolica
952 3199 1134 3280 deceptione
1310 3264 1312 3268 ,

62 3290 267 3339 converteret.
320 3277 589 3354 Quemadmodum
628 3281 719 3339 etiam
748 3279 836 3340 divus
854 3294 942 3363 pater
959 3283 1131 3365 Gregorius
1144 3256 1312 3353 liulildll'l

61 3363 292 3446 Apostolorum
321 3383 481 3422 successor
508 3362 713 3446 praedicavit,
745 3364 787 3424 ob
807 3365 839 3424 id
857 3365 981 3450 depingi
1003 3369 1036 3427 in
1056 3358 1311 3452 tem-lfflu‘ffl
1355 3416 1360 3432 ,

59 3448 123 3531 plis
148 3446 346 3529 Evangelicas
359 3446 522 3523 historias,
556 3460 591 3508 ut
611 3445 750 3508 homines
774 3448 937 3528 illiterati,
960 3464 990 3512 et
1008 3454 1063 3533 qui
1081 3446 1131 3519 sa·
1143 3457 1243 3547 ”law-⁹·
1263 3460 1279 3499 ¹·
1294 3469 1315 3506 a·

62 3553 135 3593 cros
157 3531 255 3591 libros·
274 3530 373 3614 legere
394 3546 572 3612 nequeunt,
593 3531 741 3613 (quorum
755 3553 825 3593 sane
841 3537 968 3596 maxima
985 3557 1056 3618 pars
1074 3539 1130 3614 est)
1142 3518 1167 3546 ¹⁸
1201 3515 1278 3550 “w''
1289 3518 1311 3559 ²⁹

62 3619 237 3699 conspectis
266 3616 342 3699 illis,
373 3616 538 3675 redderent
562 3616 630 3677 Deo
654 3616 806 3699 gloriam,
843 3633 874 3680 et
897 3620 1080 3681 reducerent
1100 3623 1132 3681 in

62 3713 212 3775 mentem,
244 3720 323 3781 quae
359 3701 389 3759 in
420 3721 510 3760 carne
536 3703 728 3762 conversatio
751 3703 876 3763 Domini
909 3707 1009 3765 nostri
1034 3706 1133 3766 IESU

64 3785 227 3846 CHRISTI
258 3784 376 3850 suisset.
418 3785 460 3844 Ut
483 3798 597 3846 taceam
621 3787 746 3847 interim
776 3786 979 3850 Orthodoxos
1003 3789 1081 3852 alios
1102 3803 1132 3852 et
1142 3777 1245 3871 ,32:¹2⁸
1254 3794 1321 3874 fg,

65 3868 317 3930 Christianismos
345 3871 573 3951 Imperatores,
608 3891 677 3931 cum
697 3870 912 3933 sacerdotibus
935 3873 1078 3936 omnibus
1102 3874 1312 3967 mpudentes-

65 3950 203 4014 honestis
229 3955 303 4013 viris
329 3954 430 4014 Deum
451 3953 646 4032 colentibus,
678 3956 768 4016 simul
792 3959 881 4017 etiam
897 3979 966 4019 cum
986 3962 1131 4023 universo
1154 3936 1224 3970 ’Μ’

67 4034 241 4099 Christiano
273 4039 412 4122 populo,
447 4041 501 4123 qui
528 4060 632 4100 omnes
663 4042 750 4121 juxta
771 4042 930 4124 'antiquam
954 4057 1133 4106 sanctorum

65 4119 192 4182 Patroni
219 4123 441 4200 traditionem,
472 4123 659 4185 venerandas
686 4125 830 4208 imagines
850 4139 882 4189 et
903 4143 1086 4213 receperunt
1103 4141 1134 4191 et
1155 4178 1223 4221 M

64 4217 192 4284 tenent,
228 4218 258 4267 et
286 4209 316 4267 in
339 4207 516 4287 memoriam
538 4221 569 4269 et
586 4212 856 4294 compunctionem
877 4213 981 4274 cordis
1006 4191 1310 4277 censer-nomilia}

62 4286 154 4367 rant,
190 4303 221 4352 et
249 4292 281 4352 in
309 4291 395 4354 hunc
426 4313 525 4375 usque
557 4293 639 4355 diem
661 4290 855 4379 venerantur.
907 4299 1017 4381 Neque
1042 4298 1132 4361 aliter
1142 4277 1277 4332 ‘'ww''
