2768 4762
367 336 859 445 ‘annunciarem
1033 319 1126 445 '447

49 574 240 652 tertiamque
268 566 350 627 illius
368 566 601 627 constituerunt
617 584 682 623 non
703 572 852 645 oportere
873 554 1011 636 dissolvi,
1034 559 1126 640 cnjus

53 661 162 744 potius
192 651 345 736 sequenda
385 651 508 710 decreta
533 647 753 708 mandarunt.'
780 645 818 704 Iu
852 643 957 704 eadem
993 638 1305 733 ⁰P¹¹l⁰¹¹¹1¹illli⁶l⁵li

54 748 100 805 sic
115 745 157 802 ait
174 741 252 800 idem
282 735 429 797 Nicolaus
446 733 612 794 Pontifex:
639 728 951 791 Animadvertendum
975 741 1030 806 est,
1051 734 1123 810 quia
1137 740 1186 780 dam
1208 705 1254 781 ulii
1276 754 1288 780 a

55 850 118 888 non
139 825 273 897 Nicena,
298 842 362 882 non
382 820 515 900 deniqne
538 816 603 877 ulla
620 816 764 891 Syno'dus
784 813 954 895 quidquam
971 814 1126 874 Romanae
1139 792 1306 879 iiiiiiiwm

55 910 191 973 contulit
220 905 376 968 Ecclesiae
400 903 568 985 privilegii:
610 922 690 982 quae
714 901 745 959 in
767 899 862 959 Petro
897 911 1027 959 noverat
1062 911 1308 975 eamt’rivileffanon-

52 998 150 1056 totius
188 996 261 1075 jura
288 991 449 1074 potestatis
492 988 626 1070 pleniter
665 987 830 1059 meruisse,
879 995 910 1043 et
945 994 1127 1042 cunctarum
1140 961 1308 1059 232⁸inii¹⁸'

54 1080 170 1138 Christi
189 1081 292 1139 ovium
322 1076 455 1157 regimen
475 1073 642 1154 accepisse,
669 1072 749 1130 sicut
765 1069 873 1127 heatus
888 1066 1009 1150 praesul
1033 1068 1130 1129 Boni·
1141 1058 1255 1113 prosecta·

53 1166 153 1224 lacius
183 1171 361 1232 attestatur,
393 1157 540 1216 universis
565 1156 729 1237 Episcopis
757 1174 814 1236 per
845 1152 1032 1211 Thessaliam
1053 1154 1131 1214 con-

55 1251 172 1308 stitutis
203 1244 356 1305 scribens:
389 1242 550 1301 Institutio
583 1238 761 1299 universalis
789 1238 940 1296 nascentis
974 1236 1130 1298 Ecclesiae
1141 1235 1310 1326 ξῗῆξζξζᾞ·

56 1334 97 1393 de
131 1333 213 1391 beate
246 1330 326 1388 Petri
355 1328 487 1409 sumpsit
513 1324 633 1384 honore
659 1323 865 1407 principium,
900 1322 931 1379 in
957 1324 1023 1402 quo
1048 1326 1313 1405 regi-niamaaucit.

56 1439 127 1478 men
163 1410 229 1494 ojus
263 1425 294 1472 ct
316 1432 430 1474 summa
457 1411 610 1473 consistit.
663 1410 708 1468 Ex
737 1411 803 1487 ejus
826 1408 905 1472 enim
927 1407 1132 1468 ecclesiastica

58 1501 225 1581 disciplina
262 1519 319 1580 pcr
353 1516 458 1556 amires
484 1493 654 1569 Ecclesiae,
691 1492 848 1574 religionis
883 1492 945 1570 jam
979 1506 1134 1555 crescente

59 1585 208 1658 cultura,
244 1582 314 1643 lons
343 1581 500 1640 emanavit.
549 1576 681 1638 Nicenae
708 1577 826 1651 Synodi
855 1596 918 1634 nou
940 1575 1025 1635 aliud
1044 1599 1138 1659 prae·

60 1680 151 1750 cepta
171 1680 336 1742 testantur,
377 1664 477 1738 adeo,
518 1674 552 1722 ut
573 1683 636 1722 non
662 1660 780 1741 aliquid
796 1681 890 1741 super
917 1681 981 1720 eam
1002 1682 1076 1721 ausa
1097 1665 1137 1723 sit

10 1794 13 1799 -
61 1753 265 1829 constituere,
300 1770 369 1810 eum
397 1749 515 1807 videret
544 1745 624 1805 nihil
647 1766 741 1826 supra
763 1746 903 1803 meritum
928 1766 1018 1804 suum
1045 1768 1136 1830 posse
1186 1760 1195 1775 '

63 1837 209 1898 conferri.
259 1835 371 1896 Omnia
402 1833 537 1912 denique
568 1829 642 1889 hnic
669 1841 798 1888 noverat
834 1829 960 1888 Domini
997 1852 1136 1891 sermone

64 1940 224 1980 concessa:
248 1919 280 1980 Si
305 1919 427 1994 omnia,
469 1936 544 1998 ergo
568 1914 646 1973 nihil
665 1913 781 1988 defuit,
809 1913 897 1995 quod
918 1913 961 1972 illi
982 1936 1045 1974 non
1070 1937 1137 1974 ces-

63 2006 147 2064 serit.
190 2004 232 2062 Et
256 2003 351 2086 paulo
381 2014 450 2061 ante
482 2000 562 2059 adem
589 1999 735 2069 Nicolaus
755 1999 817 2058 ait:
846 1997 1000 2057 Ecclesiae
1022 2003 1319 2071 Roma-rapacum.

62 2108 120 2147 nae
156 2086 337 2171 privilegia,
369 2085 486 2145 Christi
526 2105 582 2143 ore
617 2086 648 2143 in
692 2082 784 2143 heato
816 2082 912 2143 Petro
933 2082 1068 2160 lirmata,
1106 2090 1135 2145 in
1150 2067 1320 2170 2:2³}ffi22l22

64 2171 203 2232 Ecclesia
232 2173 298 2253 ipsa
334 2170 504 2253 disposita,
539 2171 710 2250 antiquitus
732 2168 911 2243 observata,
943 2169 1194 2231 etasanctisue

63 2255 287 2315 universalibus
322 2254 456 2327 Synodis
490 2253 663 2328 celebrata,
695 2265 788 2332 atque
818 2274 835 2311 a
866 2266 976 2312 cuneta
1002 2255 1141 2316 Ecclesia

64 2342 180 2420 jugiter
205 2347 365 2407 venerata,
401 2333 575 2391 nullatenus
597 2347 729 2413 possunt
756 2338 874 2409 minui,
895 2336 1067 2398 nullatenus
1094 2343 1144 2399 in·

67 2426 184 2499 iringi,
227 2410 401 2473 nullatenus
448 2420 638 2478 commutari.
700 2416 853 2487 Quoniam
903 2418 1144 2498 fundamentum,

69 2503 157 2584 qnod
188 2500 278 2559 Deus
311 2497 434 2577 posuit,
468 2495 618 2553 humanus
650 2517 712 2554 non
738 2497 818 2556 valet
833 2521 973 2559 amovere
997 2520 1145 2565 conatus:

69 2600 101 2644 et
124 2583 209 2666 quod
232 2580 339 2641 DEUS
358 2581 486 2653 statuit,
511 2578 632 2637 lirmum
657 2579 855 2659 validumque
878 2587 1025 2645 consistit.
1069 2590 1142 2648 lllc-

68 2692 129 2751 que
162 2669 356 2750 potissimum
378 2675 500 2746 peccat,
536 2665 669 2744 quilici
699 2665 889 2723 ordinationi
916 2674 1057 2729 resistcre
1079 2687 1147 2732 ten-

67 2767 122 2815 tat.
165 2749 350 2833 Prirrlegia,
388 2752 529 2828 inquam,
551 2750 638 2806 istius
663 2748 741 2807 sedis
762 2750 806 2807 vel
826 2751 979 2810 Ecclesiae
996 2771 1148 2838 perpetua

68 2850 163 2913 sunt,
198 2837 344 2896 divinitus
375 2833 511 2892 radicata
536 2845 627 2914 atque
657 2832 790 2916 plantata
815 2848 901 2894 sunt:
923 2841 1048 2921 impingi
1072 2863 1148 2922 pos-

69 2935 158 2997 sunt,
204 2920 367 2981 transl'crri
400 2938 462 2976 non
493 2930 637 2996 possunt:
671 2918 753 2976 trahi
789 2934 935 3000 possunt,
971 2924 1058 2984 evelli
1083 2948 1147 2986 non

68 3017 212 3090 possunt.
255 3005 387 3081 Anterus
411 3005 501 3061 ctiam
520 3003 660 3085 pontil'ex
682 3017 712 3062 et
738 3017 875 3078 martyr,
891 3007 920 3063 in
941 3008 1044 3068 cadem
1061 3031 1149 3090 quae-

67 3093 170 3151 stione
204 3091 337 3147 tertiaa
370 3089 519 3147 Gratiano
553 3088 736 3162 adducitur,
772 3091 826 3168 qai
851 3093 880 3147 in
906 3090 987 3150 hunc
1022 3095 1148 3154 modum

67 3177 130 3236 ait:
159 3174 252 3232 Facta
273 3170 471 3231 subditorum
499 3172 680 3251 judicantur
704 3194 722 3231 a
741 3174 847 3247 nohis,
872 3192 978 3236 nostra
1003 3200 1075 3237 vero
1094 3182 1148 3258 ju-

69 3261 157 3319 ‹licat
191 3258 307 3316 DEUS.
359 3258 478 3315 Citatur
507 3276 611 3315 rursus
633 3261 664 3315 in
684 3257 786 3316 eadem
812 3264 989 3339 quaestione
1008 3262 1146 3323 Gelasius
1175 3297 1265 3336 nur-ns
1289 3310 1315 3339 η

67 3341 235 3416 Pontil'ex,
271 3345 314 3399 ita
332 3341 487 3400 scribens:
511 3340 627 3400 Cuncta
652 3364 708 3423 per
727 3344 873 3402 rotrodum
892 3348 978 3404 novit
999 3347 1146 3423 Ecclesia,
1159 3348 1278 3406 ⁰¹¹¹³t¹¹⁰·
1310 3396 1316 3408 .

68 3428 221 3508 quoniam
237 3424 445 3505 quorumlibet
464 3427 617 3485 sententiis
639 3425 729 3508 ligata
741 3427 936 3505 Pontilienm,
958 3431 1044 3491 sedes
1064 3431 1144 3492 beati
1159 3397 1328 3498 iiddiffriiili

66 3513 160 3575 Petri
195 3509 339 3592 Apostoli
359 3510 410 3589 jus
435 3507 529 3568 habet
557 3509 749 3587 resolvendi,
773 3526 883 3594 utpote
904 3536 983 3597 quae
1006 3516 1043 3576 de
1063 3521 1145 3578 omni
1159 3496 1328 3598 iii‘iffiisissii.

67 3594 212 3658 Ecclesia
231 3595 275 3653 l'as
294 3594 404 3652 haheat
421 3593 592 3674 judicandi,
617 3616 717 3676 neque
742 3600 884 3680 cuiquam
906 3599 943 3658 de
969 3602 1034 3680 ejus
1059 3596 1216 3663 liceat⁰³⁸⁰·

67 3680 215 3763 judicare
247 3679 377 3759 judicio.
433 3677 593 3758 Siquidem
625 3680 663 3739 ad
695 3680 776 3741 illam
806 3683 844 3742 de
872 3683 1011 3765 qualibet
1041 3665 1329 3768 mandiriiailiiffi

64 3776 159 3850 parte
199 3785 328 3822 canones
362 3762 509 3844 appellari
531 3764 711 3847 volucrunt,
750 3767 788 3825 ab
816 3767 868 3826 illa
886 3781 986 3827 autem
1003 3792 1092 3831 nemo
1110 3776 1149 3832 sit
1161 3766 1297 3806 mmmm·

69 3848 230 3930 appellare
261 3850 434 3930 peruiissus.
488 3848 526 3906 Et
546 3849 640 3930 paulo
662 3861 749 3931 post:
773 3850 833 3909 Sed
853 3873 908 3912 occ
934 3853 986 3913 illa
1009 3870 1150 3937 praeter·
1174 3871 1242 3912 uotis
1273 3881 1329 3923 apo-

73 3940 175 4007 imus‚
207 3934 295 4013 quod
331 3932 503 4014 apostolica
534 3934 619 3993 sedes
658 3935 852 4014 frequenter,
885 3948 920 3995 ut
951 3938 1066 4000 dictum
1093 3923 1342 4020 cst,iiiiiii⁰„ii'0‘2'

10 4034 28 4049 ⁵
59 4030 163 4077 'nore
197 4020 369 4098 majorum,
406 4017 495 4076 etiam
521 4024 586 4076 sine
621 4017 683 4078 ulla
717 4019 855 4093 Synodo.
878 4025 1096 4105 praecedente,
1122 4022 1331 4109 ctffg’l'ssl'lm

72 4100 237 4178 solvendi,
272 4122 351 4184 quos
384 4100 528 4176 Synodus
552 4104 659 4183 inique
691 4102 900 4180 damnaverat,
928 4120 957 4167 et
978 4109 1150 4188 damnandi,
1163 4079 1334 4177 mihim:-

69 4186 159 4247 nulla
181 4188 322 4263 existente
352 4186 495 4272 Synodo,
522 4208 601 4268 quos
623 4191 779 4269 oportuit,
799 4187 944 4252 habuerit
962 4208 1151 4279 potestatem.
1164 4168 1235 4207 Μ’

68 4268 204 4333 Sanctae
240 4272 404 4331 memoriae
437 4273 555 4359 qnippe
582 4271 784 4339 Athanasium
816 4273 962 4353 Synndus
995 4279 1153 4343 orientalis
1166 4293 1302 4341 timu-u.
