2768 4762
402 402 806 472 uccuusmu.
884 396 888 403 ·
996 344 1163 503 Μξξ

66 599 154 662 omni
178 592 331 671 Ecclesia,
361 590 473 675 eligere
495 601 580 651 viros
607 610 642 649 ex
659 589 718 664 eis,
750 601 782 651 et
802 591 925 652 mittere
943 587 1142 653 Antiochiam

68 730 144 769 curn
167 702 266 764 Paulo
295 715 325 760 et
348 699 510 761 Barnabas
538 697 663 774 ludam,
696 699 750 780 qui
767 697 1045 782 cognominabatur
1064 698 1143 759 Bar-

70 815 178 889 sabas,
213 824 244 871 et
272 809 365 868 Silam
388 809 472 868 viros
502 808 619 888 primos
648 807 679 865 in
707 805 874 882 fratribus,
897 807 1066 866 scribentes
1085 827 1144 888 per

67 894 190 984 manus
209 936 332 978 eorum:
366 912 511 997 Apostoli
535 927 565 974 et
589 916 725 1004 seniores
755 912 882 988 fratres,
905 912 969 991 bis,
992 916 1048 996 qui
1073 924 1145 975 sunt

68 1025 260 1089 Antiochiae
286 1036 317 1083 et
336 1021 443 1097 Syriae
463 1034 493 1080 et
523 1021 648 1081 Ciliciae
679 1019 829 1080 fratribus
848 1041 882 1078 cx
903 1019 1062 1101 gentibus,
1094 1040 1144 1080 sa-

69 1136 166 1196 lutem
198 1144 229 1192 et
255 1142 383 1189 caetera.
415 1127 524 1190 Visum
546 1140 591 1188 est
615 1129 695 1187 eninr
714 1127 845 1211 Spiritui
867 1139 973 1186 sancto
993 1140 1022 1186 et
1042 1125 1144 1204 nobis,
1191 1152 1195 1161 ¹

67 1240 152 1303 nihil
184 1238 268 1298 ultra
291 1239 450 1318 imponere
478 1234 567 1295 vobis
586 1238 708 1311 oneris,
743 1255 834 1316 quam
854 1232 930 1294 haec
953 1234 1145 1296 necessariae

15 1366 28 1385 ³
67 1361 108 1410 ut
129 1345 305 1408 abstineatis
328 1363 382 1403 vos
405 1355 435 1403 ot
458 1355 585 1403 caetera.
630 1343 672 1402 Et
692 1341 893 1424 paulopost:
915 1340 1147 1402 Pauluselecto

10 1472 23 1511 .·
69 1456 155 1532 Sila,
177 1448 413 1536 perambulabat
434 1449 554 1526 Syriam
588 1461 619 1509 et
643 1448 801 1524 Ciliciam,
835 1446 1020 1509 confirmans
1035 1447 1149 1537 Eccle-

69 1565 150 1638 sias,
173 1562 364 1643 praecipiens
385 1557 545 1619 custodire
562 1568 727 1640 praecepta
744 1555 969 1639 Apostolorum
991 1567 1021 1616 et
1036 1555 1150 1614 Senio·

10 1722 14 1755 ·.
73 1690 156 1731 rum.
200 1668 242 1726 Et
274 1668 374 1748 capite
394 1669 551 1745 sequenti:
576 1665 651 1725 Cum
675 1676 776 1748 autem
797 1666 1022 1745 pertransirent
1041 1664 1151 1721 civita-

72 1789 140 1850 tes,
162 1772 305 1833 tradebat
322 1774 364 1832 eis
389 1772 548 1832 custodire
569 1752 725 1853 dogmata,
757 1792 835 1851 quae
857 1782 945 1832 erant
969 1769 1093 1829 decretu
1109 1764 1150 1827 ab

10 1957 21 1967 ,
74 1880 238 1963 Apostolis
258 1892 288 1940 et
305 1877 509 1955 Senioribus,
548 1879 603 1959 qui
634 1877 971 1954 erantllierosolymis.

10 1984 61 2031 '··
164 1988 282 2051 Deut.
316 1985 440 2059 xyst:
469 1984 502 2044 Si
526 1982 655 2045 difficile
687 1983 912 2066 ambiguum
938 1980 1022 2065 apud
1049 1992 1080 2041 te
1096 1981 1152 2062 ju-

75 2092 193 2155 dicium
232 2099 295 2152 esse
322 2091 514 2174 perspexeris
555 2091 637 2148 iuter
668 2091 845 2172 sanguinem
883 2101 918 2171 et,
956 2074 1153 2174 sanguinem,

15 2186 199 2295 Llpseausam
225 2210 255 2258 et
270 2218 407 2272 causam,
428 2197 546 2279 lepram
566 2208 598 2256 et
623 2216 687 2256 non
708 2194 834 2279 lepram,
858 2209 890 2258 et
913 2197 1055 2280 judicum
1075 2197 1157 2281 iuter

10 2292 58 2357 ἶ
77 2319 188 2390 portas
205 2317 270 2363 tuas
294 2304 406 2367 videris
426 2302 522 2360 verba
546 2305 675 2361 variari:
701 2323 793 2385 surge
805 2316 836 2363 et
851 2304 1029 2364 asceudead
1043 2302 1158 2364 locum?

10 2404 24 2421 ⁵
79 2431 171 2492 quem
191 2407 318 2489 elegerit
331 2408 483 2464 Dominus
503 2405 613 2465 DEUS
632 2417 715 2467 tuus.
758 2407 985 2489 Veniesqnead
1003 2408 1160 2469 Sacerdo-

10 2494 41 2533 ι
81 2528 127 2577 tes
146 2514 257 2573 levitici
284 2513 425 2595 generis,
459 2509 544 2569 etad
567 2511 722 2590 judicem,
748 2515 801 2593 qui
824 2514 919 2574 luerit
934 2514 988 2574 illo
1007 2526 1159 2596 tempore,

10 2602 45 2645 ¹
83 2639 277 2703 quaeresque
305 2617 344 2678 ab
373 2619 437 2676 eis:
480 2617 534 2696 qui
560 2616 741 2679 indicabunt
771 2619 831 2680 tibi
853 2620 964 2702 judicii
991 2620 1160 2680 veritatem.

10 2708 49 2759 Ἰ
81 2728 124 2787 Et
153 2728 270 2810 iacies,
292 2726 506 2808 quodcunque
531 2722 683 2801 dixerint,
706 2728 760 2808 qui
784 2739 933 2810 praesunt
952 2724 1040 2803 loco,
1068 2747 1161 2809 quem

15 2826 48 2863 ³
83 2835 408 2918 elegeritDomiuus,
454 2844 485 2892 et
515 2830 682 2895 docuerint
713 2846 745 2895 te
771 2837 858 2916 juxta
887 2835 983 2919 legem
1005 2837 1088 2915 ejus,
1109 2854 1162 2895 se-

10 2931 46 3031 f
80 2947 250 3025 quer-isque
277 2943 460 3001 seutentiam
495 2959 613 3000 eorum.
656 2940 720 3002 Nee
747 2942 914 3004 declinabis
932 2944 973 3005 ad
996 2943 1161 3019 dexteram,

10 3030 44 3077 ι
80 3047 244 3129 nequead
267 3047 429 3106 sinistram.
473 3045 538 3123 Qui
561 3060 663 3108 autem
681 3050 889 3134 superbierit,
912 3028 1166 3112 uolensobedire’

28 3138 41 3177 ⁵
78 3155 253 3218 sacerdotis
275 3156 424 3237 imperio,
447 3154 503 3236 qui
526 3174 562 3215 eo
585 3168 725 3239 tempore
738 3160 892 3220 ministrat
913 3159 1049 3221 Domino
1070 3153 1160 3218 DEO
1247 3159 1249 3164 ’

10 3242 37 3355 'ff
79 3277 162 3326 tuo:
205 3283 240 3322 ex
268 3259 393 3322 decreto
427 3260 543 3342 judicis
577 3267 729 3326 morietur
761 3263 857 3326 bomo
879 3265 954 3341 ille,
988 3277 1020 3325 et
1041 3263 1161 3325 auteres

10 3355 36 3443 '¹5
50 3450 64 3467 ι
77 3370 198 3435 malum
228 3369 267 3429 de
288 3367 404 3442 lsrael,
438 3380 637 3452 cunctusque
657 3372 796 3457 populus
817 3372 944 3434 audiens
963 3371 1101 3448 timebit,
1124 3381 1163 3430 ut

10 3460 41 3499 ξ’
77 3478 189 3542 mullus
212 3476 356 3560 deinceps
379 3478 561 3538 intumescat
581 3478 736 3561 superbia.
847 3448 858 3471 ο

11 3566 21 3575 ’
168 3582 310 3644 aratra.
345 3582 486 3643 mre:
533 3584 635 3668 Super
670 3585 848 3648 cathedram
880 3589 983 3665 Moysi
1014 3584 1163 3649 sederunt

10 3674 19 3710 ἶ
77 3687 216 3755 scribae
249 3701 280 3750 et
309 3689 480 3756 Pharisaei.
539 3690 652 3752 Omnia
673 3714 766 3776 ergo,
802 3715 1007 3778 quaeeunque
1029 3694 1163 3754 dixerint
1257 3732 1266 3745 ·
1362 3698 1370 3708 '

10 3806 20 3819 “
77 3799 197 3876 vohis,
230 3810 349 3860 servate
371 3809 402 3858 ct
423 3798 532 3858 facite:
567 3800 736 3860 secundum
758 3824 853 3886 opera
874 3823 950 3863 vero
971 3821 1081 3863 eorum
1101 3819 1163 3861 uo-

10 3918 12 3923 '
68 3904 142 3967 ‘lite
167 3907 276 3968 lacere.

396 4065 841 4138 PATRES.

13 4240 22 4247 ·
177 4221 204 4274 ί.
226 4205 263 4266 A.
306 4207 566 4273 AUGUSTINUS
599 4212 630 4271 in
652 4209 733 4272 Psal.
762 4209 893 4273 mr:
931 4200 998 4272 Pro
1020 4204 1164 4293 patribus

10 4346 12 4351 .
86 4290 153 4353 tuis
175 4293 239 4352 uati
260 4305 332 4354 suut
351 4292 413 4357 tibi
433 4291 501 4357 lilii.
545 4298 729 4359 Genueruut
749 4306 781 4358 te
799 4295 968 4381 Apostoli,
1000 4295 1060 4378 ipsi
1081 4289 1165 4351 missi
