2768 4762
397 381 730 454 statuo—to.
1046 385 1100 461 93

17 581 55 643 ci
75 581 108 641 in
124 572 233 663 plnres
253 569 407 635 Ecclesiae
429 571 581 635 lacerante
603 592 683 653 qnae
697 571 784 652 juxta
809 565 1100 655 Apocalypsimlo·
1136 633 1172 677 m
1222 634 1229 649 ⁸
1271 622 1274 627 .

24 666 134 739 annis,
166 679 340 743 synagogae
370 660 467 741 magis
503 655 623 718 diaboli
652 655 853 741 appellandae
878 668 970 734 sunt,
1004 674 1158 739 quamn.
1169 639 1274 728 31¹2ss

25 746 145 811 Christi
168 739 386 807 conciliabula
1105 740 1274 838 *κείω-

110 844 141 900 4
185 822 523 889 cmrsosronus
543 821 652 886 nomn.
674 824 699 883 1.
704 823 754 917 ,a
773 825 798 885 1.
810 822 899 885 cor..
926 793 1133 886 recreami-

23 916 85 978 Dei
115 911 253 997 appellat
281 909 471 994 Apostolus,
502 920 538 971 ut
565 908 709 971 ostendat
728 904 761 967 in
794 929 890 970 unum
908 928 974 969 eam
996 908 1095 992 redigi

26 1011 186 1084 oportere.
212 995 305 1069 ,Nam
325 995 351 1056 si
385 994 446 1057 Dei
469 1006 532 1071 est,
553 1014 615 1054 uua
635 1006 702 1069 est,
730 1013 795 1051 non
818 992 963 1054 Corinthi
983 993 1094 1069 solnm,
1106 995 1271 1089 „22023123

25 1082 81 1145 sed
99 1082 236 1144 universi
272 1077 369 1141 orbis.
412 1076 489 1138 Nam
513 1076 668 1138 Ecclesiae
690 1097 801 1136 nomen
828 1098 893 1138 uon
925 1080 1151 1162 separatio-m.
1202 1073 1210 1094 '

26 1188 114 1247 nem,
136 1164 189 1228 sed
210 1165 357 1225 unionem
378 1174 409 1222 et
432 1165 666 1223 consonantiam
687 1158 849 1242 significat.

112 1266 143 1318 5.
187 1244 420 1309 CYPRIANUS
448 1248 480 1305 in
502 1257 591 1306 tract.
615 1245 653 1305 de
685 1243 785 1326 simpl.
807 1242 909 1304 Prael.
930 1263 984 1304 seu
1006 1244 1037 1304 d.
1058 1264 1099 1303 n-

25 1337 85 1399 uit.
105 1332 209 1397 Ecet:
230 1332 348 1393 Videas
374 1331 516 1389 inimicus
539 1328 624 1389 idola
644 1326 810 1403 derelicta,
842 1340 873 1388 et
894 1347 952 1410 per
971 1328 1101 1389 nimium

26 1418 220 1482 credentium
241 1414 395 1500 populum
425 1413 512 1473 sedes
533 1432 602 1472 suas
629 1431 664 1471 ac
684 1411 798 1493 templa
818 1411 955 1487 deserta,
977 1412 1101 1493 erengi·
1234 1485 1241 1498 ο

27 1503 108 1566 tavit
127 1522 239 1563 novam
262 1497 426 1569 fraudem,
448 1508 485 1556 ut
505 1494 562 1554 suh
586 1497 654 1576 ipso
677 1493 844 1555 Christiani
863 1497 995 1555 nominis
1021 1496 1101 1554 titu-
1129 1533 1149 1547 -.

26 1587 59 1649 lo
83 1585 172 1647 fallat
200 1586 353 1645 incautos.
409 1579 555 1640 Haereses
579 1578 695 1638 invenit
718 1592 749 1638 et
780 1579 960 1656 schismata,
984 1577 1100 1661 quibus

24 1670 225 1732 subverteret
240 1662 349 1739 fidem,
371 1665 530 1723 veritatem
551 1674 783 1744 corrumperet,
815 1663 973 1724 scinderet
991 1665 1102 1729 ,unita-

25 1769 101 1814 tem.
145 1747 300 1830 Rapit‘de
318 1749 384 1830 ipsa
402 1745 541 1808 Ecclesia
563 1743 726 1825 homines,
748 1760 779 1807 et
804 1747 877 1809 dum
897 1746 956 1807 sibi
981 1767 1103 1830 appro-

26 1839 196 1918 pinquasse
215 1833 280 1913 jam
300 1831 425 1906 lumini,
458 1843 551 1912 atque
569 1834 697 1891 evasisse
720 1832 832 1892 saeculi
852 1824 975 1893 noctem
991 1830 1101 1891 riden-

28 1934 103 1992 tur,
138 1916 210 1977 alias
229 1914 435 1985 nescientibus
457 1913 599 1976 tenebras
624 1935 733 1976 rursus
762 1916 901 1978 infundit
921 1927 979 1977 etc.
1028 1914 1100 1976 Hoc
1159 1966 1166 1985 ,
1211 1974 1221 1999 4

26 2023 67 2062 eo
91 1996 144 2077 fit,
166 2001 277 2060 fratres
297 1997 505 2075 dilectissimi,
539 1997 614 2059 dum
633 2000 673 2060 ad
693 2001 831 2079 veritatis
860 2001 908 2061 ori
942 2021 1012 2061 uem
1032 2019 1098 2061 non
1163 2010 1167 2018 '

27 2084 166 2161 reditur,
197 2104 254 2144 nec
277 2096 372 2169 caput
400 2085 582 2167 quaeritur,
616 2105 672 2144 nec
692 2087 830 2168 magistri
857 2022 993 2147 cseffistis
1017 2083 1098 2147 doc·

25 2172 109 2229 trina
128 2181 278 2229 servatur.
322 2168 411 2246 Quae
432 2170 458 2229 si
471 2170 557 2251 'quis
581 2168 757 2241 consideret
777 2181 808 2230 et
832 2173 990 2247 examinet,
1012 2180 1271 2252 trac-„„„,‚„,0

26 2266 95 2314 tatu
123 2251 217 2335 longo
247 2265 340 2333 atque
370 2256 555 2336 argumentis
585 2274 664 2335 opus
684 2275 749 2314 non
775 2265 830 2314 est.
871 2253 1026 2316 Probatio
1050 2264 1097 2313 est
1105 2255 1258 2348 litim

26 2336 66 2397 ad
87 2335 180 2397 fidem
194 2334 292 2397 facilis
321 2335 506 2417 compendio
523 2338 671 2397 veritatis.
712 2338 871 2418 Loquitur
888 2339 1040 2400 Dominus
1055 2336 1258 2399 adea-..tvm

25 2422 176 2482 Petrum:
197 2418 266 2500 Ego
287 2416 347 2477 tibi
366 2419 457 2492 dico,
479 2419 599 2497 inquit,
623 2422 698 2499 quia
721 2432 758 2480 tu
773 2441 804 2480 es
828 2420 961 2498 Petrus,
994 2435 1026 2483 et
1042 2404 1259 2503 su·l“1⁰.⁶.l⁰¹lr',ss

24 2527 85 2589 per
115 2506 204 2561 istam
231 2506 351 2582 petram
379 2498 551 2559 aedificabo
578 2501 747 2560 Ecclesiam
776 2523 891 2579 meam,
926 2517 957 2564 et
984 2518 1096 2586 portae

26 2589 289 2650 inl'crornmuon
307 2580 431 2642 vincent
451 2603 525 2642 eam.
567 2581 641 2643 Tibi
663 2582 745 2646 dabo
767 2583 865 2644 claves
887 2589 973 2668 regni
994 2587 1098 2648 caelo·
1136 2622 1142 2637 ·

26 2695 119 2733 rurus
155 2682 185 2731 et
212 2687 292 2748 quae
314 2665 456 2749 ligaveris
490 2679 738 2749 superterram,
770 2680 863 2728 erunt
900 2667 993 2752 ligata
1014 2681 1045 2730 et
1065 2672 1098 2729 in
1175 2708 1181 2713 -

27 2756 136 2818 caelis:
166 2765 198 2815 et
214 2770 421 2833 quaecunque
443 2750 571 2813 solveris
592 2765 827 2835 superterram,
850 2751 1054 2816 erturtsoluta
1067 2765 1098 2814 et

26 2838 183 2901 incaelis.
227 2836 270 2897 Et
290 2835 390 2896 eidem
410 2848 485 2918 post
509 2840 766 2898 resurrectionem
790 2857 877 2898 suam
888 2837 980 2899 dicit:
1001 2837 1098 2900 Pasce
1185 2900 1192 2909 ,

26 2944 100 2986 ores
119 2942 209 2982 meas.
253 2919 356 3004 Super
378 2918 465 2979 illum
497 2940 594 2981 unum
608 2918 750 2983 aedificat
765 2921 932 2983 Ecclesiam
949 2943 1046 2999 suam,
1067 2933 1099 2984 et
1107 2925 1177 2969 ³⁰⁸²·
1187 2934 1220 2978 ²¹»
1236 2938 1270 2977 tt·
1366 2937 1370 2950 ·

26 3007 75 3068 illi
105 3005 274 3150 pascendas
305 3003 431 3071 mandat
460 3024 531 3065 ores
561 3027 641 3066 suas.
696 3006 740 3066 Et
771 3009 908 3089 quamvis
935 3005 1097 3088 Apostolis

28 3092 113 3153 omni
135 3111 172 3150 us
201 3101 276 3173 post
311 3088 570 3150 resurrectionem
599 3111 684 3152 suam
709 3111 814 3173 parem
831 3101 1014 3174 potestatem
1035 3092 1097 3151 tri-

26 3175 109 3236 buat
139 3186 170 3235 et
201 3174 300 3235 dieat:
333 3172 423 3235 Sicut
454 3175 537 3234 misit
561 3196 609 3236 me
633 3188 742 3258 pater,
773 3185 805 3234 et
831 3196 888 3258 ego
912 3177 1000 3236 mitto
1022 3196 1270 3253 vos:J„,.„,„,‚

28 3259 164 3340 accipite
190 3258 342 3341 Spiritum
362 3269 519 3319 sanctam:
553 3258 587 3318 Si
605 3261 655 3319 eni
679 3260 857 3319 remiseritis
876 3271 1021 3343 peccata,
1043 3254 1187 3320 εει-ΜΝ·
1201 3264 1271 3309 ‘'t'‘

61 3345 68 3358 ·
215 3344 221 3357 ⁸
251 3344 257 3357 .
332 3344 338 3357 ,
407 3346 413 3358 ⁸
551 3343 582 3356 ..
1104 3308 1128 3342 st
1146 3305 1254 3358 princeps

26 3354 191 3406 mittentur
214 3341 282 3401 illi:
315 3362 340 3402 si
365 3362 417 3403 cur
439 3352 619 3420 tenueritis,
641 3343 855 3405 tenebunturs
873 3355 974 3407 tamen
997 3355 1034 3405 ut
1054 3352 1272 3414 nervuum-r

26 3430 157 3490 nitatem
177 3425 403 3501 manifestaret,
424 3447 517 3487 unam
536 3426 713 3489 cathedram
733 3429 922 3505 constituit,¹
940 3441 971 3488 et
991 3429 1094 3489 nnita-
1103 3400 1271 3504 mpsim

25 3517 67 3575 tis
85 3509 227 3594 ejusdem
246 3511 396 3595 originem
418 3509 458 3571 ab
477 3532 541 3573 uno
553 3513 748 3595 incipientem
762 3533 817 3573 sua
832 3514 1016 3574 auctoritate
1027 3508 1205 3593 dis-{2¹,{⁸¹⁸⁸
1219 3503 1270 3545 ¹⁸⁸·

50 3599 144 3658 osuit.
170 3594 258 3657 'Hoc
281 3609 370 3656 erant
400 3599 510 3678 utique
542 3608 574 3656 et
604 3610 700 3659 ceteri
728 3595 890 3680 Apostoli,
921 3596 1009 3681 qnod
1032 3597 1094 3661 fuit
1184 3629 1193 3645 .

25 3620 162 3757 Etrus,
195 3680 265 3762 pari
294 3681 458 3742 consortio
487 3681 622 3764 praediti
654 3694 685 3743 et
710 3681 841 3741 honoris
870 3694 901 3742 et
920 3683 1093 3824 potestatis,

28 3764 82 3824 sed
103 3762 266 3826 exordium
279 3762 319 3824 ab
343 3767 461 3824 unitate
501 3763 700 3826 roficiseitur.
741 3765 896 3826 Primatus
948 3778 1016 3826 etro
1038 3766 1096 3826 da-

29 3859 98 3923 tur,
122 3860 161 3909 ut
181 3868 244 3910 nna
273 3846 390 3909 Christi
410 3787 548 3911 Eccllisia
573 3861 605 3910 et
623 3849 770 3912 cathedra
800 3869 862 3910 una
882 3861 1094 3910 monstretur:

32 3943 64 3990 et
84 3945 225 4013 pastores
239 3945 313 3994 sunt
333 3952 455 4009 omnes,
477 3933 531 3994 sed
557 3954 629 4018 grex
643 3955 724 3995 unus
747 3934 939 4011 ostenditur,
975 3936 1030 4017 qui
1054 3933 1093 3995 ab

31 4012 191 4096 Apostolis
207 4016 350 4078 omnibus
367 4017 502 4077 unanimi
520 4020 722 4081 consensione
740 4032 893 4102 pascatur.
936 4019 1038 4096 Quam
1056 4040 1096 4079 u·

29 4117 102 4157 nam
118 4099 287 4162 Ecclesiam
303 4103 394 4163 etiam
416 4102 449 4161 in
471 4102 599 4167 Cantico
624 4105 823 4165 Cantieorum
851 4104 987 4188 Spiritus
1007 4124 1097 4164 sane-

28 4194 82 4244 tus
95 4203 132 4243 ex
148 4204 282 4267 persona
295 4187 421 4247 Domini
447 4185 605 4273 designat,
630 4201 660 4252 et
676 4189 767 4252 dicits
797 4191 865 4253 Una
883 4200 929 4253 est
951 4186 1097 4252 columba

24 4287 95 4329 mea
122 4278 181 4333 ete.
201 4281 238 4331 ot
264 4290 360 4356 supra
381 4269 416 4332 B.
441 4278 472 4343 1.

1106 4080 1172 4127 (taut.
1185 4092 1206 4132 t.
1218 4091 1237 4132 a.
