<?xml version="1.0" encoding="UTF-8"?>
<!DOCTYPE html PUBLIC "-//W3C//DTD XHTML 1.0 Transitional//EN"
    "http://www.w3.org/TR/xhtml1/DTD/xhtml1-transitional.dtd">
<html xmlns="http://www.w3.org/1999/xhtml" xml:lang="en" lang="en">
 <head>
  <title>
</title>
<meta http-equiv="Content-Type" content="text/html;charset=utf-8" />
  <meta name='ocr-system' content='tesseract 3.04.00' />
  <meta name='ocr-capabilities' content='ocr_page ocr_carea ocr_par ocr_line ocrx_word'/>
</head>
<body>
  <div class='ocr_page' id='page_1' title='image "./summadoctrinaec00kanigoog_0282.png"; bbox 0 0 2768 4762; ppageno 0'>
   <div class='ocr_carea' id='block_1_1' title="bbox 301 296 1223 475">
    <p class='ocr_par' dir='ltr' id='par_1_1' title="bbox 301 296 1223 475">
     <span class='ocr_line' id='line_1_1' title="bbox 301 296 1223 475; baseline 0.016 -56"><span class='ocrx_word' id='word_1_1' title='bbox 301 332 307 343; x_wconf 84' lang='grc'><strong>“</strong></span> <span class='ocrx_word' id='word_1_2' title='bbox 383 348 882 421; x_wconf 69' lang='lat' dir='ltr'><strong>nectendo·</strong></span> <span class='ocrx_word' id='word_1_3' title='bbox 1068 296 1223 475; x_wconf 60' lang='lat' dir='ltr'><strong>eatx</strong></span> 
     </span>
    </p>
   </div>
   <div class='ocr_carea' id='block_1_2' title="bbox 35 535 1155 942">
    <p class='ocr_par' dir='ltr' id='par_1_2' title="bbox 35 535 1155 942">
     <span class='ocr_line' id='line_1_2' title="bbox 35 535 1155 649; baseline -0.002 -45"><span class='ocrx_word' id='word_1_4' title='bbox 35 568 36 573; x_wconf 45' lang='lat'>¹</span> <span class='ocrx_word' id='word_1_5' title='bbox 81 539 262 604; x_wconf 84' lang='lat' dir='ltr'><strong>stimonium</strong></span> <span class='ocrx_word' id='word_1_6' title='bbox 294 535 423 604; x_wconf 81' lang='lat' dir='ltr'><strong>dixeris.</strong></span> <span class='ocrx_word' id='word_1_7' title='bbox 461 539 509 605; x_wconf 74' lang='lat' dir='ltr'><strong>Me</strong></span> <span class='ocrx_word' id='word_1_8' title='bbox 537 538 679 605; x_wconf 79' lang='lat' dir='ltr'><strong>fraudem</strong></span> <span class='ocrx_word' id='word_1_9' title='bbox 710 542 839 605; x_wconf 87' lang='lat' dir='ltr'><strong>feceris.</strong></span> <span class='ocrx_word' id='word_1_10' title='bbox 862 540 1003 649; x_wconf 80' lang='lat' dir='ltr'><strong>Honora</strong></span> <span class='ocrx_word' id='word_1_11' title='bbox 1034 553 1155 626; x_wconf 81' lang='lat' dir='ltr'><strong>patrem</strong></span> 
     </span>
     <span class='ocr_line' id='line_1_3' title="bbox 77 620 1154 734; baseline -0.003 -22"><span class='ocrx_word' id='word_1_12' title='bbox 77 662 168 713; x_wconf 89' lang='lat' dir='ltr'><strong>tuum</strong></span> <span class='ocrx_word' id='word_1_13' title='bbox 203 660 235 710; x_wconf 91' lang='lat' dir='ltr'><strong>et</strong></span> <span class='ocrx_word' id='word_1_14' title='bbox 262 660 399 710; x_wconf 82' lang='lat' dir='ltr'><strong>matrem.</strong></span> <span class='ocrx_word' id='word_1_15' title='bbox 450 644 515 712; x_wconf 77' lang='lat' dir='ltr'><strong>Ar·</strong></span> <span class='ocrx_word' id='word_1_16' title='bbox 523 646 579 713; x_wconf 80' lang='lat' dir='ltr'><strong>lile</strong></span> <span class='ocrx_word' id='word_1_17' title='bbox 611 650 802 734; x_wconf 84' lang='lat' dir='ltr'><strong>respondens</strong></span> <span class='ocrx_word' id='word_1_18' title='bbox 832 651 876 712; x_wconf 86' lang='lat' dir='ltr'><strong>ait</strong></span> <span class='ocrx_word' id='word_1_19' title='bbox 897 650 966 711; x_wconf 78' lang='lat' dir='ltr'><strong>illi:</strong></span> <span class='ocrx_word' id='word_1_20' title='bbox 984 620 1154 733; x_wconf 76' lang='lat' dir='ltr'>Magister,</span> 
     </span>
     <span class='ocr_line' id='line_1_4' title="bbox 65 748 1154 843; baseline -0.005 -21"><span class='ocrx_word' id='word_1_21' title='bbox 65 748 159 822; x_wconf 73' lang='lat' dir='ltr'><strong>&#39;baec</strong></span> <span class='ocrx_word' id='word_1_22' title='bbox 181 756 284 819; x_wconf 86' lang='lat' dir='ltr'><strong>omnia</strong></span> <span class='ocrx_word' id='word_1_23' title='bbox 304 756 479 820; x_wconf 74' lang='lat' dir='ltr'><strong>observavi</strong></span> <span class='ocrx_word' id='word_1_24' title='bbox 496 756 699 843; x_wconf 69' lang='lat' dir='ltr'><strong>ugutdntutc</strong></span> <span class='ocrx_word' id='word_1_25' title='bbox 719 777 798 826; x_wconf 78' lang='lat' dir='ltr'><strong>mea.</strong></span> <span class='ocrx_word' id='word_1_26' title='bbox 841 756 961 820; x_wconf 82' lang='lat' dir='ltr'>JESUS</span> <span class='ocrx_word' id='word_1_27' title='bbox 983 768 1084 819; x_wconf 86' lang='lat' dir='ltr'><strong>autem</strong></span> <span class='ocrx_word' id='word_1_28' title='bbox 1103 757 1154 818; x_wconf 86' lang='lat' dir='ltr'><strong>in·</strong></span> 
     </span>
     <span class='ocr_line' id='line_1_5' title="bbox 78 866 516 942; baseline -0.009 -11"><span class='ocrx_word' id='word_1_29' title='bbox 78 868 286 942; x_wconf 81' lang='lat' dir='ltr'><strong>tuituseuru,</strong></span> <span class='ocrx_word' id='word_1_30' title='bbox 311 866 419 927; x_wconf 87' lang='lat' dir='ltr'><strong>dilexit</strong></span> <span class='ocrx_word' id='word_1_31' title='bbox 436 884 516 927; x_wconf 84' lang='lat' dir='ltr'><strong>eum.</strong></span> 
     </span>
    </p>
   </div>
   <div class='ocr_carea' id='block_1_3' title="bbox 64 996 1172 1489">
    <p class='ocr_par' dir='ltr' id='par_1_3' title="bbox 161 996 710 1081">
     <span class='ocr_line' id='line_1_6' title="bbox 161 996 710 1081; baseline -0.002 -23"><span class='ocrx_word' id='word_1_32' title='bbox 161 997 218 1060; x_wconf 86' lang='lat' dir='ltr'><strong>Et</strong></span> <span class='ocrx_word' id='word_1_33' title='bbox 238 997 310 1058; x_wconf 81' lang='grc' dir='ltr'><strong>ΧΠ.</strong></span> <span class='ocrx_word' id='word_1_34' title='bbox 335 996 398 1062; x_wconf 79' lang='lat' dir='ltr'><strong>vid.</strong></span> <span class='ocrx_word' id='word_1_35' title='bbox 419 1017 505 1081; x_wconf 86' lang='lat' dir='ltr'><strong>supr.</strong></span> <span class='ocrx_word' id='word_1_36' title='bbox 528 1006 646 1079; x_wconf 62' lang='lat' dir='ltr'><strong>puteat.</strong></span> <span class='ocrx_word' id='word_1_37' title='bbox 667 996 710 1059; x_wconf 90' lang='grc' dir='ltr'><strong>Π.</strong></span> 
     </span>
    </p>

    <p class='ocr_par' dir='ltr' id='par_1_4' title="bbox 64 1101 1172 1489">
     <span class='ocr_line' id='line_1_7' title="bbox 159 1101 1171 1189; baseline -0.004 -23"><span class='ocrx_word' id='word_1_38' title='bbox 159 1103 416 1170; x_wconf 76' lang='lat' dir='ltr'><strong>Lu0.xv111.=</strong></span> <span class='ocrx_word' id='word_1_39' title='bbox 452 1104 494 1165; x_wconf 91' lang='lat' dir='ltr'><strong>Et</strong></span> <span class='ocrx_word' id='word_1_40' title='bbox 518 1104 723 1189; x_wconf 84' lang='lat' dir='ltr'><strong>interrogavit</strong></span> <span class='ocrx_word' id='word_1_41' title='bbox 753 1120 824 1163; x_wconf 84' lang='lat' dir='ltr'><strong>enm</strong></span> <span class='ocrx_word' id='word_1_42' title='bbox 841 1101 968 1183; x_wconf 84' lang='lat' dir='ltr'><strong>quidam</strong></span> <span class='ocrx_word' id='word_1_43' title='bbox 993 1102 1171 1186; x_wconf 71' lang='lat' dir='ltr'><strong>princeps,‘</strong></span> 
     </span>
     <span class='ocr_line' id='line_1_8' title="bbox 64 1209 1151 1296; baseline -0.004 -24"><span class='ocrx_word' id='word_1_44' title='bbox 64 1209 206 1273; x_wconf 70' lang='lat' dir='ltr'><strong>dicens:</strong></span> <span class='ocrx_word' id='word_1_45' title='bbox 231 1213 379 1296; x_wconf 77' lang='lat' dir='ltr'><strong>Magister</strong></span> <span class='ocrx_word' id='word_1_46' title='bbox 399 1211 505 1289; x_wconf 89' lang='lat' dir='ltr'><strong>bone,</strong></span> <span class='ocrx_word' id='word_1_47' title='bbox 528 1209 605 1293; x_wconf 86' lang='lat' dir='ltr'><strong>qurd</strong></span> <span class='ocrx_word' id='word_1_48' title='bbox 627 1212 742 1274; x_wconf 82' lang='lat' dir='ltr'><strong>faciens</strong></span> <span class='ocrx_word' id='word_1_49' title='bbox 762 1209 856 1268; x_wconf 87' lang='lat' dir='ltr'><strong>vitam</strong></span> <span class='ocrx_word' id='word_1_50' title='bbox 877 1221 1030 1268; x_wconf 80' lang='lat' dir='ltr'><strong>aeternam</strong></span> <span class='ocrx_word' id='word_1_51' title='bbox 1047 1210 1151 1293; x_wconf 85' lang='lat' dir='ltr'><strong>possi-</strong></span> 
     </span>
     <span class='ocr_line' id='line_1_9' title="bbox 78 1303 1172 1393; baseline -0.006 -12"><span class='ocrx_word' id='word_1_52' title='bbox 78 1319 181 1382; x_wconf 84' lang='lat' dir='ltr'><strong>deboi</strong></span> <span class='ocrx_word' id='word_1_53' title='bbox 223 1320 311 1382; x_wconf 82' lang='lat' dir='ltr'>Dixit</span> <span class='ocrx_word' id='word_1_54' title='bbox 346 1333 446 1381; x_wconf 91' lang='lat' dir='ltr'><strong>autem</strong></span> <span class='ocrx_word' id='word_1_55' title='bbox 486 1317 682 1381; x_wconf 63' lang='lat' dir='ltr'><strong>ei-JEsuse</strong></span> <span class='ocrx_word' id='word_1_56' title='bbox 717 1314 804 1393; x_wconf 82' lang='lat' dir='ltr'><strong>Quid</strong></span> <span class='ocrx_word' id='word_1_57' title='bbox 835 1336 883 1376; x_wconf 89' lang='lat' dir='ltr'><strong>me</strong></span> <span class='ocrx_word' id='word_1_58' title='bbox 912 1315 989 1375; x_wconf 84' lang='lat' dir='ltr'><strong>dicis</strong></span> <span class='ocrx_word' id='word_1_59' title='bbox 1010 1303 1172 1375; x_wconf 49' lang='lat' dir='ltr'><strong>bonuml‘</strong></span> 
     </span>
     <span class='ocr_line' id='line_1_10' title="bbox 76 1421 1150 1489; baseline -0.004 -1"><span class='ocrx_word' id='word_1_60' title='bbox 76 1446 168 1489; x_wconf 90' lang='lat' dir='ltr'><strong>nemo</strong></span> <span class='ocrx_word' id='word_1_61' title='bbox 190 1426 292 1487; x_wconf 90' lang='lat' dir='ltr'><strong>bonus</strong></span> <span class='ocrx_word' id='word_1_62' title='bbox 308 1427 367 1487; x_wconf 90' lang='lat' dir='ltr'><strong>nisi</strong></span> <span class='ocrx_word' id='word_1_63' title='bbox 392 1424 476 1486; x_wconf 86' lang='lat' dir='ltr'><strong>eolus</strong></span> <span class='ocrx_word' id='word_1_64' title='bbox 499 1425 608 1484; x_wconf 86' lang='lat' dir='ltr'><strong>Dens:</strong></span> <span class='ocrx_word' id='word_1_65' title='bbox 628 1422 773 1484; x_wconf 83' lang='lat' dir='ltr'><strong>Mandata</strong></span> <span class='ocrx_word' id='word_1_66' title='bbox 793 1426 894 1484; x_wconf 78' lang='lat' dir='ltr'><strong>nosti:</strong></span> <span class='ocrx_word' id='word_1_67' title='bbox 915 1421 988 1484; x_wconf 90' lang='lat' dir='ltr'><strong>Non</strong></span> <span class='ocrx_word' id='word_1_68' title='bbox 1009 1422 1150 1484; x_wconf 83' lang='lat' dir='ltr'><strong>occides:</strong></span> 
     </span>
    </p>
   </div>
   <div class='ocr_carea' id='block_1_4' title="bbox 76 1516 1325 1626">
    <p class='ocr_par' dir='ltr' id='par_1_5' title="bbox 76 1516 1325 1626">
     <span class='ocr_line' id='line_1_11' title="bbox 76 1516 1325 1626; baseline -0.01 -28"><span class='ocrx_word' id='word_1_69' title='bbox 76 1535 150 1599; x_wconf 83' lang='lat' dir='ltr'><strong>Non</strong></span> <span class='ocrx_word' id='word_1_70' title='bbox 181 1532 419 1597; x_wconf 77' lang='lat' dir='ltr'><strong>moechaberis.-</strong></span> <span class='ocrx_word' id='word_1_71' title='bbox 456 1530 530 1591; x_wconf 85' lang='lat' dir='ltr'><strong>Non</strong></span> <span class='ocrx_word' id='word_1_72' title='bbox 551 1530 671 1591; x_wconf 83' lang='lat' dir='ltr'><strong>furtum</strong></span> <span class='ocrx_word' id='word_1_73' title='bbox 690 1516 807 1592; x_wconf 76' lang='lat' dir='ltr'><strong>facies:</strong></span> <span class='ocrx_word' id='word_1_74' title='bbox 839 1528 911 1591; x_wconf 86' lang='lat' dir='ltr'><strong>Non</strong></span> <span class='ocrx_word' id='word_1_75' title='bbox 934 1529 1153 1591; x_wconf 79' lang='lat' dir='ltr'><strong>falsumtcsti-</strong></span> <span class='ocrx_word' id='word_1_76' title='bbox 1229 1621 1232 1626; x_wconf 14' lang='lat' dir='ltr'><strong>j</strong></span> <span class='ocrx_word' id='word_1_77' title='bbox 1317 1600 1325 1615; x_wconf 29' lang='grc' dir='ltr'>α</span> 
     </span>
    </p>
   </div>
   <div class='ocr_carea' id='block_1_5' title="bbox 31 1636 1194 3972">
    <p class='ocr_par' dir='ltr' id='par_1_6' title="bbox 75 1636 1061 1723">
     <span class='ocr_line' id='line_1_12' title="bbox 75 1636 1061 1723; baseline -0.007 -18"><span class='ocrx_word' id='word_1_78' title='bbox 75 1644 217 1705; x_wconf 86' lang='lat' dir='ltr'><strong>monium</strong></span> <span class='ocrx_word' id='word_1_79' title='bbox 239 1641 344 1701; x_wconf 85' lang='lat' dir='ltr'><strong>dices:</strong></span> <span class='ocrx_word' id='word_1_80' title='bbox 364 1639 497 1707; x_wconf 80' lang='lat' dir='ltr'><strong>Honora</strong></span> <span class='ocrx_word' id='word_1_81' title='bbox 517 1649 638 1723; x_wconf 86' lang='lat' dir='ltr'><strong>patrem</strong></span> <span class='ocrx_word' id='word_1_82' title='bbox 657 1650 745 1699; x_wconf 91' lang='lat' dir='ltr'><strong>tunm</strong></span> <span class='ocrx_word' id='word_1_83' title='bbox 766 1648 798 1701; x_wconf 87' lang='lat' dir='ltr'><strong>et</strong></span> <span class='ocrx_word' id='word_1_84' title='bbox 817 1641 954 1699; x_wconf 86' lang='lat' dir='ltr'><strong>matrem.</strong></span> <span class='ocrx_word' id='word_1_85' title='bbox 1054 1636 1061 1655; x_wconf 95' lang='lat'><em>&#39;</em></span> 
     </span>
    </p>

    <p class='ocr_par' dir='ltr' id='par_1_7' title="bbox 164 1745 725 1845">
     <span class='ocr_line' id='line_1_13' title="bbox 164 1745 725 1845; baseline -0.004 -37"><span class='ocrx_word' id='word_1_86' title='bbox 164 1749 261 1808; x_wconf 87' lang='lat' dir='ltr'><strong>Luc.</strong></span> <span class='ocrx_word' id='word_1_87' title='bbox 281 1746 314 1808; x_wconf 86' lang='lat' dir='ltr'>X</span> <span class='ocrx_word' id='word_1_88' title='bbox 344 1745 406 1806; x_wconf 85' lang='lat' dir='ltr'><strong>vid.</strong></span> <span class='ocrx_word' id='word_1_89' title='bbox 429 1765 517 1845; x_wconf 84' lang='lat' dir='ltr'><strong>supr</strong></span> <span class='ocrx_word' id='word_1_90' title='bbox 542 1757 660 1829; x_wconf 85' lang='lat' dir='ltr'><strong>quaest.</strong></span> <span class='ocrx_word' id='word_1_91' title='bbox 683 1746 725 1806; x_wconf 84' lang='lat'><strong>11.</strong></span> 
     </span>
    </p>

    <p class='ocr_par' dir='ltr' id='par_1_8' title="bbox 74 1820 1155 2046">
     <span class='ocr_line' id='line_1_14' title="bbox 160 1820 1155 1939; baseline -0.008 -21"><span class='ocrx_word' id='word_1_92' title='bbox 160 1854 356 1918; x_wconf 80' lang='lat' dir='ltr'><strong>Rom.11.=</strong></span> <span class='ocrx_word' id='word_1_93' title='bbox 395 1852 468 1914; x_wconf 84' lang='lat' dir='ltr'><strong>Non</strong></span> <span class='ocrx_word' id='word_1_94' title='bbox 490 1849 572 1914; x_wconf 87' lang='lat' dir='ltr'><strong>enim</strong></span> <span class='ocrx_word' id='word_1_95' title='bbox 592 1852 749 1915; x_wconf 78' lang='lat' dir='ltr'><strong>auditores</strong></span> <span class='ocrx_word' id='word_1_96' title='bbox 778 1852 853 1939; x_wconf 88' lang='lat' dir='ltr'><strong>legis</strong></span> <span class='ocrx_word' id='word_1_97' title='bbox 873 1854 952 1938; x_wconf 86' lang='lat' dir='ltr'><strong>justi</strong></span> <span class='ocrx_word' id='word_1_98' title='bbox 972 1820 1046 1914; x_wconf 78' lang='lat' dir='ltr'><strong>sunt</strong></span> <span class='ocrx_word' id='word_1_99' title='bbox 1066 1848 1155 1936; x_wconf 86' lang='lat' dir='ltr'><strong>apud</strong></span> 
     </span>
     <span class='ocr_line' id='line_1_15' title="bbox 74 1956 831 2046; baseline -0.005 -21"><span class='ocrx_word' id='word_1_100' title='bbox 74 1956 543 2046; x_wconf 72' lang='lat' dir='ltr'><strong>DEUM‚sedfaot0res1egis</strong></span> <span class='ocrx_word' id='word_1_101' title='bbox 564 1956 831 2042; x_wconf 83' lang='lat' dir='ltr'><strong>justificabuntur.</strong></span> 
     </span>
    </p>

    <p class='ocr_par' dir='ltr' id='par_1_9' title="bbox 70 2065 1149 2792">
     <span class='ocr_line' id='line_1_16' title="bbox 155 2065 1149 2151; baseline 0 -23"><span class='ocrx_word' id='word_1_102' title='bbox 155 2068 208 2130; x_wconf 90' lang='lat' dir='ltr'><strong>Et</strong></span> <span class='ocrx_word' id='word_1_103' title='bbox 227 2068 334 2129; x_wconf 69' lang='lat' dir='ltr'><strong>xiste</strong></span> <span class='ocrx_word' id='word_1_104' title='bbox 356 2069 477 2130; x_wconf 84' lang='lat' dir='ltr'><strong>Nemini</strong></span> <span class='ocrx_word' id='word_1_105' title='bbox 499 2069 666 2151; x_wconf 82' lang='lat' dir='ltr'><strong>quicquam</strong></span> <span class='ocrx_word' id='word_1_106' title='bbox 690 2065 843 2133; x_wconf 84' lang='lat' dir='ltr'><strong>debeatis:</strong></span> <span class='ocrx_word' id='word_1_107' title='bbox 868 2068 941 2144; x_wconf 78' lang='lat' dir='ltr'><strong>¹nisi</strong></span> <span class='ocrx_word' id='word_1_108' title='bbox 962 2066 1149 2132; x_wconf 82' lang='lat' dir='ltr'><strong>ntiavicem</strong></span> 
     </span>
     <span class='ocr_line' id='line_1_17' title="bbox 72 2156 1146 2263; baseline -0.005 -23"><span class='ocrx_word' id='word_1_109' title='bbox 72 2174 216 2262; x_wconf 89' lang='lat' dir='ltr'><strong>diligatis.</strong></span> <span class='ocrx_word' id='word_1_110' title='bbox 281 2174 346 2252; x_wconf 90' lang='lat' dir='ltr'><strong>Qui</strong></span> <span class='ocrx_word' id='word_1_111' title='bbox 387 2177 469 2237; x_wconf 90' lang='lat' dir='ltr'><strong>enim</strong></span> <span class='ocrx_word' id='word_1_112' title='bbox 507 2174 613 2262; x_wconf 88' lang='lat' dir='ltr'><strong>diligit</strong></span> <span class='ocrx_word' id='word_1_113' title='bbox 635 2179 831 2263; x_wconf 85' lang='lat' dir='ltr'><strong>proximum,</strong></span> <span class='ocrx_word' id='word_1_114' title='bbox 871 2175 968 2261; x_wconf 81' lang='lat' dir='ltr'><strong>lege&#39;tn</strong></span> <span class='ocrx_word' id='word_1_115' title='bbox 998 2156 1146 2258; x_wconf 77' lang='lat' dir='ltr'><strong>implevit.</strong></span> 
     </span>
     <span class='ocr_line' id='line_1_18' title="bbox 71 2280 1148 2346; baseline -0.003 -1"><span class='ocrx_word' id='word_1_116' title='bbox 71 2283 162 2346; x_wconf 87' lang='lat' dir='ltr'><strong>Nam:</strong></span> <span class='ocrx_word' id='word_1_117' title='bbox 184 2283 258 2343; x_wconf 84' lang='lat' dir='ltr'><strong>Non</strong></span> <span class='ocrx_word' id='word_1_118' title='bbox 278 2280 490 2346; x_wconf 81' lang='lat' dir='ltr'><strong>adulterabist</strong></span> <span class='ocrx_word' id='word_1_119' title='bbox 510 2282 582 2344; x_wconf 87' lang='lat' dir='ltr'><strong>Non</strong></span> <span class='ocrx_word' id='word_1_120' title='bbox 603 2285 746 2345; x_wconf 84' lang='lat' dir='ltr'><strong>occides:</strong></span> <span class='ocrx_word' id='word_1_121' title='bbox 767 2282 840 2345; x_wconf 90' lang='lat' dir='ltr'><strong>Non</strong></span> <span class='ocrx_word' id='word_1_122' title='bbox 861 2282 1039 2345; x_wconf 73' lang='lat' dir='ltr'><strong>furaberiss</strong></span> <span class='ocrx_word' id='word_1_123' title='bbox 1073 2280 1148 2343; x_wconf 84' lang='lat' dir='ltr'><strong>Non</strong></span> 
     </span>
     <span class='ocr_line' id='line_1_19' title="bbox 72 2387 1147 2473; baseline 0.001 -24"><span class='ocrx_word' id='word_1_124' title='bbox 72 2390 184 2450; x_wconf 81' lang='lat' dir='ltr'><strong>falsum</strong></span> <span class='ocrx_word' id='word_1_125' title='bbox 205 2388 416 2447; x_wconf 88' lang='lat' dir='ltr'><strong>testimonium</strong></span> <span class='ocrx_word' id='word_1_126' title='bbox 437 2387 539 2447; x_wconf 84' lang='lat' dir='ltr'><strong>dices:</strong></span> <span class='ocrx_word' id='word_1_127' title='bbox 560 2388 633 2449; x_wconf 87' lang='lat' dir='ltr'><strong>Non</strong></span> <span class='ocrx_word' id='word_1_128' title='bbox 655 2393 866 2473; x_wconf 87' lang='lat' dir='ltr'><strong>concupisces,</strong></span> <span class='ocrx_word' id='word_1_129' title='bbox 889 2390 967 2451; x_wconf 81' lang='lat' dir='ltr'><strong>etei</strong></span> <span class='ocrx_word' id='word_1_130' title='bbox 990 2387 1079 2470; x_wconf 88' lang='lat' dir='ltr'><strong>quod</strong></span> <span class='ocrx_word' id='word_1_131' title='bbox 1098 2399 1147 2450; x_wconf 81' lang='lat' dir='ltr'><strong>est</strong></span> 
     </span>
     <span class='ocr_line' id='line_1_20' title="bbox 72 2491 1147 2579; baseline 0 -24"><span class='ocrx_word' id='word_1_132' title='bbox 72 2493 158 2556; x_wconf 82' lang='lat' dir='ltr'><strong>aliud</strong></span> <span class='ocrx_word' id='word_1_133' title='bbox 182 2491 376 2565; x_wconf 85' lang='lat' dir='ltr'><strong>mandatum,</strong></span> <span class='ocrx_word' id='word_1_134' title='bbox 397 2492 428 2550; x_wconf 93' lang='lat' dir='ltr'><strong>in</strong></span> <span class='ocrx_word' id='word_1_135' title='bbox 451 2491 515 2553; x_wconf 88' lang='lat' dir='ltr'><strong>hoc</strong></span> <span class='ocrx_word' id='word_1_136' title='bbox 545 2491 643 2554; x_wconf 86' lang='lat' dir='ltr'><strong>verbo</strong></span> <span class='ocrx_word' id='word_1_137' title='bbox 662 2497 868 2555; x_wconf 72' lang='lat' dir='ltr'><strong>instauratore</strong></span> <span class='ocrx_word' id='word_1_138' title='bbox 894 2495 1014 2577; x_wconf 76' lang='lat' dir='ltr'><strong>Diliges</strong></span> <span class='ocrx_word' id='word_1_139' title='bbox 1038 2497 1147 2579; x_wconf 80' lang='lat' dir='ltr'><strong>proni·</strong></span> 
     </span>
     <span class='ocr_line' id='line_1_21' title="bbox 70 2584 1147 2682; baseline -0.003 -20"><span class='ocrx_word' id='word_1_140' title='bbox 70 2586 156 2663; x_wconf 77' lang='lat' dir='ltr'><strong>nium</strong></span> <span class='ocrx_word' id='word_1_141' title='bbox 186 2610 276 2661; x_wconf 89' lang='lat' dir='ltr'><strong>tuum</strong></span> <span class='ocrx_word' id='word_1_142' title='bbox 290 2591 295 2601; x_wconf 78' lang='lat'>&#39;</span> <span class='ocrx_word' id='word_1_143' title='bbox 311 2599 392 2659; x_wconf 91' lang='lat' dir='ltr'><strong>sicut</strong></span> <span class='ocrx_word' id='word_1_144' title='bbox 423 2609 453 2659; x_wconf 94' lang='lat' dir='ltr'><strong>te</strong></span> <span class='ocrx_word' id='word_1_145' title='bbox 483 2600 592 2682; x_wconf 86' lang='lat' dir='ltr'><strong>ipsum.</strong></span> <span class='ocrx_word' id='word_1_146' title='bbox 633 2584 769 2665; x_wconf 81' lang='lat' dir='ltr'><strong>Dilectio</strong></span> <span class='ocrx_word' id='word_1_147' title='bbox 792 2599 926 2682; x_wconf 82' lang='lat' dir='ltr'><strong>proximi</strong></span> <span class='ocrx_word' id='word_1_148' title='bbox 951 2600 1065 2677; x_wconf 87' lang='lat' dir='ltr'><strong>malum</strong></span> <span class='ocrx_word' id='word_1_149' title='bbox 1082 2618 1147 2661; x_wconf 92' lang='lat' dir='ltr'><strong>non</strong></span> 
     </span>
     <span class='ocr_line' id='line_1_22' title="bbox 71 2702 884 2792; baseline -0.004 -22"><span class='ocrx_word' id='word_1_150' title='bbox 71 2718 234 2792; x_wconf 85' lang='lat' dir='ltr'><strong>operatur.</strong></span> <span class='ocrx_word' id='word_1_151' title='bbox 275 2702 446 2767; x_wconf 79' lang='lat' dir='ltr'><strong>Plenitudo</strong></span> <span class='ocrx_word' id='word_1_152' title='bbox 473 2725 549 2789; x_wconf 90' lang='lat' dir='ltr'><strong>ergo</strong></span> <span class='ocrx_word' id='word_1_153' title='bbox 578 2703 653 2789; x_wconf 89' lang='lat' dir='ltr'><strong>legis</strong></span> <span class='ocrx_word' id='word_1_154' title='bbox 679 2716 725 2767; x_wconf 83' lang='lat' dir='ltr'><strong>est</strong></span> <span class='ocrx_word' id='word_1_155' title='bbox 747 2705 884 2767; x_wconf 86' lang='lat' dir='ltr'><strong>dilectio.</strong></span> 
     </span>
    </p>

    <p class='ocr_par' dir='ltr' id='par_1_10' title="bbox 59 2794 1147 3326">
     <span class='ocr_line' id='line_1_23' title="bbox 103 2794 1147 2900; baseline -0.004 -23"><span class='ocrx_word' id='word_1_156' title='bbox 103 2794 106 2800; x_wconf 21' lang='grc' dir='ltr'>Ι</span> <span class='ocrx_word' id='word_1_157' title='bbox 154 2814 257 2877; x_wconf 83' lang='lat' dir='ltr'><strong>Item</strong></span> <span class='ocrx_word' id='word_1_158' title='bbox 277 2811 366 2875; x_wconf 79' lang='lat' dir='ltr'>v11.=</span> <span class='ocrx_word' id='word_1_159' title='bbox 405 2803 493 2890; x_wconf 87' lang='lat' dir='ltr'><strong>Quid</strong></span> <span class='ocrx_word' id='word_1_160' title='bbox 526 2815 601 2896; x_wconf 83' lang='lat' dir='ltr'><strong>ergo</strong></span> <span class='ocrx_word' id='word_1_161' title='bbox 637 2811 799 2875; x_wconf 81' lang='lat' dir='ltr'><strong>dicemus?</strong></span> <span class='ocrx_word' id='word_1_162' title='bbox 833 2813 882 2875; x_wconf 84' lang='lat' dir='ltr'><strong>lex</strong></span> <span class='ocrx_word' id='word_1_163' title='bbox 900 2823 1062 2900; x_wconf 85' lang='lat' dir='ltr'><strong>peccatum</strong></span> <span class='ocrx_word' id='word_1_164' title='bbox 1080 2812 1147 2874; x_wconf 77' lang='lat' dir='ltr'><strong>est?</strong></span> 
     </span>
     <span class='ocr_line' id='line_1_24' title="bbox 69 2900 1147 3008; baseline -0.002 -25"><span class='ocrx_word' id='word_1_165' title='bbox 69 2918 171 2984; x_wconf 77' lang='lat' dir='ltr'><strong>Absit</strong></span> <span class='ocrx_word' id='word_1_166' title='bbox 223 2921 285 2982; x_wconf 87' lang='lat' dir='ltr'><strong>Sed</strong></span> <span class='ocrx_word' id='word_1_167' title='bbox 316 2935 476 3005; x_wconf 88' lang='lat' dir='ltr'><strong>peccatum</strong></span> <span class='ocrx_word' id='word_1_168' title='bbox 493 2930 563 2983; x_wconf 90' lang='lat' dir='ltr'><strong>&#39;non</strong></span> <span class='ocrx_word' id='word_1_169' title='bbox 584 2923 739 3006; x_wconf 89' lang='lat' dir='ltr'><strong>cognovi,</strong></span> <span class='ocrx_word' id='word_1_170' title='bbox 773 2924 832 2983; x_wconf 87' lang='lat' dir='ltr'><strong>nisi</strong></span> <span class='ocrx_word' id='word_1_171' title='bbox 853 2900 1047 3008; x_wconf 47' lang='lat' dir='ltr'><strong>per&#39;legern;</strong></span> <span class='ocrx_word' id='word_1_172' title='bbox 1076 2941 1147 3003; x_wconf 87' lang='lat' dir='ltr'><strong>nam</strong></span> 
     </span>
     <span class='ocr_line' id='line_1_25' title="bbox 59 3029 1147 3113; baseline -0.001 -23"><span class='ocrx_word' id='word_1_173' title='bbox 59 3029 356 3113; x_wconf 82' lang='lat' dir='ltr'><strong>concupiscentiam</strong></span> <span class='ocrx_word' id='word_1_174' title='bbox 382 3029 577 3108; x_wconf 87' lang='lat' dir='ltr'><strong>nesciebam,</strong></span> <span class='ocrx_word' id='word_1_175' title='bbox 615 3032 675 3090; x_wconf 90' lang='lat' dir='ltr'><strong>nisi</strong></span> <span class='ocrx_word' id='word_1_176' title='bbox 697 3029 745 3090; x_wconf 81' lang='lat' dir='ltr'><strong>lex</strong></span> <span class='ocrx_word' id='word_1_177' title='bbox 769 3029 903 3091; x_wconf 74' lang='lat' dir='ltr'><strong>dicerete</strong></span> <span class='ocrx_word' id='word_1_178' title='bbox 936 3029 1009 3091; x_wconf 88' lang='lat' dir='ltr'><strong>Non</strong></span> <span class='ocrx_word' id='word_1_179' title='bbox 1028 3047 1147 3090; x_wconf 93' lang='lat' dir='ltr'><strong>concu-</strong></span> 
     </span>
     <span class='ocr_line' id='line_1_26' title="bbox 67 3137 1146 3221; baseline 0.002 -26"><span class='ocrx_word' id='word_1_180' title='bbox 67 3140 168 3219; x_wconf 81' lang='lat' dir='ltr'><strong>pisces</strong></span> <span class='ocrx_word' id='word_1_181' title='bbox 199 3149 257 3197; x_wconf 85' lang='lat' dir='ltr'><strong>etc.</strong></span> <span class='ocrx_word' id='word_1_182' title='bbox 308 3137 417 3220; x_wconf 89' lang='lat' dir='ltr'><strong>Itaque</strong></span> <span class='ocrx_word' id='word_1_183' title='bbox 439 3138 486 3199; x_wconf 84' lang='lat' dir='ltr'><strong>lex</strong></span> <span class='ocrx_word' id='word_1_184' title='bbox 507 3137 634 3221; x_wconf 89' lang='lat' dir='ltr'><strong>quidem</strong></span> <span class='ocrx_word' id='word_1_185' title='bbox 662 3150 786 3217; x_wconf 81' lang='lat' dir='ltr'><strong>sancta,</strong></span> <span class='ocrx_word' id='word_1_186' title='bbox 809 3151 841 3201; x_wconf 92' lang='lat' dir='ltr'><strong>et</strong></span> <span class='ocrx_word' id='word_1_187' title='bbox 858 3137 1036 3200; x_wconf 87' lang='lat' dir='ltr'><strong>mandatum</strong></span> <span class='ocrx_word' id='word_1_188' title='bbox 1057 3157 1146 3199; x_wconf 88' lang='lat' dir='ltr'><strong>sanc-</strong></span> 
     </span>
     <span class='ocr_line' id='line_1_27' title="bbox 70 3244 611 3326; baseline 0.004 -24"><span class='ocrx_word' id='word_1_189' title='bbox 70 3253 156 3318; x_wconf 88' lang='lat' dir='ltr'><strong>tum,</strong></span> <span class='ocrx_word' id='word_1_190' title='bbox 178 3256 209 3305; x_wconf 89' lang='lat' dir='ltr'><strong>et</strong></span> <span class='ocrx_word' id='word_1_191' title='bbox 227 3246 347 3326; x_wconf 88' lang='lat' dir='ltr'><strong>justum</strong></span> <span class='ocrx_word' id='word_1_192' title='bbox 365 3258 395 3305; x_wconf 89' lang='lat' dir='ltr'><strong>et</strong></span> <span class='ocrx_word' id='word_1_193' title='bbox 412 3244 531 3306; x_wconf 90' lang='lat' dir='ltr'><strong>bonum</strong></span> <span class='ocrx_word' id='word_1_194' title='bbox 552 3255 611 3304; x_wconf 89' lang='lat' dir='ltr'><strong>etc.</strong></span> 
     </span>
    </p>

    <p class='ocr_par' dir='ltr' id='par_1_11' title="bbox 31 3348 1194 3759">
     <span class='ocr_line' id='line_1_28' title="bbox 31 3348 1146 3415; baseline -0.001 -4"><span class='ocrx_word' id='word_1_195' title='bbox 31 3365 33 3369; x_wconf 85' lang='grc'><strong>’</strong></span> <span class='ocrx_word' id='word_1_196' title='bbox 153 3348 238 3411; x_wconf 87' lang='lat' dir='ltr'><strong>Gal.</strong></span> <span class='ocrx_word' id='word_1_197' title='bbox 260 3350 298 3410; x_wconf 94' lang='lat' dir='ltr'><strong>V.</strong></span> <span class='ocrx_word' id='word_1_198' title='bbox 316 3375 325 3411; x_wconf 69' lang='grc' dir='ltr'><strong>ε</strong></span> <span class='ocrx_word' id='word_1_199' title='bbox 354 3350 420 3413; x_wconf 89' lang='lat' dir='ltr'><strong>Vos</strong></span> <span class='ocrx_word' id='word_1_200' title='bbox 446 3353 478 3411; x_wconf 91' lang='lat' dir='ltr'><strong>in</strong></span> <span class='ocrx_word' id='word_1_201' title='bbox 496 3350 671 3412; x_wconf 84' lang='lat' dir='ltr'><strong>libertatem</strong></span> <span class='ocrx_word' id='word_1_202' title='bbox 691 3355 797 3414; x_wconf 86' lang='lat' dir='ltr'><strong>vocati</strong></span> <span class='ocrx_word' id='word_1_203' title='bbox 821 3355 896 3415; x_wconf 82' lang='lat' dir='ltr'><strong>estis</strong></span> <span class='ocrx_word' id='word_1_204' title='bbox 914 3353 1046 3414; x_wconf 82' lang='lat' dir='ltr'><strong>fratres:</strong></span> <span class='ocrx_word' id='word_1_205' title='bbox 1075 3361 1146 3410; x_wconf 90' lang='lat' dir='ltr'><strong>tan·</strong></span> 
     </span>
     <span class='ocr_line' id='line_1_29' title="bbox 65 3455 1145 3539; baseline -0.001 -21"><span class='ocrx_word' id='word_1_206' title='bbox 65 3467 156 3533; x_wconf 86' lang='lat' dir='ltr'><strong>tum,</strong></span> <span class='ocrx_word' id='word_1_207' title='bbox 190 3475 228 3516; x_wconf 92' lang='lat' dir='ltr'><strong>ne</strong></span> <span class='ocrx_word' id='word_1_208' title='bbox 258 3455 433 3520; x_wconf 82' lang='lat' dir='ltr'><strong>libertatem</strong></span> <span class='ocrx_word' id='word_1_209' title='bbox 469 3461 501 3518; x_wconf 90' lang='lat' dir='ltr'><strong>in</strong></span> <span class='ocrx_word' id='word_1_210' title='bbox 528 3459 722 3521; x_wconf 86' lang='lat' dir='ltr'><strong>occasionem</strong></span> <span class='ocrx_word' id='word_1_211' title='bbox 758 3459 837 3522; x_wconf 85' lang='lat' dir='ltr'><strong>detis</strong></span> <span class='ocrx_word' id='word_1_212' title='bbox 858 3462 990 3536; x_wconf 85' lang='lat' dir='ltr'><strong>carnis,-</strong></span> <span class='ocrx_word' id='word_1_213' title='bbox 1010 3457 1064 3520; x_wconf 88' lang='lat' dir='ltr'><strong>sed</strong></span> <span class='ocrx_word' id='word_1_214' title='bbox 1087 3477 1145 3539; x_wconf 88' lang='lat' dir='ltr'><strong>per</strong></span> 
     </span>
     <span class='ocr_line' id='line_1_30' title="bbox 65 3565 1171 3630; baseline -0.001 -4"><span class='ocrx_word' id='word_1_215' title='bbox 65 3571 229 3626; x_wconf 85' lang='lat' dir='ltr'><strong>caritatem</strong></span> <span class='ocrx_word' id='word_1_216' title='bbox 250 3565 361 3625; x_wconf 88' lang='lat' dir='ltr'><strong>servite</strong></span> <span class='ocrx_word' id='word_1_217' title='bbox 384 3567 522 3626; x_wconf 90' lang='lat' dir='ltr'><strong>invicem.</strong></span> <span class='ocrx_word' id='word_1_218' title='bbox 568 3565 676 3628; x_wconf 86' lang='lat' dir='ltr'><strong>Omnis</strong></span> <span class='ocrx_word' id='word_1_219' title='bbox 699 3568 781 3626; x_wconf 88' lang='lat' dir='ltr'><strong>enim</strong></span> <span class='ocrx_word' id='word_1_220' title='bbox 804 3567 852 3628; x_wconf 84' lang='lat' dir='ltr'><strong>lex</strong></span> <span class='ocrx_word' id='word_1_221' title='bbox 879 3568 912 3627; x_wconf 92' lang='lat' dir='ltr'><strong>in</strong></span> <span class='ocrx_word' id='word_1_222' title='bbox 939 3589 1004 3630; x_wconf 89' lang='lat' dir='ltr'><strong>nno</strong></span> <span class='ocrx_word' id='word_1_223' title='bbox 1026 3584 1171 3626; x_wconf 78' lang='lat' dir='ltr'><strong>sermo-s</strong></span> 
     </span>
     <span class='ocr_line' id='line_1_31' title="bbox 66 3658 1194 3759; baseline 0.001 -29"><span class='ocrx_word' id='word_1_224' title='bbox 66 3674 111 3730; x_wconf 89' lang='lat' dir='ltr'><strong>ne&#39;</strong></span> <span class='ocrx_word' id='word_1_225' title='bbox 126 3669 297 3754; x_wconf 84' lang='lat' dir='ltr'><strong>impletur:</strong></span> <span class='ocrx_word' id='word_1_226' title='bbox 319 3658 437 3756; x_wconf 76' lang='lat' dir='ltr'><strong>Diliges</strong></span> <span class='ocrx_word' id='word_1_227' title='bbox 458 3675 633 3759; x_wconf 76' lang='lat' dir='ltr'><strong>prpximum</strong></span> <span class='ocrx_word' id='word_1_228' title='bbox 662 3686 752 3735; x_wconf 89' lang='lat' dir='ltr'><strong>tuum</strong></span> <span class='ocrx_word' id='word_1_229' title='bbox 772 3677 852 3734; x_wconf 91' lang='lat' dir='ltr'><strong>sicut</strong></span> <span class='ocrx_word' id='word_1_230' title='bbox 869 3684 908 3736; x_wconf 79' lang='lat' dir='ltr'><strong>te</strong></span> <span class='ocrx_word' id='word_1_231' title='bbox 930 3677 1039 3759; x_wconf 84' lang='lat' dir='ltr'><strong>ipsum.</strong></span> <span class='ocrx_word' id='word_1_232' title='bbox 1091 3744 1094 3749; x_wconf 20' lang='lat'><strong>⁴</strong></span> <span class='ocrx_word' id='word_1_233' title='bbox 1188 3708 1194 3731; x_wconf 60' lang='lat' dir='ltr'><strong>r</strong></span> 
     </span>
    </p>

    <p class='ocr_par' dir='ltr' id='par_1_12' title="bbox 150 3774 1145 3866">
     <span class='ocr_line' id='line_1_32' title="bbox 150 3774 1145 3866; baseline 0.003 -27"><span class='ocrx_word' id='word_1_234' title='bbox 150 3779 169 3839; x_wconf 86' lang='lat' dir='ltr'>J</span> <span class='ocrx_word' id='word_1_235' title='bbox 180 3799 231 3839; x_wconf 85' lang='lat' dir='ltr'><strong>ac.</strong></span> <span class='ocrx_word' id='word_1_236' title='bbox 253 3780 313 3840; x_wconf 79' lang='lat'>11.=</span> <span class='ocrx_word' id='word_1_237' title='bbox 335 3778 368 3839; x_wconf 77' lang='lat' dir='ltr'><strong>si</strong></span> <span class='ocrx_word' id='word_1_238' title='bbox 390 3791 490 3840; x_wconf 91' lang='lat' dir='ltr'><strong>tamen</strong></span> <span class='ocrx_word' id='word_1_239' title='bbox 517 3774 614 3864; x_wconf 80' lang='lat' dir='ltr'><strong>legem</strong></span> <span class='ocrx_word' id='word_1_240' title='bbox 638 3779 790 3864; x_wconf 84' lang='lat' dir='ltr'><strong>perficitis</strong></span> <span class='ocrx_word' id='word_1_241' title='bbox 819 3780 950 3866; x_wconf 79' lang='lat' dir='ltr'><strong>regalem</strong></span> <span class='ocrx_word' id='word_1_242' title='bbox 974 3781 1145 3843; x_wconf 89' lang='lat' dir='ltr'><strong>secundnm</strong></span> 
     </span>
    </p>

    <p class='ocr_par' dir='ltr' id='par_1_13' title="bbox 65 3867 1144 3972">
     <span class='ocr_line' id='line_1_33' title="bbox 65 3867 1144 3972; baseline 0.002 -26"><span class='ocrx_word' id='word_1_243' title='bbox 65 3867 261 3969; x_wconf 77' lang='lat' dir='ltr'><strong>scripturas:</strong></span> <span class='ocrx_word' id='word_1_244' title='bbox 292 3885 410 3970; x_wconf 83' lang='lat' dir='ltr'><strong>Diliges</strong></span> <span class='ocrx_word' id='word_1_245' title='bbox 432 3889 606 3972; x_wconf 86' lang='lat' dir='ltr'><strong>proximum</strong></span> <span class='ocrx_word' id='word_1_246' title='bbox 638 3898 727 3949; x_wconf 91' lang='lat' dir='ltr'><strong>tuum</strong></span> <span class='ocrx_word' id='word_1_247' title='bbox 758 3889 891 3949; x_wconf 87' lang='lat' dir='ltr'><strong>sicutte</strong></span> <span class='ocrx_word' id='word_1_248' title='bbox 914 3890 1035 3972; x_wconf 83' lang='lat' dir='ltr'><strong>ipsum:</strong></span> <span class='ocrx_word' id='word_1_249' title='bbox 1064 3873 1144 3949; x_wconf 88' lang='lat' dir='ltr'><strong>bene</strong></span> 
     </span>
    </p>
   </div>
   <div class='ocr_carea' id='block_1_6' title="bbox 66 3990 1262 4081">
    <p class='ocr_par' dir='ltr' id='par_1_14' title="bbox 66 3990 1262 4081">
     <span class='ocr_line' id='line_1_34' title="bbox 66 3990 1262 4081; baseline 0.003 -30"><span class='ocrx_word' id='word_1_250' title='bbox 66 3990 179 4081; x_wconf 76' lang='lat' dir='ltr'><strong>facitis.</strong></span> <span class='ocrx_word' id='word_1_251' title='bbox 236 3992 269 4053; x_wconf 87' lang='lat' dir='ltr'><strong>Si</strong></span> <span class='ocrx_word' id='word_1_252' title='bbox 294 3992 395 4064; x_wconf 70' lang='lat' dir='ltr'><strong>autem</strong></span> <span class='ocrx_word' id='word_1_253' title='bbox 423 4015 572 4077; x_wconf 87' lang='lat' dir='ltr'><strong>personas</strong></span> <span class='ocrx_word' id='word_1_254' title='bbox 601 3995 759 4079; x_wconf 87' lang='lat' dir='ltr'><strong>accipitis,</strong></span> <span class='ocrx_word' id='word_1_255' title='bbox 781 4007 942 4078; x_wconf 85' lang='lat' dir='ltr'><strong>peccatum</strong></span> <span class='ocrx_word' id='word_1_256' title='bbox 962 3996 1143 4079; x_wconf 85' lang='lat' dir='ltr'><strong>operamini,</strong></span> <span class='ocrx_word' id='word_1_257' title='bbox 1257 4064 1262 4072; x_wconf 77' lang='lat'><em>.</em></span> 
     </span>
    </p>
   </div>
   <div class='ocr_carea' id='block_1_7' title="bbox 62 4093 1144 4292">
    <p class='ocr_par' dir='ltr' id='par_1_15' title="bbox 62 4093 1144 4292">
     <span class='ocr_line' id='line_1_35' title="bbox 64 4093 1143 4186; baseline 0.005 -29"><span class='ocrx_word' id='word_1_258' title='bbox 64 4096 224 4183; x_wconf 80' lang='lat' dir='ltr'><strong>redarguti</strong></span> <span class='ocrx_word' id='word_1_259' title='bbox 247 4093 273 4159; x_wconf 84' lang='lat' dir='ltr'><strong>a</strong></span> <span class='ocrx_word' id='word_1_260' title='bbox 297 4098 385 4184; x_wconf 87' lang='lat' dir='ltr'><strong>lege,</strong></span> <span class='ocrx_word' id='word_1_261' title='bbox 420 4105 509 4185; x_wconf 88' lang='lat' dir='ltr'><strong>quasi</strong></span> <span class='ocrx_word' id='word_1_262' title='bbox 530 4114 781 4186; x_wconf 84' lang='lat' dir='ltr'><strong>transgressores.</strong></span> <span class='ocrx_word' id='word_1_263' title='bbox 825 4102 1015 4184; x_wconf 86' lang='lat' dir='ltr'><strong>Quicunque</strong></span> <span class='ocrx_word' id='word_1_264' title='bbox 1039 4116 1143 4162; x_wconf 85' lang='lat' dir='ltr'><strong>autern</strong></span> 
     </span>
     <span class='ocr_line' id='line_1_36' title="bbox 62 4207 1144 4292; baseline 0.001 -26"><span class='ocrx_word' id='word_1_265' title='bbox 62 4216 161 4285; x_wconf 73' lang='lat' dir='ltr'><strong>totam</strong></span> <span class='ocrx_word' id='word_1_266' title='bbox 187 4207 285 4292; x_wconf 88' lang='lat' dir='ltr'><strong>legem</strong></span> <span class='ocrx_word' id='word_1_267' title='bbox 312 4210 507 4289; x_wconf 49' lang='lat' dir='ltr'><strong>servaverits</strong></span> <span class='ocrx_word' id='word_1_268' title='bbox 522 4209 655 4282; x_wconf 87' lang='lat' dir='ltr'><strong>offendit</strong></span> <span class='ocrx_word' id='word_1_269' title='bbox 677 4220 780 4272; x_wconf 88' lang='lat' dir='ltr'><strong>autem</strong></span> <span class='ocrx_word' id='word_1_270' title='bbox 802 4210 835 4271; x_wconf 88' lang='lat' dir='ltr'><strong>in</strong></span> <span class='ocrx_word' id='word_1_271' title='bbox 860 4230 948 4286; x_wconf 87' lang='lat' dir='ltr'><strong>nno,</strong></span> <span class='ocrx_word' id='word_1_272' title='bbox 971 4209 1073 4274; x_wconf 82' lang='lat' dir='ltr'><strong>laetus</strong></span> <span class='ocrx_word' id='word_1_273' title='bbox 1097 4217 1144 4283; x_wconf 86' lang='lat' dir='ltr'><strong>est</strong></span> 
     </span>
    </p>
   </div>
   <div class='ocr_carea' id='block_1_8' title="bbox 0 0 1388 4762">
    <p class='ocr_par' dir='ltr' id='par_1_16' title="bbox 0 0 1388 4762">
     <span class='ocr_line' id='line_1_37' title="bbox 0 0 1388 4762; baseline 0 4"><span class='ocrx_word' id='word_1_274' title='bbox 0 0 1388 4762; x_wconf 95' lang='lat' dir='ltr'><strong> </strong></span> 
     </span>
    </p>
   </div>
  </div>
 </body>
</html>
