2768 4762
409 324 797 441 necato-eo.
1061 365 1140 439 sss

143 570 202 635 ΕΤ
220 590 290 655 cap.
311 578 380 637 {aa
401 562 464 626 Alii
488 574 562 625 sunt
577 560 783 623 humanarum
796 557 907 621 limites
922 550 1049 632 rerum,
1078 550 1141 613 alia
1175 574 1290 637 quq-vt·

60 659 237 724 divinarum
259 656 344 738 sigua
363 653 533 712 virtutum:
556 647 726 725 elissam,
749 665 830 728 quae
849 640 1046 717 naturaliter,
1067 634 1137 712 alia,
1149 624 1320 718 2:22322'522

61 764 143 830 quae
167 739 351 803 mirabiliter
367 734 460 798 fiunt.
502 735 648 811 Quamvis
667 746 700 795 et
723 745 853 792 naturae
867 729 955 790 Deus
977 724 1077 801 adsit,
1102 727 1325 817 “32⁵3OEss

62 834 121 908 sit,
155 838 188 890 et
211 820 367 889 miraculis
398 833 509 881 natura
541 840 607 881 non
629 818 719 882 desit
763 815 835 877 Non
856 817 952 899 igitur
979 811 1052 871 idco
1075 823 1321 894 pru-nonnum·

62 912 200 978 undum·
220 923 283 991 est,
314 911 455 969 visorum
484 903 577 965 rebus
601 903 762 988 quoslibet
792 901 937 961 interesse
959 915 1053 982 posse
1084 874 1324 954 dc-⁸'¹⁸¹’⁰'⁸⁸¹⁸'

63 999 210 1075 funetos,
233 996 382 1080 quoniam
409 989 595 1074 quibusdam
617 989 760 1051 sanandis
778 983 828 1045 vel
847 981 1033 1066 adjuvandis
1054 980 1144 1040 Mar-

61 1096 145 1161 tyres
164 1081 295 1143 adsunt:
316 1078 371 1141 sed
390 1076 462 1138 ideo
488 1077 593 1158 potius
621 1070 857 1158 intelligendum
878 1082 943 1146 est,
976 1065 1065 1148 quod
1083 1083 1143 1149 per

61 1169 198 1230 divinam
220 1167 392 1250 potentiam
425 1173 576 1236 martyres
594 1161 737 1220 vivorum
753 1155 847 1218 rebus
866 1158 1039 1227 intersunt,
1062 1169 1145 1230 quc·
1320 1200 1333 1229 Ι

60 1255 145 1314 uiam
165 1250 306 1312 defuncti
320 1270 379 1333 per
398 1259 541 1309 naturam
565 1248 729 1328 propriam
753 1244 898 1302 rivorum
932 1234 1028 1297 rebus
1047 1236 1146 1295 inter-
1272 1293 1307 1333 ,ἱ

62 1358 128 1399 esse
161 1357 225 1396 nou
252 1345 393 1419 possunt.
451 1331 647 1411 Quamquam
677 1332 735 1390 ista
762 1337 902 1409 quaestio
926 1323 1008 1380 vires
1027 1295 1310 1401 intelli-affligi,

63 1424 185 1506 gantiae
218 1440 303 1480 meae
327 1421 447 1494 vincat,
482 1415 744 1499 quemadmodum
779 1407 977 1493 opitulentur
995 1415 1145 1478 martyres
1158 1396 1323 1487 ffitffssgiffi?

63 1510 123 1584 iis,
145 1512 225 1590 q'ucs
257 1525 315 1587 per
337 1522 391 1564 eos
415 1515 534 1563 certum
568 1512 615 1561 est
629 1499 792 1581 adjuvaris
827 1507 932 1554 utrum
948 1491 1009 1572 ipsi
1033 1507 1092 1570 per
1113 1506 1146 1547 se
1158 1492 1293 1539 tium·

63 1593 152 1675 ipsos
184 1590 286 1651 adsint
312 1607 374 1648 uno
399 1599 540 1669 tempore
565 1597 628 1645 tam
645 1584 774 1645 diversis
796 1580 894 1654 locis,
918 1587 948 1636 et
967 1573 1148 1634 tantainter

63 1696 98 1743 sc
134 1673 364 1756 longinquitate
393 1671 552 1747 discretis,
588 1672 652 1730 sire
671 1668 728 1729 ubi
748 1679 821 1729 suut
839 1682 948 1724 comm
970 1658 1150 1731 memoriae,

65 1761 130 1819 sire
144 1770 269 1839 praeter
286 1774 356 1815 suas
370 1758 532 1816 memorias
553 1753 736 1818 ubicunque
755 1752 862 1814 adesse
879 1746 1075 1808 sentiuntur:
1109 1760 1149 1799 au

66 1842 144 1924 ipsis
161 1844 193 1901 in
211 1840 283 1901 loco
302 1841 367 1900 suis
395 1842 511 1901 meritis
536 1835 737 1923 congruo'ab
762 1837 845 1899 omni
868 1829 1048 1895 mortalium
1071 1845 1149 1887 con·

66 1928 241 1987 versatione
266 1926 410 2001 remotis,
436 1937 467 1986 et
491 1937 591 1984 mmen
619 1922 805 2007 generaliter
828 1916 993 1982 orantibus
1013 1932 1074 1996 pro
1099 1912 1150 1971 iu·
1161 1960 1242 2004 om
1259 1970 1303 2013 m

65 2008 203 2090 digentis
221 2007 485 2092 supplicantium,
505 2011 588 2069 simet
602 2030 661 2071 nos
678 2027 805 2069 oramus
826 2027 887 2089 pro
909 2000 1052 2075 mortuis,
1075 1997 1149 2079 qui·
1162 2010 1269 2055 nenos

64 2092 126 2155 hus
152 2095 261 2175 utiquc
289 2112 354 2155 non
390 2106 640 2175 praesentamur,
676 2114 735 2155 uec
757 2091 814 2153 ubi
836 2093 915 2165 sint,
951 2085 1000 2151 vel
1021 2082 1100 2166 quid
1117 2102 1154 2143 ἃ*

67 2189 160 2263 pant,
183 2182 316 2254 scimus,
346 2177 430 2239 Deus
449 2180 667 2262 omnipotens,
699 2181 756 2261 qui
781 2188 828 2239 est
851 2176 973 2261 ultique
993 2189 1151 2256 praeseus,

65 2282 124 2323 nec
164 2275 329 2325 concretus
361 2262 476 2338 nobis,
513 2283 570 2322 nec
601 2275 738 2324 remotus
776 2282 796 2323 a
810 2240 940 2339 'nobis,
986 2255 1153 2319 exaudiens

65 2358 239 2425 martyrum
252 2365 379 2426 preces,
400 2365 457 2426 per
473 2345 609 2427 angelica
639 2348 809 2408 ministeria
822 2366 922 2427 usque
943 2364 1070 2427 quaque
1087 2340 1154 2403 dit-

67 2432 162 2506 fuso,
184 2428 335 2510 praebeat
353 2426 532 2488 hominibus
553 2431 610 2487 ista
633 2429 765 2504 solatia,
800 2429 915 2508 quibus
936 2432 968 2487 iu
989 2428 1086 2510 liujus
1103 2432 1153 2491 vi·

66 2528 119 2576 sae
133 2514 255 2573 miseria
262 2509 383 2591 judicat
395 2530 457 2569 esse
464 2509 656 2591 praebendas
668 2523 700 2572 et
708 2532 838 2572 suorum
852 2515 961 2571 merita
968 2525 1150 2591 martyrum,

65 2596 212 2674 ubivult,
220 2592 350 2678 quaudo
359 2592 437 2670 vult,
446 2593 607 2674 quomodo
617 2593 696 2670 vult,
705 2597 893 2678 maximeque
901 2584 957 2678 per
965 2616 1074 2655 corum
1087 2617 1155 2656 me·

66 2684 205 2757 murias,
230 2680 379 2762 quoniam
400 2677 463 2738 hoc
484 2680 573 2738 novit
592 2678 737 2761 expedire
751 2678 843 2741 nobis
861 2680 900 2740 ad
925 2678 1150 2745 aedificandam

65 2765 163 2830 fidem
180 2764 315 2843 Christi,
339 2760 403 2846 'pro
427 2764 518 2845 cujus
544 2761 589 2823 illi
616 2765 811 2824 confessione
831 2776 904 2826 sunt
933 2775 1032 2848 passi,
1055 2764 1150 2825 mira·

67 2851 127 2914 bili
150 2863 245 2932 atque
281 2847 431 2908 ineffabili
454 2843 613 2932 potestate
630 2870 666 2910 ae
695 2846 836 2911 bonitate
859 2850 1062 2911 commendet.

158 2948 187 3002 5.
232 2932 444 2994 ORIGENES
479 2935 514 2994 L
540 2946 570 3001 8,
604 2946 706 2996 contr.
740 2934 841 3000 Cels:
871 2937 958 2996 Unus
988 2946 1035 2995 est
1056 2933 1149 2996 nobis

95 3019 243 3082 lacandus
274 3018 359 3077 Deus
388 3022 603 3079 universorum
632 3020 807 3097 Dominus,
845 3021 937 3080 unius
974 3021 1064 3080 lavor
1087 3041 1153 3080 am-

71 3044 206 3167 licndus
232 3122 288 3185 per
314 3104 459 3185 pictatem
477 3105 671 3185 virtutesque
700 3117 847 3170 caeteras.
890 3105 923 3164 Si
947 3103 1016 3165 vult
1029 3117 1154 3188 praeter

71 3189 158 3251 laune
181 3188 299 3271 placari
319 3188 410 3246 etiam
429 3186 527 3263 alios,
547 3192 680 3271 cogitet,
703 3190 791 3271 quod
811 3193 892 3250 sicut
908 3204 995 3250 moto
1017 3210 1154 3273 corpore

72 3274 186 3335 umbra
213 3290 343 3354 quoquc
365 3273 463 3354 ipsius
483 3284 645 3350 movetur,
676 3275 720 3333 ita
744 3295 813 3334 cum
842 3274 956 3355 aliquis
976 3276 1077 3335 Deum
1097 3274 1156 3335 ha⁴

71 3359 127 3421 bct
157 3358 349 3441 propitium,
390 3358 550 3437 sequitur,
588 3371 625 3420 ut
657 3359 771 3420 amieos
797 3358 910 3419 habeat
944 3381 1049 3420 ornnes
1084 3363 1153 3442 ejus

71 3442 221 3528 angelos,
249 3443 363 3501 animas
389 3452 420 3500 ct
444 3442 587 3523 spiritus»
636 3442 781 3504 Sentiuut
802 3446 899 3520 euim,
925 3447 979 3525 qui
1001 3447 1062 3504 sint
1082 3444 1153 3529 dig·
1195 3489 1214 3531 Α
1247 3488 1308 3529 „m

71 3532 104 3589 ni
134 3528 242 3589 favore
279 3524 415 3586 caelestis
444 3527 596 3602 numinis,
635 3525 752 3608 quibus
776 3549 841 3589 non
864 3527 966 3590 solum
993 3532 1052 3612 ipsi
1073 3501 1331 3601 benesrnelirnma-

71 3614 202 3686 volunt,
225 3629 331 3668 verum
352 3611 443 3668 etiam
470 3609 546 3670 dant
572 3631 715 3693 operam,
745 3625 781 3672 ut
796 3614 896 3672 Deum
911 3615 938 3672 ei
959 3616 1074 3675 servire
1094 3595 1332 3685 cmlii·

72 3697 230 3769 lentibus,
251 3691 438 3770 concilient,
462 3707 493 3753 et
517 3714 577 3754 una
595 3695 761 3757 uobiscum
781 3711 973 3779 precantur:
1000 3711 1037 3759 ut
1055 3691 1289 3780 quot-P‘ffilwl’ss
1309 3693 1333 3727 ἰ

73 3794 153 3863 quot
179 3800 248 3838 curn
287 3776 434 3854 colimus,
463 3779 626 3841 audeamus
667 3781 792 3857 dicere,
838 3781 1018 3843 hominibus
1051 3783 1297 3846 bonnensem·

73 3864 241 3925 voluntatis
266 3862 467 3950 precantibus
500 3863 585 3926 ultro
611 3886 644 3926 se
666 3866 837 3949 adjungere
856 3867 1017 3928 innumera
1027 3883 1155 3932 sancto-

73 3970 143 4009 rum
171 3948 354 4032 angelorum
383 3946 497 4025 millia,
528 3962 559 4010 et
582 3950 775 4011 intercedere
804 3972 865 4034 pro
889 3952 1013 4013 mortali
1042 3968 1153 4016 nostro

75 4054 207 4115 genere,
259 4045 290 4094 et
320 4030 372 4110 (ut
404 4035 447 4095 ita
489 4033 618 4116 loquar)
651 4034 795 4097 laborare
829 4034 995 4098 nobiseum
1030 4041 1063 4099 in
1091 4039 1154 4101 hoe
1213 4050 1217 4055 '

73 4121 241 4179 certamine

157 4216 189 4272 6.
232 4200 464 4263 CYPRIANUS
490 4203 586 4265 Sarni.
606 4206 645 4265 dc
679 4204 820 4269 mortalt
850 4205 987 4268 Patriam
1016 4221 1154 4272 nostram

72 4288 253 4374 paradisum
277 4300 512 4370 computamus,
548 4302 691 4374 parentes
717 4289 914 4375 patriarchas
945 4291 1061 4354 habere
1095 4293 1156 4375 jam
