2768 4762
390 356 803 483 securarum
1046 390 1128 465 tta
1177 452 1181 465 .

141 599 170 655 7.
208 578 417 660 ,ΗΙΠἪΝΌΒ
446 580 481 641 L
504 580 530 643 Ι.
557 578 644 641 Eccl.
666 578 739 641 hist.
772 599 801 643 ο.
823 589 874 647 a:
906 577 1058 639 Defertur
1085 577 1124 639 ad
1150 603 1306 649 consuunt·

53 671 292 734 Constantinum
320 664 525 728 sacerdotalis
544 666 670 727 concilii
690 666 848 727 sententia.
890 661 948 724 lile
970 677 1124 744 tamquam
1136 655 1308 745 fficgffffi

56 779 78 818 a
108 757 175 815 Deo
209 751 362 836 prolatam
390 762 562 811 ueneratur.
618 752 675 810 Cui
702 752 726 809 si
745 752 815 832 quis
832 759 977 811 tentasset
1000 747 1200 823 obnitimur·
1231 760 1281 794 tau·

57 840 143 901 velut
169 850 278 899 contra
307 835 410 895 diviua
431 847 543 897 statuta
560 837 753 913 venientem,
785 836 817 895 in
839 832 978 894 exsilium
999 852 1031 894 se
1047 852 1125 915 pro·
1136 805 1307 903 lidihfanvhff

57 936 188 985 testatur
211 936 351 983 acturum
1136 907 1238 943 ''mm‘'

140 1021 170 1075 8.
214 1004 446 1066 CYPRIANUS
468 1005 503 1065 L.
527 1017 573 1082 1.,
607 1023 655 1086 ep.
676 1016 705 1071 3.
728 1001 767 1062 ad
790 1001 930 1062 Corneli
953 1000 1125 1079 Quomodo

54 1103 190 1175 possunt
214 1110 372 1149 censuram
399 1090 526 1149 Domini
553 1087 667 1150 ultoris
691 1086 842 1160 evadere,
878 1089 931 1167 qui
955 1087 1123 1170 taliainge-
1151 1098 1307 1142 assertorum

55 1189 133 1237 runt
152 1197 214 1236 uon
233 1172 332 1233 solum
352 1173 518 1248 fratribus,
548 1173 603 1233 sed
624 1184 655 1231 et
676 1170 909 1247 sacerdotibus,
932 1166 1045 1252 quibus
1064 1170 1126 1233 ho-
1137 1149 1243 1242 affixa
1259 1148 1307 1205 ὢν

53 1280 117 1319 nor
150 1273 252 1319 taulus
275 1257 312 1316 de
334 1259 392 1317 Dei
415 1258 591 1340 dignatione
612 1256 818 1332 conceditur,
841 1268 887 1331 ut,
915 1257 1056 1336 quisquis
1077 1277 1128 1316 sa·

54 1346 180 1404 cerdoti
207 1344 290 1421 ejus,
313 1341 400 1402 etad
421 1354 541 1425 tempus
559 1340 612 1401 hie
631 1341 785 1423 judicanti
804 1360 868 1401 nou
888 1339 1126 1421 obtemperaret,

56 1431 162 1488 statim
181 1438 350 1499 necaretur.
392 1428 427 1486 ln
439 1428 685 1486 Deuteronomio
706 1425 849 1506 loquitur
863 1425 1014 1484 Dominus
1032 1424 1126 1499 Deus,

58 1514 185 1573 dicens:
214 1511 256 1570 Et
284 1509 389 1586 homo,
412 1517 593 1591 quicunque
617 1511 725 1571 l'ccerit
759 1512 790 1570 iu
810 1508 982 1590 superbia,
1005 1519 1042 1566 ut
1063 1513 1306 1580 nouaculam.

57 1597 201 1657 exaudiat
221 1596 411 1654 sacerdotem
436 1608 489 1655 aut
509 1595 663 1675 judicem,
684 1597 875 1675 ,quicunque
896 1594 988 1652 lires-it
1009 1594 1039 1651 iu
1059 1591 1128 1651 die-

60 1681 120 1741 bus
140 1680 221 1753 illis,
255 1681 406 1738 morietur
431 1679 527 1740 homo
547 1680 614 1739 ille:
652 1692 682 1738 et
701 1680 799 1738 omnis
818 1677 964 1761 'populus
987 1697 1057 1735 cum
1076 1697 1132 1736 au·

59 1765 173 1838 dicrit,
203 1762 348 1823 timebit:
383 1776 415 1823 et
436 1784 499 1825 aon
529 1776 618 1846 agent
634 1766 727 1844 impie
744 1764 833 1822 ctiam
856 1782 950 1825 nuuc.
992 1762 1069 1821 Item
1090 1760 1130 1819 ad
1146 1785 1166 1826 ι.
1178 1778 1266 1836 ιαμ.
1282 1785 1309 1828 r.

59 1848 250 1923 Samuelem,
283 1867 353 1906 cum
379 1849 542 1908 uludaeis
570 1859 785 1931 sperneretur,
819 1846 903 1914 Deus
928 1845 1039 1907 dicits·
1059 1843 1130 1905 Non

60 1943 92 1990 te
108 1944 304 2014 spreverunt,
328 1931 382 1991 sed
405 1953 453 1992 me
475 1945 668 2015 spreverunt.
711 1932 753 1991 Et
773 1932 924 1990 Dominus
947 1949 1074 2012 quoque
1098 1931 1130 1987 in

27 2070 31 2077 .
59 2014 249 2098 Evangelio:
275 2016 338 2090 Qui
364 2017 452 2077 audit
477 2037 553 2091 vos,
575 2006 703 2097 iuquit,
734 2036 781 2074 me
807 2015 893 2074 audit
915 2026 1052 2087 etcum,
1075 2013 1156 2093 qui.

58 2119 107 2158 rue
141 2100 239 2159 misit:
274 2112 304 2157 et
338 2100 393 2179 qui
414 2100 520 2179 rejicit
543 2121 617 2174 vos,
656 2100 844 2178 merejicit:
868 2100 924 2180 qui
944 2119 991 2157 me
1017 2098 1129 2175 rejicit,
1142 2100 1245 2162 ιιωό,
1267 2112 1306 2164 ιο.

25 2232 28 2237 .
57 2178 160 2262 rejicit
170 2203 247 2258 earm,
258 2184 365 2263 quime
377 2186 468 2243 misit
493 2182 808 2267 thnumleprosum
820 2183 1015 2243 inundasset:
1033 2181 1129 2257 Vade,
1141 2188 1223 2230 ¹²2¹!-
1234 2194 1259 2239 t.
1282 2190 1306 2239 t·

58 2270 182 2347 iuquit,
205 2277 237 2325 et
255 2267 429 2326 demonstra
456 2281 486 2326 te
501 2269 664 2330 sacerdoti.
707 2268 835 2328 Etcum
860 2280 1130 2349 postea'tempore

58 2353 210 2433 passionis
238 2347 354 2428 alapam
381 2353 547 2429 accepisset
572 2371 588 2409 a
610 2370 699 2410 serso
724 2352 913 2425 sacerdotis,
950 2372 1081 2431 eumque
1102 2352 1156 2408 ei'

60 2434 200 2491 dixisset:
223 2430 275 2488 Sic
290 2432 458 2509 respondes
479 2432 646 2492 Pontifici?
690 2433 843 2493 Adversus
862 2433 1046 2494 Pontificem
1060 2435 1130 2493 Do·
1141 2449 1211 2490 roan.
1222 2452 1305 2498 :aaa

61 2517 161 2573 minus
183 2512 404 2574 contumeliose
426 2513 505 2573 nihil
526 2517 622 2592 dixit,
648 2517 899 2597 necquidquam
924 2519 962 2577 de
985 2516 1132 2576 sacerdo·

59 2604 100 2658 tis
122 2597 244 2657 honore
277 2598 429 2673 detraxit,
462 2599 517 2658 sed
537 2603 745 2662 innocentiam
767 2622 851 2660 suam
876 2604 969 2681 magis
996 2620 1131 2660 assereus

42 2694 92 2743 et
112 2683 294 2742 ostendens:
327 2682 359 2741 Si
385 2681 481 2759 male,
514 2684 635 2765 inquit,
659 2684 783 2745 locutus
807 2706 895 2758 sum,
921 2684 1075 2766 exprobra
1092 2684 1131 2744 de
1181 2742 1186 2747 .

58 2766 159 2826 malo:
190 2769 216 2828 si
245 2780 345 2827 autem
375 2767 470 2843 bene,
511 2770 587 2850 quid
618 2790 667 2829 me
694 2769 818 2830 caedis?
860 2770 936 2830 Item
956 2772 987 2827 in
1010 2766 1130 2829 actibus

58 2851 309 2934 Apostolorum:
346 2851 551 2913 Postmodum
588 2853 696 2915 heatus
726 2854 894 2936 Apostolus
919 2853 1034 2913 Paulus
1060 2871 1128 2911 cum
1141 2874 1306 2923 sesama.

58 2938 88 2995 ci
126 2936 242 2995 dietum
272 2946 371 2996 esset:
412 2937 465 2998 Sic
496 2938 595 2999 insilis
626 2940 657 2998 in
684 2940 874 2999 sacerdotem
913 2938 972 2998 Dei
1002 2936 1130 2997 maledi-

57 3019 186 3079 cendol
214 3022 349 3100 quamvis
371 3022 508 3083 Domino
532 3025 594 3103 jam
617 3022 779 3101 crucifixo,
801 3024 962 3106 sacrilegi,
995 3035 1025 3082 et
1045 3023 1130 3104 impii

56 3115 91 3162 et
115 3106 235 3162 cruenti
254 3103 297 3163 illi
320 3124 384 3166 esse
404 3113 593 3189 coepissent,
616 3130 672 3168 nec
687 3112 749 3189 jam
775 3110 944 3190 quidquam
970 3107 1009 3167 dc
1028 3127 1134 3166 sacer-

58 3187 159 3247 dotali
181 3187 303 3248 honore
323 3200 353 3247 et
369 3194 553 3252 auctoritate
574 3195 757 3253 retinerent:
778 3206 878 3253 tamea
891 3214 1002 3275 ipsum,
1023 3211 1133 3274 quam-

56 3276 105 3329 vis
138 3273 225 3332 inane
250 3294 361 3332 uonien
394 3286 424 3334 et
452 3274 592 3336 umbram
624 3279 777 3359 quandam
801 3279 972 3337 sacerdotis
992 3278 1131 3358 cogitans
1167 3310 1173 3325 ·

54 3355 192 3416 Paulus:
240 3356 419 3419 Nesciebam
454 3360 581 3436 fratres,
627 3363 749 3443 inquit,
806 3365 878 3444 quia
905 3361 1047 3444 pontifex
1076 3371 1130 3420 est.
1314 3426 1317 3430 ⁴

52 3440 216 3522 Scriptum
246 3453 291 3501 est
316 3446 417 3504 euim:
450 3441 589 3527 Principi
622 3446 723 3528 plebis
755 3458 826 3507 tuae
857 3468 921 3506 uon
955 3445 1306 3527 maledices‚5,02‚22,2,‚

53 3523 137 3584 Cum
166 3524 241 3585 haec
267 3537 351 3586 tauta
371 3550 405 3588 ac
429 3529 503 3589 talia
531 3542 562 3591 et
582 3530 678 3591 multa
698 3531 756 3590 alia
776 3531 912 3613 exempla
931 3532 1127 3614 praecedant,

52 3609 173 3689 quibus
203 3611 403 3674 sacerdotalis
425 3616 593 3675 auctoritas
621 3628 651 3675 et
671 3628 805 3687 potestas
829 3615 867 3675 dc
895 3617 997 3675 divina
1019 3617 1129 3696 digua-

51 3696 143 3753 tione
175 3692 336 3771 firmatur,
381 3697 487 3779 quales
512 3712 602 3782 putas
635 3692 699 3761 esse
729 3724 800 3776 eos,
843 3702 898 3781 qui
933 3701 1128 3761 sacerdotum

51 3777 162 3839 hostes
196 3792 227 3840 et
252 3795 362 3840 contra
392 3783 559 3842 Ecclesiam
584 3783 767 3845 catholicam
791 3784 921 3844 rebelles
950 3805 1005 3845 uec
1039 3805 1130 3867 prae-

51 3867 208 3923 monentis
239 3865 364 3925 Domini
399 3871 649 3943 comminationc,
684 3892 739 3928 uec
761 3871 859 3930 futuri
880 3868 990 3950 judicii
1009 3868 1129 3930 ultione

51 3949 237 4011 terrentur?
278 3949 387 4031 Neque
405 3954 483 4011 enim
503 3953 628 4013 aliunde
650 3952 790 4014 haereses
813 3954 945 4014 obortae
962 3966 1048 4031 sunt,
1072 3967 1125 4014 aut
1149 3973 1263 4031 uxerem
1279 3979 1302 4012 a:

52 4044 128 4092 nata
163 4045 236 4094 suut
260 4034 439 4112 schismata,
472 4059 564 4119 quam
586 4039 673 4113 inde,
697 4039 784 4120 quod
808 4040 960 4099 sacerdoti
978 4041 1036 4098 Der
1060 4060 1124 4098 uon
1136 4024 1302 4112 {JJJ122'33‘¹,¹J,;2¹

50 4115 306 4200 obtemperatur:
339 4142 395 4182 nec
426 4142 504 4184 uuus
533 4125 565 4182 iu
590 4122 728 4184 Ecclesia
761 4123 799 4185 ad
820 4136 939 4209 tempus
969 4124 1302 4199 sacerdos,‘¹‘⁰¹¹¹‘¹¹'¹’¹¹⁸
1338 4170 1346 4181 ,

49 4202 142 4261 etad
162 4214 282 4287 tempus
301 4204 395 4285 judex
413 4206 480 4269 rice
498 4205 616 4270 Christi
634 4210 811 4291 cogitatur:
833 4213 884 4271 cui
903 4212 929 4269 si
953 4209 1122 4270 secuudum
1134 4181 1306 4264 iiiimxiii·

48 4288 229 4371 magisteria
244 4286 350 4352 dixin:
373 4290 606 4380 obtemperaret
635 4293 813 4358 fraternitas
837 4296 997 4372 universa,
1029 4272 1179 4357 aemam·
