2752 4770
208 395 336 470 ,402
509 379 1072 450 DEPRAECEP'I'IS

261 575 301 638 ab
325 522 399 657 ipsis
426 570 650 633 fundatissimis
677 566 806 630 sedibus
842 564 1067 650 Apostolorum
1093 587 1197 648 usque
1217 566 1259 628 ad
1279 552 1351 631 ho(

84 619 403 745 iiiiiib‘dffijdiernum
432 656 513 716 diem
545 653 773 714 succedentium
801 650 922 711 sibimet
944 653 1171 736 Episcoporum
1193 655 1289 731 serie,
1306 668 1331 716 et

81 715 211 756 elusissent
228 718 242 746 o
668 740 674 750 ,

80 765 141 805 nens
155 767 253 800 eos-02·
261 755 308 805 tot
328 740 516 825 populorum
538 757 739 799 consensione
763 734 912 797 firmatur.

80 806 240 904 :isaar
346 837 376 892 s.
418 823 526 883 man
541 823 581 890 ,n
602 820 673 882 vn.
698 833 796 881 cono.
828 821 982 881 nonaria„
1005 841 1069 903 cap.
1091 833 1162 887 ss:
1197 821 1261 881 sea
1281 843 1330 882 a»

263 909 312 971 bis
343 921 446 969 tutum
477 927 540 966 non
571 917 638 981 est,
670 907 708 964 in'
732 925 768 964 ea
788 926 850 964 non
879 905 1026 987 progredi
1050 904 1155 986 aliqua
1172 909 1328 966 temeritate

263 995 449 1068 sententiae,
472 1011 549 1071 quac
570 989 655 1049 nullo
677 991 709 1049 in
728 988 879 1049 catholico
901 989 1050 1071 regionali
1064 988 1210 1048 Concilio
1223 1005 1329 1073 coepta,

262 1077 348 1138 nullo
379 1076 515 1157 plenario
549 1071 687 1134 Concilio
720 1067 888 1134 terminata‘
902 1085 993 1132 sunt:
1029 1072 1060 1131 id
1083 1085 1186 1132 autem
1210 1076 1251 1133 sit
1271 1095 1330 1134 cura

262 1181 388 1220 securae
416 1160 499 1220 vocis
532 1173 681 1231 asserere,
715 1159 799 1238 quod
824 1178 856 1216 nr
885 1156 1110 1240 gubernatione
1131 1158 1263 1218 Domini
1282 1160 1328 1218 Du

262 1247 360 1304 nostri
393 1254 423 1303 ct
456 1242 610 1302 salvatoris
641 1241 738 1303 tEsU
771 1241 949 1315 CHRISTI,
981 1240 1167 1301 universalis
1190 1242 1332 1304 Ecclesiae

263 1329 463 1388 consensione
484 1323 737 1387 roboratumcst.

103 1450 197 1494 vem„
217 1449 242 1490 ἰ,
349 1427 378 1481 4.
422 1409 525 1470 ITEM
556 1410 587 1470 in
607 1408 714 1492 psabn.
737 1422 805 1476 Ma
837 1408 874 1468 In
896 1421 998 1468 ventre
1024 1407 1206 1486 Ecclesiae,
1240 1415 1328 1472 veritas

21 1555 23 1560 .
84 1500 200 1544 ΜΨ·
264 1509 373 1558 manet
418 1495 567 1576 Quisquis
602 1493 641 1554 ab
663 1492 724 1553 hoc
745 1504 848 1553 ventre
870 1492 1024 1552 Ecclesiae
1056 1507 1225 1574 separatam
1248 1496 1325 1568 iuuit,

264 1601 386 1643 necesse
415 1591 477 1654 est,
517 1589 552 1638 ut
584 1577 659 1638 salsa
691 1577 845 1658 loquatur.
899 1575 1025 1637 Necesse
1046 1590 1112 1652 cst,
1146 1579 1275 1660 inquam
1284 1590 1328 1656 ‚nt

265 1666 340 1727 falsa
375 1666 539 1744 loquatur,
571 1664 625 1744 qui
650 1673 708 1730 ,aut
727 1663 848 1747 concipi
870 1660 993 1738 noluit,
1016 1671 1069 1721 aut
1093 1683 1195 1743 quem
1217 1666 1334 1749 coneqn'

264 1763 331 1811 tum
355 1760 449 1808 mater
472 1749 609 1808 excussit.

353 1846 380 1900 1.
401 1833 442 1891 D.
486 1830 629 1894 CANON
648 1826 754 1912 Apost
776 1841 827 1896 38.
849 1828 896 1888 vel
922 1829 990 1909 juxt
1021 1849 1098 1888 nov.
1122 1832 1258 1893 translat
1277 1846 1332 1901 sa:

90 1941 197 1983 concine
215 1954 257 1982 m
266 1917 317 1979 Bis
341 1918 372 1976 in
394 1936 473 1975 anno
495 1914 722 1997 Episcoporum
745 1912 1126 1989 Conciliacclebrentur,
1161 1929 1198 1977 ut
1217 1920 1290 1976 inter
1306 1936 1331 1976 st

88 1991 242 2033 ΝΜ·
267 2003 395 2061 invicem
421 2000 563 2080 dogmata
582 2001 702 2082 pietatis
718 1997 882 2081 explorent
892 2039 903 2074 ,
925 2009 954 2058 et
974 2012 1168 2081 emergentes
1186 2000 1324 2060 Ecclesia·

265 2086 358 2144 sticas
380 2084 587 2142 contentiones
610 2095 776 2143 amoveant.
1095 2124 1097 2129 «

349 2180 378 2233 2.
420 2163 552 2224 PRerl
586 2164 700 2241 Synod.
736 2165 840 2226 Nicen.
871 2185 934 2226 can.
964 2177 1012 2232 5.=
1044 2165 1154 2228 Visam
1183 2175 1240 2240 est,
1268 2185 1323 2247 per

266 2250 402 2334 singulos
425 2269 519 2308 annos
541 2250 572 2309 in
595 2251 718 2334 singulis
740 2250 913 2332 quibusque
933 2251 1120 2333 provinciis,
1142 2251 1236 2311 bisin
1252 2269 1321 2308 anno

266 2334 494 2418 Episcoporum
513 2333 649 2394 Concilio
670 2333 758 2409 fieri,
792 2347 826 2394 ut
846 2334 934 2395 simul
955 2337 985 2393 in
1011 2357 1115 2394 unum
1137 2334 1321 2396 convenientes

267 2441 302 2479 ex
336 2420 489 2479 communi
520 2420 696 2502 provincia,
729 2418 908 2499 hujusmodi
935 2422 1110 2480 exanrincnt
1146 2422 1322 2501 quaestions,

264 2517 302 2564 ut
323 2505 362 2562 ita
387 2505 508 2564 demum
529 2501 586 2579 hi,
608 2506 661 2584 qui
682 2500 723 2562 ob
746 2504 850 2586 culpas
872 2524 940 2562 snas
963 2504 1202 2586 Episcoporum
1223 2522 1327 2563 suarum

265 2587 408 2647 offensam
429 2589 535 2648 merito
559 2600 783 2662 contraxerunt,
807 2589 895 2670 digne
919 2589 1007 2646 etiam
1029 2609 1044 2646 a
1069 2593 1206 2648 cacteris
1229 2608 1325 2648 excon-

265 2675 408 2732 municati
445 2672 582 2733 similiter
613 2670 806 2745 habeantur,
841 2693 1003 2753 quousque
1034 2674 1063 2730 in
1090 2676 1271 2747 communi,
1293 2668 1326 2728 rel

266 2758 323 2838 ipsi
345 2757 502 2838 Episcopo
523 2758 699 2837 suoxvisum
720 2756 833 2833 luerit,
867 2755 1080 2816 humaniorem
1103 2762 1190 2817 circa
1213 2779 1263 2817 eos
1280 2756 1326 2814 ser

265 2861 299 2900 re
321 2844 504 2900 sententiam.
762 2899 763 2902 ,

348 2937 377 2991 3.
421 2924 650 2985 CONClLIUM
679 2927 778 2985 Later.
813 2945 910 3007 magn.
946 2946 1009 2984 can.
1033 2938 1086 2992 tt:
1124 2925 1217 2985 Sicut
1238 2925 1319 2985 olima

265 3010 377 3068 sanctis
411 3007 553 3069 Patribus
587 3012 726 3070 noscitur
748 3012 939 3083 institutum,
961 3009 1201 3089 Metropolitani
1223 3006 1319 3090 singnis

266 3094 350 3152 annis
373 3115 441 3151 cnm
464 3095 526 3152 suis
550 3093 744 3176 suffraganeis
766 3092 960 3177 provincialia
986 3113 1048 3150 non
1073 3095 1222 3152 omittant
1244 3092 1321 3151 cona·

265 3175 308 3237 lia
331 3175 498 3252 celebrare,
533 3176 564 3235 in
586 3177 699 3258 quibus
729 3179 768 3236 dc
790 3178 975 3261 corrigendis
998 3178 1173 3236 excessibus
1199 3191 1229 3236 ct
1249 3175 1322 3235 mori·

264 3258 325 3320 bus
352 3260 575 3335 reformandis,
609 3266 786 3343 praescrtim
816 3265 847 3322 in
882 3262 979 3334 clero,
1010 3260 1192 3343 diligentem
1213 3259 1323 3321 habau

266 3364 337 3404 cum
356 3345 431 3404 DEI
452 3348 560 3405 timore
581 3358 752 3406 tractatum.

87 3446 254 3490 trauainai·
351 3441 378 3494 1.
400 3429 435 3488 E.
479 3429 748 3490 HIERONYMUS
782 3432 813 3489 in
834 3423 1107 3488 XVH1.Manh.=
1143 3428 1230 3503 Quia
1259 3429 1326 3488 dixe·

89 3541 116 3580 1„
133 3522 332 3581 „comnena
367 3510 399 3570 Si
422 3526 519 3573 autem
541 3513 706 3574 Ecclesiam
727 3536 786 3574 non
808 3513 958 3585 audierit,
993 3512 1033 3569 sit
1054 3509 1110 3568 tibi
1133 3515 1220 3572 sicut
1241 3513 1329 3573 ethni·

88 3590 257 3679 ffl‘jssfflj
269 3615 323 3656 cus
345 3606 374 3654 et
393 3595 594 3678 publicanus,
634 3609 664 3658 ct
684 3611 803 3681 poterat
823 3596 1042 3677 contemptoris
1063 3593 1168 3654 fratris
1190 3596 1267 3657 baec
1288 3616 1330 3655 oc·

86 3680 349 3778 prigitiam-culta
372 3701 435 3740 esse
455 3683 628 3763 responsio,
659 3685 706 3744 vel
742 3685 831 3743 tacita
866 3680 1026 3763 cogitatio:
1062 3679 1088 3737 si
1119 3699 1171 3739 mc
1200 3681 1332 3763 despicis,

105 3749 118 3777 ⁰
157 3747 190 3776 π’
269 3776 299 3823 et
320 3784 375 3844 ego
409 3775 447 3823 tc
470 3765 622 3848 despicio:
656 3768 682 3826 si
703 3781 737 3828 tn
761 3789 809 3826 mc
830 3766 1025 3836 condemnas,
1048 3776 1079 3822 ct
1100 3783 1169 3822 mea
1193 3767 1333 3826 sententia

201 3915 204 3919 ,
268 3847 529 3910 condemnaberis:
549 3862 730 3933 potestatem
751 3851 859 3910 tribuit
878 3847 1055 3932 Apostalrs,
1079 3860 1115 3906 nt
1134 3851 1254 3927 sciant,
1288 3849 1332 3930 qui

266 3951 285 3991 a
307 3930 417 3990 talibus
439 3935 685 4010 condemnantnr,
707 3937 868 3997 bassianam
892 3932 1067 3994 sententiam
1091 3931 1197 4002 divina
1218 3948 1333 3994 sentcn-

266 4017 309 4074 tia
328 4014 486 4076 roborari:
524 4033 554 4080 et
584 4021 788 4103 quodcunque
809 4021 932 4103 ligatum
956 4016 1047 4075 fucrit
1066 4017 1097 4074 in
1117 4027 1226 4096 terra,
1255 4017 1332 4100 ligari

265 4099 380 4184 pariter
400 4113 429 4159 ct
446 4103 477 4159 in
496 4104 588 4163 caelo.
682 4148 686 4165 .
935 4138 938 4146 ¹

103 4224 255 4265 mmm„
350 4198 379 4253 2.
422 4183 678 4247 AUGUSTINUS
699 4189 734 4253 L.
755 4189 793 4248 dc
821 4186 873 4247 lid.
899 4196 948 4246 ct'
964 4185 1111 4269 operibus
1133 4207 1165 4248 c.
1186 4199 1234 4255 sa
1265 4186 1335 4246 Cum

78 4271 329 4367 inffifficis,
362 4291 419 4357 per
447 4289 526 4353 quos
556 4270 694 4338 Ecclesia
722 4274 859 4356 regitur,
904 4271 1001 4340 adest:
1022 4269 1102 4339 salva
1142 4293 1222 4355 pace
1251 4284 1335 4357 pots·
