2768 4762
233 415 300 498 ts:
602 364 671 473 nn
709 408 846 472 eron
886 409 953 472 ar

235 607 291 659 ant
303 595 462 665 ,adventus
476 594 566 680 ojus?
605 597 656 662 'Er
682 618 750 682 qno
779 597 860 658 enim
878 609 981 680 patres
1004 582 1225 674 dormierunt,
1248 614 1318 658 om·

238 705 289 765 nia
307 705 572 797 deportaverant
589 705 628 771 ab
644 709 737 769 initio
758 718 928 768 creaturae.
971 704 1060 765 Lntet
1080 705 1161 764 enim
1180 725 1233 765 eos
1251 703 1316 766 hoe

239 803 398 889 volentes,
431 812 519 895 quod
547 812 624 879 caeli
658 827 747 876 erant
775 816 888 899 prius,
928 822 959 874 et
972 824 1073 893 terra,
1116 809 1155 870 de
1177 832 1258 893 aqna
1287 825 1320 874 et

240 940 300 1005 pet*
329 939 463 1003 nquam,
502 922 671 984 consistens
694 921 770 981 Dei
798 920 918 982 verboe
960 939 1018 1004 per
1048 938 1143 1002 quoe,
1167 917 1219 979 iile
1242 933 1321 979 tune

241 1027 376 1091 mundns
405 1047 487 1110 aqua
524 1026 828 1113 inundatus-periit.
879 1028 963 1091 Caeli
993 1039 1119 1103 autem,
1155 1026 1210 1108 qni
1233 1034 1319 1085 nune

243 1146 331 1212 sunt,
365 1146 398 1197 et
417 1146 523 1211 terra,
554 1133 664 1197 eodem
689 1134 788 1198 verbo
803 1138 946 1220 repositi
970 1147 1060 1212 snnt,
1083 1136 1145 1217 igni
1170 1110 1318 1193 reservati

247 1244 279 1303 in
304 1240 385 1305 diem
406 1238 519 1323 judieii
541 1252 573 1303 et
605 1241 792 1325 perditionis
816 1232 984 1328 impiorum
1005 1242 1175 1311 hominum.
1208 1242 1322 1304 'Unum

246 1370 321 1414 vero
345 1348 408 1417 hoe
438 1370 503 1411 non
523 1347 617 1412 lateat
636 1371 711 1430 vos,
745 1353 913 1428 carissimi,
946 1344 1018 1433 qnia
1039 1370 1120 1410 unns
1145 1347 1210 1409 dies
1236 1346 1324 1430 apud

245 1458 416 1547 Dominum
448 1459 530 1520 sicut
561 1456 645 1543 mille
671 1459 763 1535 anni,
786 1470 826 1531 et,
836 1457 919 1518 mille
943 1460 1014 1518 anni
1039 1458 1119 1517 sieut
1143 1456 1209 1516 dies
1229 1476 1322 1516 unus.

246 1564 318 1628 Non
331 1565 436 1629 tardat
456 1565 608 1628 Dominus
626 1567 865 1649 promissionem
888 1586 983 1643 suam,
1006 1567 1088 1626 sicut
1113 1561 1240 1644 quidam
1255 1562 1321 1622 exi-

244 1673 383 1734 stimant:
406 1670 461 1732 sed
481 1674 636 1757 patienter
659 1674 723 1756 agit
744 1687 878 1756 propter
900 1694 980 1751 vos,
1000 1671 1109 1734 nolens
1124 1669 1247 1752 aliquos
1260 1689 1320 1751 pe-

248 1781 333 1865 rire,
363 1779 418 1841 sed
440 1799 546 1840 omnes
578 1778 619 1843 ad
639 1782 861 1862 poenitentiam
880 1781 1002 1853 reverti.
1046 1777 1198 1839 Adveniet
1219 1788 1322 1837 autem
1375 1842 1379 1847 ,

248 1887 314 1957 dies
340 1886 479 1965 Domini,
499 1897 536 1946 ut
559 1885 635 1963 fur,
657 1887 775 1970 inquo
797 1887 873 1953 meli
889 1908 1001 1971 magno
1022 1888 1140 1969 impetn
1157 1885 1319 1960 transient,

248 1992 489 2071 elementarem
516 1990 621 2057 calore
640 1992 817 2059 solventurs
839 2006 923 2055 terra
950 2007 1051 2056 autem
1073 1993 1247 2075 etqnaein
1271 1993 1326 2073 ip-

247 2112 374 2193 sladspnt
388 2119 505 2187 opera,
529 2113 706 2162 exurentur.
753 2101 839 2165 Cum
860 2104 957 2186 igitur
978 2100 1054 2163 haee
1083 2101 1186 2167 omnia
1211 2096 1325 2159 dissol-

247 2204 347 2269 venda
373 2211 454 2271 sint:
477 2205 584 2293 quales
605 2219 733 2291 oportet
757 2228 812 2283 vos
834 2230 900 2271 esse
916 2212 948 2271 in
973 2211 1086 2272 sanctis
1112 2207 1327 2277 conversatio·-

248 2312 341 2377 nibus
368 2326 399 2375 ct
417 2312 608 2399 pietatibus,
636 2327 843 2399 exspectantes
865 2325 896 2377 et
927 2327 1132 2401 properantes
1156 2317 1189 2376 in
1205 2292 1330 2375 advenss

248 2402 323 2499 tum*
343 2419 418 2497 diei,
435 2421 580 2511 meini,
615 2443 673 2507 per
699 2443 791 2506 qoem
804 2452 809 2463 ·
822 2422 899 2485 caeli
921 2420 1064 2484 ardentes
1094 2420 1267 2497 solventur,
1292 2433 1327 2483 et

250 2520 497 2623 elementaigpis
521 2528 636 2591 ardore
655 2527 833 2605 tabesceoti
875 2529 981 2592 Novas
1001 2549 1076 2591 vero
1097 2528 1198 2592 caelos
1223 2541 1329 2592 atno-

248 2657 317 2699 vam
338 2648 454 2727 terram
472 2635 644 2721 seeundum
660 2639 815 2721 promissa
830 2640 929 2724 ipsius
949 2651 1174 2723 exspectamus,
1197 2640 1229 2702 in
1251 2637 1328 2720 qni-

248 2740 308 2806 bus
329 2747 456 2829 justitia
480 2740 612 2809 habitae

284 2894 301 2933 .:
331 2875 477 2939 atussa.
499 2876 589 2940 m:
612 2878 694 2945 Dico
715 2891 815 2940 antem
837 2874 946 2955 vobis,
967 2876 1116 2959 qnoniam
1141 2894 1232 2937 omne
1251 2894 1325 2935 ver-

244 2979 322 3059 bum
340 2985 493 3064 οῐὶοειυιι,Ι
511 2987 600 3071 quod
622 2988 724 3051 locuti
743 2985 862 3049 fuerint
882 2978 1040 3061 homines,
1063 2982 1195 3042 reddent
1216 2984 1322 3042 ratio·

248 3108 318 3159 nem
335 3086 378 3157 de
401 3110 439 3153 eo
462 3097 496 3157 io
518 3094 570 3156 die
589 3096 715 3178 judicii.
769 3093 816 3155 Er
836 3068 941 3153 verbis
978 3092 1058 3151 enim
1080 3091 1142 3152 tuis
1168 3087 1327 3174 justifica·

247 3194 355 3276 beris,
375 3211 410 3263 ,et
429 3220 466 3263 ex
484 3200 587 3263 verbis
609 3204 671 3262 uiis
687 3196 954 3271 condemnaberis.
1042 3226 1045 3235 ¹

332 3301 421 3390 Sap.
434 3306 488 3369 is
518 3306 660 3392 Propter
679 3306 744 3369 hoe
766 3312 821 3392 qui
843 3307 987 3391 loquitur
1013 3302 1121 3390 iniqn'a
1133 3336 1148 3384 ,=
1179 3327 1244 3369 non
1261 3326 1326 3391 po·

248 3424 321 3481 test,
334 3411 452 3488 latere,
486 3435 543 3478 nee
576 3413 857 3499 praeterietiilinn
884 3402 1064 3500 corripiens:
1081 3416 1241 3497 judioinm.
1284 3413 1323 3472 In

249 3519 492 3611 eogitationibns
514 3522 594 3581 enim
622 3525 710 3606 impii
733 3524 938 3605 interrogatio
966 3525 1241 3583 erite-sermonum
1266 3535 1325 3575 au-

249 3640 310 3695 tem
329 3627 429 3697 ,illius
463 3624 584 3689 auditio
611 3628 651 3690 ad
672 3630 771 3690 Denm
789 3630 915 3706 veniet,
945 3628 986 3688 ad
1006 3627 1237 3712 eorreptionem
1262 3623 1327 3683 ini-

250 3738 403 3818 quitatum
425 3733 521 3797 illius.
563 3735 673 3798 Sermo
706 3735 860 3798 obscurus
881 3737 913 3796 in
933 3754 1066 3797 vaenum
1082 3756 1151 3798 non
1170 3730 1239 3794 ibit.

331 3843 441 3905 Etsi.
463 3840 598 3906 va1.:
629 3844 698 3928 Ego
722 3857 823 3906 antem
856 3863 953 3928 opera
975 3863 1085 3905 eornm
1107 3852 1139 3904 et
1158 3836 1328 3924 oogitntio-

248 3968 431 4010 noseorum
461 3952 551 4011 venio
580 3963 619 4012 nt
651 3972 834 4035 congregem
869 3973 939 4011 cnm
961 3950 1107 4013 omnibus
1124 3946 1270 4033 gentibus
1294 3956 1329 4005 et

246 4052 379 4137 linguis:
402 4068 433 4117 ot
463 4059 605 4135 venient,
628 4072 660 4121 et
678 4057 830 4120 videbant
850 4058 982 4142 gloriam
1007 4080 1113 4120 meam.

329 4160 384 4222 Ee
398 4162 474 4224 eie.
508 4165 598 4225 xl1.=
634 4166 775 4243 Cuncta,
795 4187 876 4249 quae
899 4163 998 4245 fiunt,
1021 4166 1156 4227 adducet
1178 4163 1264 4225 Deus
1292 4160 1328 4221 in

238 4268 393 4350 judicium
409 4292 470 4355 pro
489 4272 574 4335 omni
597 4286 720 4354 errato,
745 4275 809 4336 sire
832 4272 969 4352 bonum,
1003 4277 1066 4337 sive
1088 4271 1205 4337 malum
1224 4270 1275 4333 sit
