2768 4762
254 353 334 432 m
400 389 407 400 x
644 349 711 412 DE
742 349 846 415 -SPE
888 350 951 420 ΕΤ

253 537 303 603 his
324 535 474 620 liberabit
499 557 555 604 eos
580 534 744 598 Dominus.
800 524 946 602 Custodit
963 539 1121 603 Dominus
1144 545 1247 607 omnia
1265 569 1337 617 osea

218 692 224 712 .,
253 667 384 709 eorum:
410 667 511 721 mum
539 665 575 706 er
607 641 746 733 bisunu
774 653 965 712 conteretur.
1021 630 1110 710 Mors
1132 666 1337 732 peccatorum

224 816 228 827 ,
252 757 397 840 pessima:
422 765 454 818 et
476 753 531 836 qui
552 749 689 813 oderunt
707 748 846 830 justum,
868 747 1059 836 delinquent.
1101 752 1245 822 Redimet
1263 763 1338 825 Do-

252 861 491 953 minusanimas
513 840 676 922 serrorum
699 874 846 919 suorum:
874 867 907 923 et
925 879 991 927 nou
1011 858 1196 946 delinquent
1217 886 1334 948 omnes,

257 968 312 1052 qui
332 968 459 1053 spe'r'a'nt
479 965 513 1028 in
536 984 584 1030 eo»
699 1038 702 1043 ,
930 984 932 991 ’

338 1095 494 1189 Hesssss·
515 1096 564 1161 L:
593 1093 670 1161 ideo
691 1104 723 1165 et
742 1113 801 1179 per
820 1094 936 1185 ipsum:
958 1091 1057 1183 Amen
1077 1098 1163 1182 Deo,
1187 1100 1228 1165 ad
1258 1101 1335 1189 glo-i

254 1206 333 1270 riam
363 1215 512 1291 usuram.
743 1289 745 1293 Ι
1262 1232 1267 1243 ·

337 1333 429 1422 με,
448 1332 523 1417 XL:
544 1331 655 1417 Petite
667 1341 698 1393 et
719 1329 845 1421 dabitur
865 1329 966 1393 vobis.
1228 1409 1232 1418 ι

337 1439 452 1529 ioan.
473 1438 579 1508 xvi:
599 1439 720 1522 Petite,
741 1450 773 1504 et
793 1435 961 1529 accipietis,
982 1449 1019 1505 ut
1031 1424 1183 1528 'gaudium
1195 1454 1335 1512 vestrum

254 1547 296 1612 sit
325 1542 462 1637 pletruru.¹
493 1542 496 1547 ’

626 1728 954 1843 sarnus

341 1955 369 2012 1,
392 1942 428 2006 B.
468 1934 706 2024 Atianosms
738 1942 770 2001 in
799 1938 910 2002 Psalm.
933 1953 984 2011 40.
1026 1962 1095 2029 sup.
1117 1942 1221 2006 verb:
1249 1943 1330 2022 Fiat,

257 2023 329 2089 fiat:
351 2028 389 2088 ln
410 2025 547 2088 hebraeo
569 2022 677 2084 habet:
702 2023 818 2101 Amen,
842 2045 944 2087 amen:
966 2039 1004 2087 ut
1027 2042 1239 2107 asseruerunt,
1274 2032 1332 2111 qui

258 2111 374 2174 librum
399 2112 540 2196 legerunt
560 2112 592 2172 in
614 2108 767 2175 hebraicis
786 2110 883 2174 literis
904 2114 1064 2194 scriptum.
1109 2117 1246 2175 Graecus
1269 2113 1333 2175 boo

257 2195 355 2274 loco,
391 2206 509 2271 visure,
543 2198 637 2264 γίνοιτο
671 2194 765 2257 dlxii:
798 2194 886 2278 quod
908 2208 976 2274 est,
1012 2193 1088 2279 fiat,
1123 2196 1186 2259 fiat.
1233 2197 1333 2274 Quod

257 2277 388 2343 verbum
409 2279 543 2344 diversas
563 2276 802 2363 significationes
825 2276 942 2358 babet,
976 2274 1073 2345 sit'sit
1093 2281 1248 2345 interdum
1271 2282 1335 2340 im-

256 2374 396 2449 perantis
409 2409 419 2439 ,
434 2382 437 2387 ·
455 2362 611 2425 interdum
646 2365 824 2446 precantis,
859 2363 1027 2426 interdum·
1038 2362 1249 2426 confirmantis
1271 2365 1335 2425 ali-

257 2449 344 2531 quid.
388 2450 571 2534 imperantis
594 2459 662 2523 cst,
685 2467 758 2509 eum
777 2450 923 2532 superior
944 2450 1089 2514 inferiori
1110 2451 1228 2528 statuit,
1296 2450 1332 2510 rd

79 2564 196 2616 meme,
213 2533 437 2612 wfacieudum
459 2536 501 2595 sit
532 2532 580 2593 vel
607 2533 808 2614 sequendum.
862 2531 1022 2597 Precantis
1053 2545 1100 2596 est
1132 2537 1214 2597 sicut
1234 2532 1330 2597 ilud:

256 2618 328 2684 Fiat
353 2619 497 2681 voluntas
531 2630 592 2678 tua.
636 2617 706 2682 Non
729 2620 809 2683 enim
828 2617 898 2683 Deo
921 2620 989 2699 quis
1012 2621 1158 2702 imperat,
1180 2616 1234 2679 sed
1255 2639 1332 2703 pre-

257 2725 323 2764 cam
338 2701 452 2767 fundit„
497 2700 715 2764 confirmantis
737 2714 792 2779 est,
815 2722 885 2761 cum
908 2700 1067 2764 benedicit
1087 2702 1152 2763 Pro
1177 2701 1259 2780 heta,
1280 2701 1332 2762 vel

242 2788 420 2866 sacerdos,
439 2780 499 2849 'vel
531 2800 654 2847 sanctus
671 2785 800 2868 aliquis,
826 2797 856 2845 et
878 2786 1017 2870 populus
1038 2723 1225 2871 respondete
1247 2787 1330 2862 Fiat,

79 2915 162 2958 suen.
256 2870 322 2935 fiat.
364 2872 554 2934 sicutenim
576 2893 644 2931 cum
669 2871 814 2931 sacerdos
840 2869 1017 2950 benedicit,
1039 2871 1177 2955 popolus
1197 2891 1332 2954 respon-

257 2957 331 3019 det:
362 2956 485 3035 Amen,
519 2954 705 3019 confirmans
736 2953 985 3021 benedictionem
1005 2955 1085 3034 sibi,
1120 2976 1214 3039 quam
1244 2952 1333 3038 plebi

78 3089 155 3131 m
178 3098 203 3137 43
224 3098 237 3135 3
255 3040 401 3104 sacerdos
429 3063 446 3104 a
479 3042 616 3104 Domino
645 3038 847 3124 deprecatur:
881 3041 925 3101 ita
945 3044 979 3102 in
999 3038 1124 3104 Psalmo
1147 3060 1333 3124 responsum

79 3116 314 3191 asss'sa'as'est:
347 3126 433 3205 Fiat,
461 3124 532 3202 fiat,
562 3126 668 3207 quasi:
690 3124 805 3202 Amen,
826 3144 923 3185 amen.
967 3125 1066 3188 Amen
1086 3137 1189 3185 autem
1211 3120 1333 3186 confin-

80 3196 113 3235 ²⁸'
254 3212 398 3272 mationis
427 3209 564 3270 verbum
588 3209 746 3269 evidenter
780 3209 958 3271 ostenditur
988 3213 1021 3271 iu
1050 3210 1139 3270 Esau
1161 3207 1238 3286 elio,
1273 3206 1330 3268 ubi

254 3297 409 3357 Dominus
436 3292 622 3357 confirmans
656 3314 829 3354 sermonem
858 3316 970 3374 suum,
1006 3293 1104 3371 dicits
1196 3313 1235 3353 an
1255 3291 1331 3354 dieo

254 3379 354 3445 vobis.
396 3382 502 3461 Ma'or
524 3392 624 3441 autem
645 3380 691 3439 vis
713 3391 779 3457 est,
801 3379 857 3442 ubi
880 3383 1028 3466 repetitus
1039 3390 1218 3445 estsermor
1241 3375 1331 3459 quod

77 3447 202 3496 ’ΝΜ
212 3455 245 3493 ¹⁰'
255 3466 287 3530 in
320 3463 405 3525 libro
440 3405 600 3549 iirangelii
623 3463 791 3524 secundum
821 3464 970 3525 ioannem
991 3463 1187 3548 frequentius
1210 3461 1331 3520 inveni-

254 3570 341 3612 musr
374 3551 449 3640 quia
468 3552 534 3632 lpse
555 3550 682 3608 maxime
703 3547 742 3608 de
764 3546 945 3611 caelestibus
972 3559 1003 3610 et
1047 3545 1191 3609 roiundis
1214 3555 1330 3618 myste-

254 3636 312 3696 riis
341 3645 387 3695 est
415 3633 550 3695 loeutus.
600 3633 754 3693 indicium
792 3653 921 3715 quoque
943 3645 989 3696 est
1010 3632 1029 3693 l·
1057 3636 1085 3693 ri
1104 3629 1208 3693 finitis
1244 3628 1328 3705 Fiat,

254 3716 319 3783 fiae
341 3717 419 3783 iiam
440 3718 472 3783 in
495 3720 636 3801 quinque
658 3715 757 3791 libros
780 3714 911 3778 divisum
922 3720 1048 3781 videtur
1059 3738 1123 3778 esse
1131 3714 1329 3776 Psalterium.

338 3817 368 3872 ἓ,
399 3799 673 3871 HIERONYMUS
704 3801 993 3869 incantatam:
1023 3801 1120 3861 Amen
1137 3796 1333 3883 signaculum

255 3889 407 3950 orationis
428 3889 609 3949 Dominicae
624 3897 683 3946 est:
706 3882 794 3969 quod
815 3884 931 3969 Aquila
951 3889 1194 3974 interpretatur,
1228 3877 1336 3946 fideli-

254 3986 318 4036 ter:
340 3994 418 4050 nos,
438 3994 520 4051 vere,
544 3988 709 4056 possumus
731 3967 845 4036 dicere.

80 2168 141 2220 rint,
149 2167 197 2212 iat.
