2768 4762
264 381 343 457 sse
405 338 408 345 ’
567 375 636 442 nn
668 368 1020 443 enarrarunt

265 562 417 648 piscentia
436 559 610 644 cujuslibet
623 564 669 627 rei
682 561 814 638 alienae,
835 562 960 644 qnando
974 574 1142 642 utrumque
1158 556 1204 620 sic
1217 554 1342 641 coepit:

84 669 231 713 neces-ai.
266 649 336 710 Non
354 669 554 730 eoncup1sces
573 668 700 708 uxorem
715 650 849 731 proximi
870 650 934 729 tui,·
963 661 1013 708 et:
1044 645 1114 706 Non
1140 647 1344 727 concupisces

86 716 393 808 {ssss'fflffl'domum
417 728 556 816 =proximi
593 736 657 792 tui:
678 791 681 799 ⁴
702 746 733 793 et
764 733 838 794 binc
862 737 967 816 coepit
1002 744 1120 792 caetera
1157 729 1344 812 adjungere.

88 817 132 857 1¹¹·
266 819 337 879 Non
359 832 459 878 autem
482 838 551 877 cum
572 817 709 878 dixisset:
742 817 812 877 Non
835 821 1036 902 concupisces
1057 834 1183 875 uxorem
1207 814 1343 896 proximi

266 911 329 964 tui:
352 902 425 961 linic
443 902 586 961 connexit
603 898 679 978 alia,
709 901 834 964 dicens:
858 904 965 986 Neque
983 903 1107 962 domurn
1129 900 1218 978 ejus,
1243 919 1345 979 neque

265 1009 373 1073 agrum
387 987 478 1068 ejus,
502 1005 603 1067 neque
628 1008 750 1050 serrum
774 991 841 1069 ejus
869 1000 945 1063 ete,
967 986 1021 1047 sed
1045 986 1172 1044 omnino
1190 996 1345 1064 apparent

264 1072 340 1133 baec
359 1092 423 1131 esse
437 1072 625 1151 conjuncta,
656 1093 733 1154 quae
755 1074 786 1132 in
808 1094 871 1133 uno
889 1084 1056 1153 praecepto
1071 1068 1218 1128 videntur
1242 1070 1346 1128 conti·

262 1159 349 1233 neri,
384 1168 414 1216 et
444 1155 577 1215 discreta
604 1154 643 1215 ab
669 1156 741 1233 illo,
773 1156 828 1216 ubi
861 1178 939 1216 uxor
967 1156 1123 1214 nominata
1145 1163 1201 1211 est.
1263 1151 1344 1213 Illud

263 1253 385 1311 autem,
415 1238 471 1298 ubi
512 1239 629 1298 dicterm
657 1253 724 1300 est:
757 1241 827 1302 Non
863 1250 952 1300 erunt
988 1238 1045 1299 tibi
1071 1236 1114 1297 dii
1143 1236 1196 1296 alii
1220 1251 1345 1320 praeter

262 1347 329 1385 me:
354 1336 483 1407 apparet
499 1322 594 1402 hujus
609 1326 654 1384 rei
677 1324 904 1408 diligentiorem
926 1325 1148 1385 exsecutionem
1162 1342 1230 1380 esse
1252 1323 1341 1396 iniis,

263 1426 343 1492 quae
376 1408 517 1488 subjecta
541 1421 621 1467 sunt.
674 1408 748 1484 Quo
781 1412 860 1470 enim
888 1410 1036 1492 pertinet:
1067 1406 1139 1466 Non
1165 1406 1264 1465 facies
1289 1405 1344 1464 tibi

172 1514 175 1520 ·
263 1495 405 1569 idolum,
443 1513 543 1573 neque
576 1491 676 1552 ullum
701 1495 914 1555 simulacrum:
958 1511 1162 1574 quaecuuque
1190 1493 1224 1549 in
1261 1489 1344 1550 eaelo

187 1573 192 1637 s
264 1592 337 1641 sunt
364 1596 500 1653 sursum,
541 1589 572 1636 et
597 1598 801 1661 quaecunque
835 1582 867 1639 in
898 1591 980 1638 terra
1003 1577 1169 1649 deorsum,
1203 1587 1236 1634 et
1251 1596 1346 1656 quae·

104 1673 232 1771 pionias
249 1682 252 1691 ·
267 1684 390 1745 conque
409 1665 441 1721 in
462 1681 542 1744 aqua
560 1660 618 1722 sub
638 1675 738 1741 terra,
774 1685 838 1726 non
860 1660 1005 1724 adorabis
1029 1680 1084 1737 ea,
1110 1679 1214 1740 neque
1234 1661 1346 1719 semies

30 1787 33 1792 ·
103 1729 228 1823 diffie
268 1748 347 1809 illis:
371 1749 430 1807 nisi
454 1745 493 1807 ad
517 1746 567 1822 id,
592 1747 677 1828 quod
704 1749 822 1809 dietum
844 1762 908 1809 est:
930 1746 1116 1806 Non-crunt
1136 1744 1195 1803 tibi
1230 1744 1276 1803 dii
1295 1742 1345 1803 alii

104 1828 236 1920 ῃξωῇἷξξω
271 1844 394 1917 praeter
420 1829 501 1899 mei,
528 1831 569 1890 Et
598 1831 694 1913 paulo
720 1846 808 1916 post:
844 1832 879 1892 ln
906 1831 967 1890 illis
999 1827 1124 1889 duobus
1160 1835 1345 1911 praeceptis,

107 1926 237 2019 3¹10¹¹⁰⁰²
272 1938 334 1978 non
361 1913 564 1990 moechandi,
598 1927 628 1974 et
649 1937 712 1976 non
738 1916 891 1992 furandi,·
911 1918 977 1996 ipsa
996 1933 1092 1996 opera
1116 1925 1222 1973 notata
1254 1924 1347 1972 sunt:

123 1985 203 2016 ΨΜ
272 2003 304 2060 in
337 1998 385 2059 his
421 2019 494 2058 vero
528 2000 687 2074 extremis,
721 2000 786 2082 ipsa
815 2001 1082 2079 concupiscentia:
1112 2019 1188 2079 quae
1224 2009 1347 2055 tantuna

271 2082 437 2156 differunt,
478 2093 514 2140 ut
545 2081 713 2161 aliquando
747 2082 948 2159 moechetur,
978 2084 1031 2163 qui
1057 2102 1120 2142 non
1149 2083 1350 2161 concupiscit

144 2163 147 2170 ’
228 2217 235 2224 .
271 2187 401 2227 uxorem
435 2166 587 2248 proximi,
612 2186 683 2224 cum
707 2165 765 2226 alia
788 2167 892 2249 aliqua
923 2187 1013 2226 causa
1031 2165 1078 2225 illi
1099 2166 1262 2224 miscetur:
1291 2163 1351 2223 ali·

274 2250 401 2333 qnando
445 2261 544 2308 autem
579 2254 795 2333 concupiscat,
844 2274 900 2312 nec
937 2253 963 2310 ei
995 2254 1177 2324 misceatur,
1215 2268 1346 2330 poenam

93 2357 192 2403 nomin·
204 2351 262 2414 turri
274 2349 398 2396 tamense
434 2347 464 2393 ct
500 2333 562 2394 hoc
588 2335 787 2401 forsitanlex
815 2336 976 2397 ostendere
1001 2335 1125 2408 voluit,
1151 2332 1242 2414 quod
1265 2345 1342 2391 utra·

94 2407 250 2511 ζζῑῗῗξξζῗῆ,
274 2441 335 2503 quc
365 2430 490 2502 peccata
532 2421 601 2478 sint
656 2420 698 2478 Et
725 2422 756 2479 in
784 2419 845 2480 linc
878 2421 1016 2501 ejusdcm
1050 2420 1264 2500 quaestionist
1284 2414 1339 2501 (Si

92 2512 168 2562 σθω·
274 2506 351 2566 liarti
373 2505 497 2563 nomine
525 2501 604 2562 bene
631 2499 815 2586 intelligitur
840 2509 938 2565 omnis
972 2505 1080 2564 illicita
1116 2503 1280 2584 usurpatio
1302 2500 1343 2557 rei

273 2590 403 2651 alienae:
434 2608 497 2647 non
516 2590 595 2647 enim
616 2592 754 2670 rapinam
772 2593 926 2671 permisit,
956 2591 1008 2668 qui
1028 2588 1146 2647 lurtum
1167 2583 1343 2668 prohibuit:

273 2674 326 2734 sed
350 2675 459 2754 utique
484 2694 500 2732 a
524 2685 612 2755 parte
635 2685 735 2733 totum
761 2674 890 2756 intelligi
912 2672 1012 2733 voluit
1020 2670 1225 2751 ,’quidqnid
1246 2669 1343 2728 illicite

270 2779 372 2817 rerum
412 2757 739 2838 proximiaulertur:
783 2759 928 2838 profecto
965 2769 995 2815 et
1030 2757 1157 2814 nomine
1191 2752 1344 2814 moechiae

270 2846 368 2903 omnis
391 2841 517 2900 illicitus
543 2839 749 2916 concubitus,
779 2854 872 2921 atque
897 2841 1023 2901 illorum
1047 2838 1266 2898 membrorum
1288 2855 1345 2894 non

270 2927 425 3008 legitimus
445 2945 518 2985 usus
548 2923 729 3006 prohibitus
756 2924 848 2984 debet
875 2926 1014 3008 intelligi.
1057 2922 1099 2982 Et
1122 2923 1213 3004 quod
1235 2924 1346 2981 dictum

108 3025 330 3088 Quintinae-est:
369 3010 438 3070 Non
472 3009 615 3068 occides:
656 3029 719 3068 non
757 3009 930 3090 putandum
968 3021 1012 3069 est
1050 3005 1119 3066 ficri
1152 3019 1266 3067 contra
1290 3005 1345 3065 hoc

15 3108 25 3119 .
94 3086 154 3136 cepti
164 3079 234 3131 expli.

94 3135 165 3168 mm,
269 3109 485 3180 praeceptum,
519 3092 646 3174 quando
671 3094 717 3153 lex
742 3095 876 3168 occidit,
903 3092 950 3152 vel
980 3092 1080 3154 occidi
1105 3091 1245 3172 aliquem
1268 3088 1346 3148 Deus

268 3179 368 3260 jubet.
413 3179 470 3238 Ille
498 3181 578 3236 enim
606 3178 701 3255 facit,
743 3180 798 3259 qui
833 3177 942 3258 jubet,
984 3176 1108 3259 quando
1143 3176 1346 3235 ministerium

267 3285 378 3348 negare
402 3285 465 3324 non
486 3262 569 3322 licet.
1168 3284 1173 3292 ·

352 3362 380 3414 2.
424 3345 532 3406 IDEM
564 3347 596 3405 in
624 3345 736 3406 Psalm.
762 3360 812 3414 32.
839 3368 927 3407 conc.
957 3360 1002 3413 1.:
1036 3346 1109 3405 Cum
1137 3342 1275 3405 attendis
1299 3361 1347 3402 sn·

267 3433 393 3517 periora
421 3430 502 3490 dona
524 3430 605 3507 Dei,
629 3430 705 3512 quid
730 3430 788 3490 tibi
815 3431 984 3491 contulerit
999 3441 1250 3513 praeceptorum,
1278 3427 1346 3508 quia

269 3516 412 3578 doctrina
449 3512 570 3573 caelesti
605 3526 635 3575 te
658 3513 823 3589 imbuerit,
861 3517 936 3594 quid
960 3514 1015 3573 tibi
1036 3515 1170 3594 desuper
1200 3534 1236 3572 ex
1268 3511 1347 3570 illius

267 3602 405 3661 veritatis
424 3599 510 3658 fonte
528 3602 738 3680 praeceperit,
770 3612 951 3659 convertere
974 3612 1003 3657 et
1026 3599 1064 3656 ad
1080 3597 1291 3670 Psalterium,
1322 3605 1349 3653 et

91 3706 224 3764 ”tvl-‚²⁴⁸
251 3684 364 3768 ‚psalle
399 3684 535 3743 Domino
569 3684 599 3741 in
630 3684 778 3765 psalterio
806 3684 909 3742 decem
933 3682 1130 3742 chordarum.
1175 3679 1298 3740 Praece
1321 3693 1349 3738 ta

88 3752 348 3854 illill‘fmllcnim
382 3766 456 3850 legis
485 3767 589 3826 decern
628 3779 708 3828 sunt.
761 3768 797 3827 In
820 3768 924 3828 decem
949 3768 1120 3849 praeceptis
1154 3764 1230 3848 legis
1256 3702 1349 3824 balles

89 3853 173 3941 {2121er
189 3852 257 3939 ῗξξξζ
269 3853 456 3935 psalterium.
507 3851 650 3912 Perfecta
682 3874 729 3912 res
772 3865 825 3913 est.
877 3853 977 3911 llabes
1002 3852 1044 3913 ibi
1068 3849 1271 3910 dilectionem
1296 3848 1351 3906 Dei

91 3914 299 4002 merop-enin
333 3936 454 4011 tribus,
488 3948 518 3996 et
554 3937 750 3997 dilectionem
785 3940 917 4019 proximi
951 3939 980 3995 in
1004 3949 1127 4018 septem.
1174 3933 1218 3993 Et
1239 3940 1351 4014 utique

88 4006 162 4088 iiiiii
182 4023 351 4096 „ntnosti
380 4019 506 4087 domini>
529 4020 669 4096 dicente,
707 4024 781 4102 quia
805 4024 834 4079 in
860 4021 906 4079 his
930 4019 1055 4080 dnobus
1078 4021 1256 4102 praeceptis
1282 4030 1349 4077 tota

24 4114 33 4124 ‘
89 4099 149 4136 Μ
170 4107 217 4143 Μ·
268 4108 314 4168 lex
335 4103 449 4188 pendet
477 4114 508 4161 et
538 4103 719 4186 prophetae.
746 4106 859 4167 ,Dicit
880 4106 938 4164 tibi
962 4105 1070 4163 DEUS
1093 4104 1250 4185 desuper,
1275 4104 1351 4184 quia

101 4149 157 4185 tour.
226 4176 232 4189 .

88 4147 221 4240 lffiffllsss
266 4193 418 4252 Dominus
441 4187 525 4246 Deus
548 4199 620 4247 tuus
641 4188 725 4249 Deus
747 4211 826 4249 unus
848 4201 902 4248 est.
946 4188 1047 4249 Habes
1066 4186 1347 4248 uuam-chordam.

262 4275 335 4339 Non
355 4272 489 4357 accipias
510 4273 544 4334 in
564 4293 676 4334 vanum
696 4294 808 4336 nomen
831 4272 960 4337 Domini
981 4274 1041 4336 Dei
1062 4275 1126 4353 tui:
1147 4269 1248 4335 babes
1270 4270 1351 4336 alte·
