2768 4762
201 326 205 333 ⁴
253 372 348 450 326·
466 404 467 407 =
505 356 511 370 ’
566 364 626 424 DE
659 357 919 424 stultate
954 355 1021 416 ET

256 572 291 612 ea
310 547 434 630 quidem
455 546 532 607 urbs
553 528 748 621 Phoenicea,
785 566 879 628 quam
899 539 1072 605 Paneadem
1091 537 1221 616 vocant)
1244 556 1339 620 prae-

259 635 374 695 claram
397 651 461 691 esse
488 629 651 692 CHRISTI
673 633 830 706 statuam,¹
847 649 939 711 quam
956 624 1085 699 mulier,
1108 644 1187 704 quae
1211 623 1341 704 saugui-

260 701 306 795 nis
327 714 487 800 profluvio
504 714 690 791 laborabat,
712 735 783 776 cum
806 726 886 774 esset
905 709 1017 773 morbo
1035 707 1183 783 liberata,
1206 705 1253 766 ibi
1272 705 1341 766 col·
1367 734 1371 741 ·

83 814 212 866 sponsu·
232 813 250 851 ἰ·
261 803 439 878 locaverat,
474 820 540 861 eam
569 799 764 870 deturbavit,
800 819 948 879 suamque
971 797 1002 854 in
1033 795 1100 874 ejus
1123 793 1194 853 loco
1214 793 1339 874 posuit.

83 863 459 962 ii‘¹li'0ils⁰si*Qu01sacto,
493 885 572 968 ignis
601 882 754 945 violentus
781 885 821 944 de
849 882 933 942 caelo
954 878 1112 960 delapsus,
1147 889 1281 950 statuam
1304 873 1343 933 il-

263 971 322 1032 lam
356 971 482 1029 circiter
502 953 809 1052 pectus'persecuit,
843 990 877 1027 ca
902 979 999 1046 utque
1017 984 1081 1030 ,una
1105 982 1176 1021 eum
1199 960 1287 1021 collo
1311 960 1341 1018 in

264 1068 378 1116 terram
401 1053 537 1132 dejecit,
573 1065 665 1134 atque
688 1055 718 1113 iu
753 1055 861 1114 faciem
880 989 968 1112 humi
992 1069 1026 1108 ea
1058 1050 1088 1105 in
1110 1059 1200 1128 parte
1224 1042 1341 1119 defixit,

265 1159 344 1221 quac
375 1137 476 1197 fuerat
510 1157 528 1197 a
561 1149 689 1218 pectore
711 1136 839 1198 divulsa.
896 1136 942 1195 Ex
964 1154 1029 1215 quo
1052 1131 1176 1212 quidem
1199 1143 1342 1215 tempore

102 1251 241 1311 cragnani,
265 1224 304 1284 ad
338 1221 525 1282 hodiernum
554 1222 634 1281 diem
665 1233 731 1281 atra
764 1235 910 1303 tanquam
942 1219 1078 1278 fulminis
1112 1218 1177 1273 ictu
1200 1214 1343 1275 ambusta

86 1301 375 1391 *cfflffffflmanet
431 1306 469 1384 ld
491 1308 639 1388 temporis
661 1307 755 1388 igitur
777 1305 914 1367 Gentiles
936 1316 1064 1363 statuam
1087 1299 1254 1359 CHRISTI
1274 1312 1342 1358 tan-

87 1400 160 1488 ‘4'5212
178 1406 298 1454 auaro-ta
319 1411 388 1450 cum
410 1390 557 1450 violentia
579 1389 766 1466 trahebant,
788 1404 823 1451 ut
842 1411 906 1450 eam
928 1387 1177 1468 confringerent3
1200 1395 1234 1443 at
1250 1381 1342 1442 Chri·

139 1472 145 1487 '
267 1477 357 1538 stiani
388 1488 496 1557 postea
525 1475 592 1555 ejus
617 1475 786 1558 fragmenta
807 1497 877 1536 eum
900 1472 1112 1554 collegissent,
1146 1471 1176 1526 in
1200 1466 1341 1528 Ecclesia

266 1571 463 1646 posuerunt,
501 1558 556 1618 ubi
590 1562 681 1618 etiam
709 1559 811 1619 adhuc
844 1557 1031 1620 custoditur.
1077 1551 1223 1628 Erbasi,
1248 1571 1341 1634 supra

268 1665 360 1727 quam
392 1642 469 1704 haec
486 1656 586 1703 statua
605 1643 705 1704 locata
728 1657 811 1720 erat,
834 1642 932 1703 herba
960 1639 1131 1722 quaedam,
1166 1642 1215 1696 uti
1237 1647 1342 1705 narrat

111 1790 113 1795 ,
267 1727 441 1803 Eusebius,
474 1742 553 1809 quae
583 1728 701 1788 morbis
736 1731 890 1810 cujusque
912 1727 1029 1809 generis
1051 1721 1168 1782 mederi
1190 1720 1286 1798 solet,
1309 1741 1339 1779 c·

98 1825 219 1883 autentu·
233 1831 260 1866 ut
269 1810 470 1872 nascebatur:
494 1833 573 1894 quae
597 1814 721 1894 quidem
743 1816 833 1894 cujus
861 1814 980 1896 generis
1002 1821 1089 1883 esset,
1111 1828 1201 1867 nemo
1216 1818 1345 1866 nostro-

78 1886 170 1928 '⁸¹¹¹’'⁰'
269 1918 338 1956 rum
372 1896 582 1971 medicorum,
617 1900 671 1976 qui
704 1897 752 1956 vel
786 1899 914 1958 seientia
934 1892 1077 1956 valebant
1097 1891 1263 1968 medendi,
1297 1887 1341 1948 vel

269 1982 476 2063 experientia,
501 1983 626 2040 omnino
649 1983 745 2039 novit.

118 2136 129 2163 ,
360 2077 408 2130 12.
451 2063 714 2123 arcaraoaus
737 2063 853 2124 catast.
875 2039 909 2122 nl
930 2063 973 2124 11.
1005 2021 1076 2123 nise
1098 2059 1179 2120 acet.
1201 2079 1270 2140 cap.
1298 2071 1346 2123 a:

90 2167 260 2222 inanima.
273 2147 443 2227 Postquam
466 2145 607 2230 Angarus
631 2150 748 2229 scripto
770 2170 828 2209 suo
841 2149 1027 2230 persuadere
1051 2142 1233 2216 CHRISTO,
1252 2141 1347 2240 quod

93 2218 263 2324 ffsspssdssgssssl‘}
274 2231 421 2291 voluisset
455 2234 507 2308 (ut
537 2231 655 2292 scilicet
688 2232 726 2292 ad
758 2254 790 2292 se
811 2235 950 2306 veniret,
991 2238 1168 2316 ipsumque,
1191 2247 1259 2308 quo
1283 2247 1344 2308 Jam

93 2317 262 2408 :photiniaco-
275 2314 394 2376 dudum
422 2314 633 2399 allligebatur,
672 2318 841 2379 inveterato
876 2317 991 2407 mprbo
1013 2317 1174 2394 liberaret)
1195 2333 1263 2372 non
1284 2332 1342 2392 po·

268 2402 349 2476 tuit,
386 2399 548 2483 desperato
571 2400 669 2461 JESU
690 2415 822 2484 propter
844 2422 1027 2484 responsum
1048 2410 1210 2481 acceptum
1230 2396 1336 2457 adven·

267 2497 322 2553 tu,
357 2485 434 2565 quid
473 2497 597 2567 caperet
636 2485 758 2547 consilii
790 2489 949 2564 incertus,
991 2490 1028 2546 eo
1062 2498 1186 2558 tamen,
1224 2500 1288 2562 quo
1309 2481 1340 2537 in

268 2568 478 2630 CHRISTUM
499 2569 663 2630 tenebatur
685 2572 861 2648 desiderio,
895 2569 1073 2654 perculsus,
1103 2571 1257 2651 pictorem
1280 2565 1342 2622 exi-

266 2655 361 2712 mium
385 2654 426 2714 ad
463 2657 666 2730 cummisit,
694 2658 799 2736 eique,
832 2658 868 2717 iat
890 2657 1053 2740 diligenter
1077 2666 1109 2714 et
1129 2664 1274 2713 accurate
1297 2649 1343 2707 sa-

268 2739 345 2796 eiem
379 2741 447 2819 ejus
480 2740 512 2797 iu
544 2743 668 2821 pictura
692 2740 869 2824 effingeret,
894 2742 1114 2824 imaginemque
1135 2758 1197 2820 pro
1222 2733 1343 2794 deside-

267 2835 337 2882 rato
364 2822 419 2882 illo
442 2821 501 2882 sibi
524 2822 664 2899 afferret,
688 2825 857 2906 imperavit
902 2824 944 2885 Et
967 2825 1019 2884 ille
1042 2822 1167 2905 quidem
1177 2822 1274 2895 venit,
1297 2829 1342 2878 at-

267 2927 328 2987 que
359 2908 392 2966 in
423 2906 495 2968 loco
518 2908 694 2968 sublimiori
717 2921 820 2985 stans,
855 2912 982 2992 pingere
1002 2908 1118 2969 Christi
1140 2905 1287 2979 vultum,
1310 2914 1344 2962 ut

267 2988 415 3067 decebat,
438 2990 619 3053 conabatur.
664 2993 770 3069 Quum
792 3015 866 3054 vero
889 3007 1034 3077 coeptum
1056 3013 1135 3074 opus
1156 3012 1221 3049 non
1235 3008 1344 3048 succe-

266 3073 370 3150 deret,
405 3074 542 3149 (divinus
573 3079 692 3159 quippe
725 3076 874 3158 splendor
903 3091 935 3139 et
967 3082 1063 3161 gratia
1094 3080 1126 3136 in
1160 3074 1252 3134 vultu
1275 3074 1343 3152 ejus

136 3236 150 3247 ..
267 3179 450 3235 coruscans,
492 3162 711 3243 impedimento
735 3174 801 3222 erat
848 3184 881 3222 re
914 3184 950 3224 ea
971 3165 1096 3246 cognita
1118 3160 1256 3220 salvator
1279 3171 1345 3217 tct-

89 3239 254 3337 tagi¹rih⁰iaii
266 3255 333 3302 tum
356 3244 470 3304 lineum
489 3258 586 3327 pettt,
621 3248 652 3303 in
675 3267 775 3327 eoque
796 3249 884 3330 prius
909 3246 976 3309 loto
1000 3249 1107 3307 faciem
1131 3266 1216 3306 suam
1238 3243 1345 3324 expri-

86 3333 202 3425 fflss'sslm
214 3353 254 3381 no·
265 3331 342 3405 mit,
381 3341 411 3389 et
442 3328 481 3388 ad
503 3333 523 3406 †
545 3329 702 3412 Angarum
734 3333 836 3393 mittit.
881 3333 1004 3393 Dicitur
1026 3351 1154 3413 quoque
1174 3329 1344 3388 Persarum

177 3412 184 3424 '
267 3433 320 3471 rex
345 3434 438 3472 manu
458 3417 642 3496 ingenioque
678 3431 859 3500 promptum
892 3421 1044 3499 pictorem
1065 3417 1201 3488 misisse,
1232 3425 1266 3473 et
1287 3431 1344 3496 per

265 3494 348 3554 hunc
372 3498 502 3558 ferventi
525 3497 598 3558 fidei
621 3499 795 3577 desiderio,
818 3501 908 3561 simul
931 3515 962 3563 et
982 3504 1078 3585 ipsius
1102 3497 1292 3572 CHRISTI,
1315 3506 1347 3555 et

265 3601 344 3660 quae
372 3603 441 3641 eum
468 3583 574 3642 divino
597 3583 690 3644 modo
714 3588 837 3666 genuit,
874 3588 998 3661 matris,
1022 3607 1114 3669 quam
1135 3581 1300 3643 celerrime
1318 3582 1347 3640 i-

265 3667 414 3746 maginem
437 3666 589 3751 dcpictam
611 3671 772 3749 accepisse.
815 3670 918 3751 Atque
940 3671 1015 3731 haec
1042 3670 1166 3752 quidem
1188 3688 1224 3728 ex
1246 3665 1345 3726 tabu-

264 3746 349 3807 lariis
369 3763 400 3809 ct
425 3751 559 3812 archivis
581 3753 711 3813 civitatis
737 3753 887 3830 Edessae,
911 3778 988 3836 qnae
1014 3769 1078 3816 tum
1100 3754 1182 3835 regia
1207 3750 1348 3810 admini-

263 3833 420 3894 strabatur
436 3849 598 3918 potestate,
620 3837 870 3919 suntdcsurnpta.
906 3841 1044 3900 Fuerant
1057 3841 1136 3899 enim
1158 3839 1188 3895 in
1212 3835 1346 3918 publica

263 3914 417 3979 librorum
431 3936 624 3982 monumenta
638 3923 742 3982 relata.
753 3922 794 3981 Et
806 3922 878 3982 libri
891 3925 929 3983 de
938 3925 1052 4008 Angari
1064 3922 1156 3984 rebus
1166 3921 1345 4002 conscripti

263 3999 338 4062 haec
362 4025 489 4086 quoque
512 4006 807 4088 complectebantur,
831 4029 866 4067 ex
888 4009 1039 4084 Syrorum
1064 4010 1167 4092 lingua
1179 4005 1345 4065 translata.

84 4111 252 4173 secespita„
349 4101 396 4154 15.
442 4089 497 4145 ET
518 4092 654 4167 ejusdem
677 4092 711 4150 L.
735 4112 760 4150 c.
783 4098 857 4161 ήδη·
879 4093 992 4154 Fertur
1014 4097 1112 4154 Lucas
1128 4110 1257 4173 quoque
1273 4090 1347 4172 pri-

84 4167 251 4257 ξζῗξὴζῇζξ·
262 4191 348 4247 mus,
370 4172 550 4247 CHRISTI,
573 4187 603 4233 et
626 4197 705 4256 quae
737 4196 804 4234 eum
826 4177 868 4235 ita
880 4218 889 4251 ,
913 4190 949 4238 ut
969 4180 1089 4238 DEUM
1112 4174 1264 4245 decebat,
1289 4195 1348 4257 gc·

84 4259 111 4298 Β·
127 4260 238 4314 vagant..
263 4257 348 4333 nuit,
379 4259 503 4333 matris,
540 4270 632 4341 atque
658 4264 732 4322 item
757 4262 937 4344 principum
956 4262 1185 4346 Apostolorum
1206 4256 1348 4343 ssffissiffl
