2768 4762
377 406 382 415 ·
478 366 815 477 sunnone
1112 346 1257 457 ,μ’

115 565 197 651 qnod
218 561 314 626 bodie
335 572 399 637 est,
420 571 452 622 et
470 579 538 623 cras
561 560 595 620 in
616 557 773 621 clibanum
793 558 948 641 mittitur,
969 557 1056 625 Deus
1077 562 1188 630 sicne*-
1237 633 1240 647 ι

114 678 184 752 stit,
206 682 326 755 quanto
347 669 444 751 magis
470 688 526 730 voa
546 669 690 729 minimae
710 665 806 730 fideii

198 800 296 864 Hebr.
317 798 429 861 xlii:
463 797 532 859 Sint
550 817 653 860 morea
675 798 740 858 sine
761 797 910 875 avaritia,
932 802 1071 862 contenti
1095 822 1189 885 prae-

114 908 264 970 sentibus.
318 907 390 990 Ipse
421 907 502 966 enim
524 906 620 982 dixit,
652 923 717 965 non
737 914 767 964 te
789 903 948 982 deseram,
976 927 1078 990 neque
1100 890 1192 971 dere-

119 1016 277 1097 linquam,
310 1016 353 1074 ita
374 1025 411 1074 nt
432 1009 802 1089 confidenter-dicamus,
838 1011 980 1077 dominns
999 1019 1075 1081 mibi
1096 1017 1193 1101 adju.

115 1135 186 1183 tor:
210 1141 274 1183 non
298 1120 433 1198 timebo,
457 1121 535 1204 quid
557 1120 650 1183 faciat
669 1117 745 1182 mibi
767 1119 874 1181 bom'o'.

202 1252 229 1311 1.
250 1250 387 1313 Timotb.
421 1248 499 1312 Νι
535 1239 703 1335 ¹speramus
737 1253 769 1311 in
790 1250 891 1310 Deum
913 1253 1036 1332 rivum,
1070 1257 1126 1340 qni
1148 1212 1193 1325 esi

126 1357 262 1419 salvator
285 1361 422 1421 omnium
444 1354 620 1434 hominnm,
642 1358 767 1418 maxime
789 1351 936 1418 fidelium.

206 1487 289 1549 lbid.
321 1485 400 1552 VLt
430 1487 534 1565 Quem
566 1487 675 1563 (issum
708 1484 884 1563 Cnnraruu')
919 1486 981 1547 suis
1003 1487 1196 1571 temporibus

122 1592 265 1656 ostendet
292 1591 400 1653 beatus
434 1605 467 1654 et
486 1590 572 1653 solus
601 1601 732 1673 potens,
753 1592 820 1652 Rex
843 1610 968 1674 regum,
998 1603 1030 1655 et
1049 1595 1196 1657 Donatius

130 1701 376 1784 dominantium,
408 1701 464 1781 qui
499 1696 584 1759 solus
619 1696 714 1759 habet
734 1698 1017 1776 immortalitatem,
1048 1711 1079 1762 et
1099 1698 1198 1765 lucem

132 1803 285 1865 inhabitat
307 1805 561 1869 inaccessibilem:
600 1820 691 1887 quem
712 1804 816 1881 nulius
836 1802 998 1869 bominum
1018 1800 1113 1885 vidit,
1138 1806 1203 1868 sed

127 1931 185 1970 nac
206 1910 309 1973 ridere
326 1900 436 1994 potest.
481 1911 549 1971 Cui
571 1909 676 1973 honor
696 1923 729 1970 et
751 1891 913 1994 imperinm
933 1915 1163 1997 sempiternum.
1185 1960 1189 1967 -

215 2016 302 2079 Rom.
324 2018 394 2081 XL:
427 2018 475 2081 Ex
494 2020 583 2103 ipso,
621 2030 652 2081 et
682 2039 739 2103 per
769 2020 889 2103 ipsum,
927 2030 958 2085 et
977 2020 1011 2081 in
1043 2022 1113 2105 ipso
1135 2032 1208 2087 sunt

123 2144 233 2187 omnia·
997 2126 1002 2146 ¹

209 2231 335 2294 iacob
357 2233 397 2294 I.:
431 2233 530 2295 Omne
564 2233 670 2294 datum
700 2239 870 2318 optimum,
908 2245 940 2297 et
971 2214 1063 2295 omne
1085 2233 1216 2313 donum¹

126 2339 300 2423 perfectum
322 2341 483 2400 desursum
516 2352 578 2416 est,
602 2340 788 2402 descendens
811 2352 929 2426 epatre
941 2341 1101 2419 luminum,
1121 2340 1206 2424 apud

131 2467 224 2530 quem
240 2467 304 2506 non
327 2458 372 2506 est
391 2447 628 2521 transmutatio,
669 2465 727 2505 uec
746 2447 965 2510 vicissitudinis
993 2447 1203 2511 obumbratio.

218 2552 259 2611 11.
283 2550 485 2610 Corinth.
509 2551 551 2609 L:
582 2549 765 2611 Benedictus
798 2554 883 2612 Deus
905 2565 945 2626 ‚et
965 2567 1054 2636 pater
1074 2555 1202 2619 Domini

131 2661 235 2723 nostri
254 2677 322 2720 insu
345 2677 479 2732 aursni,
511 2667 600 2738 pater
631 2657 916 2729 misericordiarum
947 2670 977 2720 et
997 2660 1080 2719 Dens
1102 2662 1199 2721 totins

131 2764 375 2847 consolationis,
415 2766 470 2848 qui
515 2763 695 2847 consolatur
728 2785 786 2826 nos
818 2767 851 2827 in
883 2766 968 2831 omni
999 2763 1200 2829 tribulatione

129 2886 248 2938 nostra.
1189 2934 1193 2947 .

213 2979 300 3041 Act.
321 2978 423 3042 XIV.:
453 2978 682 3042 Annuncinntes
712 2979 801 3044 vobis
824 2979 863 3042 ab
885 2979 934 3042 his
955 2980 1041 3041 vanis
1064 2980 1204 3040 converti

133 3086 172 3150 ad
204 3089 306 3150 Deum
333 3089 452 3165 vivum,
496 3090 549 3171 qui
572 3088 648 3151 iecit
669 3088 785 3150 caelum
808 3100 838 3150 et
858 3101 989 3164 terram,
1018 3099 1048 3148 et
1068 3098 1204 3148 marcet

135 3198 255 3273 omnia,
291 3216 371 3279 quac
392 3197 424 3256 in
449 3197 490 3255 eis
513 3207 599 3270 sunt,
628 3218 681 3278 qur
704 3199 735 3255 in
756 3196 930 3279 praeteritis
953 3191 1201 3277 generationibus

115 3284 251 3364 ¹dimisit
271 3323 374 3364 omnes
396 3315 500 3386 gentes
523 3303 642 3385 ingredi
662 3305 723 3362 vias
745 3323 824 3368 suas.
867 3300 909 3361 Et
931 3300 1055 3383 quidem
1077 3321 1141 3361 non
1159 3303 1202 3360 si·

136 3428 176 3470 ne
196 3411 374 3472 testimonio
392 3412 584 3492 semetipsum
602 3405 737 3488 reliquit,
757 3406 950 3477 benefaciens
961 3406 999 3467 de
1016 3405 1112 3485 caelo,
1127 3406 1200 3468 dans

87 3584 92 3591 ,
136 3515 258 3599 pluvias
281 3530 312 3580 et
331 3531 472 3602 tempora
493 3514 667 3592 fructifera,
689 3512 817 3596 implens
839 3512 912 3576 cibo
933 3526 964 3576 et
985 3511 1099 3577 laetitia
1128 3504 1201 3578 cor·

129 3621 170 3686 da
189 3637 307 3688 nostra.
577 3600 586 3610 ⁸
823 3702 835 3713 Ι
971 3614 974 3619 ’

217 3732 313 3793 Luc.
346 3731 423 3794 XL:
459 3730 625 3795 Ostendam
659 3726 769 3804 robis,
807 3748 897 3811 qnam
924 3733 1066 3791 anesus:
1099 3733 1201 3793 timete

136 3818 230 3914 enm,
260 3839 313 3920 qui
334 3851 498 3923 postquam
521 3839 691 3916 occiderit,
713 3835 808 3897 babet
827 3846 1009 3921 potestatem
1030 3839 1150 3899 mittere
1170 3840 1203 3899 in

133 3943 313 4031 gebennam.
534 3980 537 3984 -
776 3980 782 4003 ι

219 4053 365 4115 Genea.
399 4052 517 4115 xm:
550 4052 619 4136 Ego
648 4052 801 4114 Dominus
832 4053 1045 4135 omnipotens:
1077 4049 1202 4113 ambula
1246 4118 1250 4137 .

132 4181 238 4225 coram
258 4182 326 4242 me,
359 4173 390 4224 et
410 4173 476 4223 esto
496 4160 663 4246 perfectus.
706 4157 860 4243 Daboque
879 4158 940 4221 tibi
959 4169 992 4220 et
1013 4160 1120 4221 semini
1146 4172 1202 4223 tuo
