2768 4762
932 256 962 298 *a

191 438 195 444 ⁸
256 316 372 443 ms
629 359 701 426 oa
738 359 885 429 rina
913 359 991 491 Ιιιι

254 545 336 612 tabit
354 543 552 632 raperillos.
593 541 666 608 Non
690 545 828 629 esurient
846 567 949 632 neque
971 543 1084 611 sitient'
1102 548 1253 637 amplios,
1273 572 1335 617 nec

95 711 113 722 ι.
203 744 204 749 ¹
241 657 345 749 'cadet
366 672 462 738 super
482 652 556 715 illos
583 651 651 730 sol,
680 674 782 738 neque
805 655 890 719 nllus
912 667 1031 719 aestuas
1063 659 1212 739 quoniam
1232 680 1333 744 agnus

203 802 204 809 ι
255 764 309 846 qui
331 764 362 823 in
384 758 488 822 medio
509 757 617 822 throni
641 773 706 841 est,
729 775 816 847 reget
834 761 929 843 illos,
950 775 983 826 et
1002 762 1136 829 deducet
1157 790 1210 832 eos
1231 771 1271 832 ad
1284 773 1335 834 ri·

255 882 305 932 tae
334 869 438 930 fontes
467 865 639 950 aqn'arnm,
671 881 702 931 et
725 867 881 954 absterget
913 868 1000 961 Dens
1022 892 1143 934 omnem
1156 873 1335 959 *laerymam

257 976 298 1041 ab
320 975 419 1039 oculis
442 993 561 1035 eorum.
591 988 605 1001 ·'

235 1134 238 1140 ,
324 1081 464 1166 „Apoet
486 1080 592 1148 xx1.=
608 1127 612 1137 .
627 1077 703 1142 Vidi
726 1093 860 1143 sanctam
882 1093 1036 1145 civitatem
1055 1083 1259 1176 Hierusalem
1272 1108 1336 1149 no-

244 1210 349 1267 Ιιιιιι,
371 1185 606 1250 descendentem
625 1187 664 1248 dc
689 1178 815 1265 caelo,
826 1184 929 1251 aDeo
952 1203 1108 1273 paratam,
1130 1193 1212 1283 sient
1233 1214 1335 1276 spon·

258 1290 488 1399 affirmatam
510 1297 579 1357 viro
605 1316 685 1374 suo3
714 1309 747 1357 et
767 1295 870 1357 andivi
892 1317 999 1358 vocem
1020 1318 1158 1382 magnam
1181 1297 1219 1360 de
1240 1298 1335 1361 thro-

150 1396 155 1403 ’
184 1417 187 1423 ’
212 1396 218 1413 ”
257 1426 318 1484 no,
340 1402 512 1469 dicentem.
536 1386 620 1464 Eece
641 1398 873 1464 tabernaculum
895 1403 954 1462 Dei
977 1424 1046 1463 enm
1067 1402 1280 1497 hominibus,
1302 1418 1336 1468 et

258 1510 415 1575 habitabit
445 1531 514 1572 cnm
545 1510 611 1587 eis,
644 1522 674 1569 et
711 1511 769 1594 ipsi
802 1508 958 1595 populns
975 1510 1041 1594 ejus
1068 1523 1181 1572 eruntr
1214 1524 1245 1571 et
1267 1512 1335 1595 ipse

196 1599 205 1622 ἱ
257 1618 342 1681 Deu's
367 1641 436 1701 eum
470 1617 513 1677 eis
535 1617 595 1676 erit
622 1636 730 1676 eorum
751 1615 850 1678 Dens:
881 1627 912 1679 et
932 1615 1087 1702 absterget
1106 1617 1190 1678 Dens
1212 1639 1334 1678 omnem

222 1768 224 1773 »
258 1725 425 1822 lacrymam
446 1723 485 1787 ab
504 1721 603 1785 oculis
627 1744 752 1784 eornm:
782 1735 813 1784 et
831 1744 916 1785 mors
936 1724 1021 1785 ultra
1042 1744 1106 1784 non
1130 1723 1191 1784 erit
1200 1743 1334 1806 ‚neque

203 1854 215 1887 .‘
260 1833 362 1895 lnetus
376 1851 509 1914 ,neque
532 1829 668 1904 clamor,
692 1851 792 1912 neque
814 1828 984 1891 doloresit
1005 1829 1107 1910 ultra,
1130 1851 1209 1914 qnae
1230 1833 1333 1915 prima

261 1940 415 2002 abierunt
459 1937 525 2015 Qui
551 1940 680 2011 vicerit,
717 1932 890 2020 possidebit
921 1936 1011 1997 baec.
1043 1950 1073 1999 et
1094 1960 1148 2000 eru
1171 1938 1217 1998 illi
1238 1937 1335 2011 Deus,

263 2061 294 2109 et
306 2047 359 2107 ille
372 2046 432 2108 erit
442 2043 518 2109 mibi
529 2041 620 2104 filius.
642 2042 771 2103 Timidis
787 2057 887 2104 antem
902 2057 932 2105 et
941 2042 1119 2120 incredulis,
1143 2055 1174 2103 et
1185 2045 1333 2105 execratis

262 2164 294 2214 et
312 2150 477 2213 homicidis
485 2139 507 2228 ,⁵
525 2161 557 2210 et
576 2149 822 2212 fornicatoribus
852 2165 883 2212 et
902 2149 1069 2227 veneficis,
1092 2160 1123 2210 et
1144 2147 1335 2228 idololatris,

262 2271 294 2321 et
328 2257 472 2320 omnibns
507 2255 730 2335 mendacibus,
762 2279 836 2342 pars
864 2257 991 2320 illorum
1014 2258 1074 2319 erit
1091 2248 1132 2318 in'
1150 2268 1257 2343 stagno
1282 2278 1337 2317 ar·

262 2363 348 2427 denti
369 2368 438 2450 igne
459 2377 489 2426 et
513 2356 683 2446 sulpb'irre,
707 2359 795 2448 qnod
817 2378 863 2427 est
883 2357 969 2426 mors
991 2363 1133 2427 secunda
1175 2362 1218 2423 Et
1237 2363 1336 2447 paulo

261 2485 352 2558 post:
385 2472 427 2532 Et
447 2470 572 2532 sustulit
593 2493 640 2530 me
660 2473 692 2532 in
725 2474 839 2556 spiritu
862 2474 893 2533 in
915 2484 1050 2532 montem
1072 2491 1215 2555 magnum
1237 2483 1268 2531 et
1289 2471 1337 2531 al-

260 2593 344 2655 tum,
367 2593 398 2641 et
421 2577 558 2642 ostendit
578 2576 655 2637 mibi
678 2582 831 2641 civitatem
853 2591 986 2641 sanctam
1005 2577 1195 2640 Hierusalem
1209 2577 1338 2639 descen-

259 2685 381 2758 dentem
414 2686 454 2748 de
489 2685 575 2746 eaelo
602 2688 724 2764 aDeo,
755 2685 918 2777 habentem
939 2683 1109 2747 claritatem
1131 2685 1207 2761 Dei,
1230 2696 1260 2744 et
1285 2682 1337 2769 lu-

256 2816 327 2856 men
356 2796 425 2877 ejns
456 2792 555 2854 simile
585 2793 682 2877 lapidi
713 2794 854 2877 pretioso
877 2804 933 2854 etc.
986 2790 1030 2853 Et
1051 2792 1157 2853 civitas
1179 2812 1243 2850 non
1266 2801 1336 2875 eget

161 2975 164 2982 ι
222 2896 224 2900 '
258 2903 324 2963 sole
339 2920 440 2985 neque
467 2896 554 2985 luna,
586 2914 623 2961 ut
644 2901 767 2962 luceant
789 2901 821 2961 in
844 2921 887 2961 ea.
930 2897 1007 2960 Nam
1021 2899 1152 2966 ¹claritas
1174 2897 1233 2956 Dei
1259 2896 1336 2957 illu-

259 3007 390 3069 minabit
419 3024 501 3082 eam,
537 3019 568 3069 et
600 3008 728 3069 lucerna
755 3009 824 3089 ejus
856 3019 903 3068 est
923 3025 1026 3090 agnus.
1069 3003 1112 3067 Et
1132 3015 1242 3088 portae
1268 3006 1337 3086 ejus

260 3135 324 3177 non
355 3093 540 3175 claudentur
572 3135 630 3198 per
663 3115 759 3176 diem:
794 3116 958 3174 nonenim
979 3133 1042 3175 non
1064 3114 1125 3174 erit
1145 3109 1219 3171 illie.
1262 3109 1335 3170 Non

261 3220 422 3283 introbit
414 3241 445 3280 ιιι
469 3241 533 3280 eam
556 3222 686 3306 nliqnod
708 3223 959 3319 coinquinatum,
1000 3229 1054 3281 aut
1074 3198 1336 3280 abominationem

259 3322 377 3390 faciens
406 3339 437 3388 et
464 3330 677 3433 mendacium·
714 3331 773 3392 nisi
803 3330 859 3412 qui
888 3328 999 3458 scripti
1031 3341 1105 3443 sunt
1129 3328 1161 3387 in
1183 3323 1315 3385 libro
1287 3344 1336 3382 vt-

262 3446 311 3497 tae
336 3438 415 3519 agni.
539 3493 542 3501 ,
1048 3464 1070 3497 ιι
1250 3495 1254 3506 ,

347 3538 485 3625 Apoc.
507 3541 628 3606 XXII..
661 3543 743 3607 Ecce
764 3545 855 3606 venio
889 3542 973 3624 cito,
1006 3552 1037 3606 et
1057 3558 1172 3604 merces
1189 3556 1253 3602 mea
1268 3554 1335 3594 me-

264 3669 334 3713 emn
362 3660 409 3711 est
433 3648 563 3711 reddere
587 3654 755 3737 unicnique
772 3650 940 3712 secundnm
968 3670 1063 3734 opera
1078 3669 1141 3710 sna.
1168 3657 1173 3667 “

329 3757 455 3837 Rom.
487 3757 544 3817 II.:
584 3757 648 3836 Qui
677 3756 787 3821 reddet
809 3761 1005 3840 unicuiqne3
1039 3754 1209 3815 secundnm
1240 3768 1338 3834 opera

262 3867 330 3951 ejus
366 3867 402 3926 iis
440 3863 582 3948 quidem,
616 3869 672 3950 qui
703 3865 870 3928 seeundum
903 3862 1084 3948 patientiam
1117 3858 1195 3922 boni
1221 3855 1338 3942 operis,

263 3971 393 4060 gloriam
422 3984 453 4033 et
483 3969 636 4034 bonorem
670 3988 702 4036 et
725 3972 993 4057 incorruptionem
1030 3977 1206 4053 quaerunt,
1244 3966 1341 4026 vitam

264 4097 418 4147 aeternam
438 4069 539 4165 gloritl
562 4094 592 4142 et
615 4080 724 4144 bonor
746 4094 776 4143 et
795 4101 854 4165 pax
880 4080 963 4142 omni
977 4077 1120 4163 operanti
1146 4074 1276 4148 bonnm.
1330 4076 1333 4081 “

347 4188 408 4252 Tit.
430 4187 478 4250 L:
514 4187 630 4250 Paulus
667 4189 839 4274 Apostolus
861 4183 1030 4249 seeundum
1055 4183 1149 4253 fidem
1169 4180 1345 4242 electorum

216 4285 221 4291 ’
264 4297 326 4364 Dei
347 4311 379 4363 et
399 4295 587 4385 agnitionem
613 4295 770 4378 veritatis,
804 4313 884 4381 qnae
901 4292 1230 4378 secundumpietatem
1245 4298 1292 4373 ega
1309 4284 1342 4347 in
