2752 4770
403 366 811 509 recensata.
1066 434 1143 506 453

70 613 296 678 catholicorum
328 614 556 672 consensionem
592 609 803 690 rebellaverit,
838 616 1011 698 praeferant
1045 618 1141 699 partis

69 700 265 780 corruptioni
297 699 502 755 universitatis
536 699 758 778 integritatem:
787 700 822 756 ln
847 722 906 780 aqua
938 701 1040 760 eadem
1068 705 1141 760 uni-

70 787 213 869 ¹versitate
236 784 377 841 novitatis
401 782 601 862 profanitati,
623 784 811 862 antiquitatis
837 784 1029 866 religionem:
1052 792 1141 847 item-

70 891 133 952 que
167 870 197 926 in
224 868 289 949 ipsa
319 877 467 924 vetustate
494 867 588 941 tinius
612 866 676 925 sire
703 868 954 946 paucissimorum
978 873 1139 930 temeritati

69 955 205 1037 primum
231 952 365 1008 omnium
389 949 536 1030 generalia
558 971 582 1007 s1
613 970 673 1028 qua
701 962 771 1009 sunt
804 952 980 1012 errrirersalis
1008 954 1311 1024 Conciliiconmnuu.

67 1039 194 1097 decreta
218 1046 423 1116 praeponant,
456 1046 530 1092 tune
557 1033 667 1092 deinde
692 1036 716 1091 si
744 1034 775 1092 id
801 1036 898 1093 minus
921 1051 982 1111 est,
1005 1033 1244 1119 sequen-'⁰⁸⁸³’
1273 1033 1310 1072 ὼ·

67 1135 122 1182 tur
148 1116 233 1200 quod
258 1120 430 1199 proximum
457 1131 523 1193 est,
554 1116 723 1175 multorum
745 1131 837 1197 atque
861 1140 1039 1200 magnorum
1061 1083 1296 1183 00„.iiil¹i'ei›ia.

1147 1194 1196 1219 rum
1213 1193 1310 1219 COMOE-
1364 1210 1368 1216 .

66 1204 230 1265 sentientes
256 1201 314 1261 sibi
341 1204 499 1263 sententias
526 1203 760 1283 magistrorum:
797 1201 940 1279 Quibus,
972 1204 1233 1284 adjurantemnna
1258 1242 1311 1268 aas.

66 1290 221 1361 Domino,
254 1283 407 1361 fideliter,
427 1285 549 1360 sobrie,
577 1284 708 1344 sollicite
732 1284 920 1362 observatis,
950 1308 1010 1346 non
1030 1280 1286 1380 magnalfu'sslssss'ss„⁸⁶

68 1370 254 1443 difficultate
276 1373 382 1430 noxios
405 1391 548 1450 quosque
574 1371 796 1451 exsurgentium
827 1369 1049 1431 haeretieorum
1080 1376 1138 1435 de·

65 1455 295 1544 prehendemus
332 1476 458 1514 errores,
514 1454 572 1512 Hic
596 1455 659 1534 jam
682 1474 869 1534 consequens
890 1476 953 1514 esse
972 1457 1078 1529 rideo,
1102 1471 1139 1518 ut

65 1534 212 1623 exemplis
239 1540 459 1614 demonstrem,
482 1559 615 1618 quonam
635 1536 727 1597 modo
745 1539 891 1620 profanae
911 1539 1138 1603 haeretieorum

64 1622 390 1704 novitates,·pr0latis
413 1636 505 1702 atque
529 1621 649 1682 collatis
671 1634 806 1682 veterum
827 1626 1041 1706 magistrorum
1062 1647 1139 1685 con-

67 1706 268 1771 cordantibus
293 1707 414 1767 sibimet
439 1708 616 1783 sententiis,
649 1719 679 1766 et
710 1705 978 1787 deprehendantur
1006 1723 1036 1769 et
1059 1732 1138 1769 con·

67 1794 269 1855 demnentur:
293 1793 379 1867 Quae
398 1804 497 1851 tamen
520 1791 646 1871 antiqua
669 1803 840 1849 sanctorum
860 1805 982 1872 patrum
1009 1813 1138 1853 consen·

71 1881 141 1951 sio,
168 1897 226 1937 nou
249 1877 280 1934 in
307 1875 449 1935 omnibus
474 1873 592 1933 dninae
617 1873 690 1957 legis
716 1875 969 1955 quaestiunculis,
1003 1877 1056 1936 sed
1083 1899 1141 1949 so·⁴
1316 1936 1320 1949 ,

68 1960 136 2021 lurn
157 1972 235 2020 ecrte
260 1961 422 2043 praecipue
444 1961 473 2018 in
501 1956 572 2016 fidei
592 1957 718 2039 regula,
740 1979 848 2040 magno
873 1958 963 2018 nobis
978 1960 1081 2021 studio
1104 1973 1134 2021 et
1144 1989 1313 2032 Romam,

68 2045 276 2128 investiganda
302 2058 347 2104 est
375 2057 405 2103 ct
427 2042 592 2123 sequenda.
654 2041 715 2099 Sed
742 2062 840 2121 neque
870 2062 1003 2124 semper,
1034 2038 1311 2124 neque‘⁰⁸¹¹¹¹¹⁰⁰¹¹f¹¹·

66 2151 171 2190 omnes
196 2128 333 2189 haereses
355 2126 417 2187 hnc
438 2125 531 2186 modo
559 2123 780 2206 impugnandae
803 2138 890 2201 sunt,
924 2127 977 2185 sed
1005 2093 1313 2188 not-itjaeiii'iiiffiiiii

66 2225 265 2293 recentesque
292 2210 524 2285 tantummodo,
548 2210 772 2290 cumprimum
799 2209 915 2268 scilieet
938 2198 1244 2288 er01·iuntur,li1i1.¹⁰¹i
1258 2186 1313 2224 Μ’

66 2310 232 2376 antequam
258 2294 426 2352 infalsarint
452 2305 585 2353 vetustae
609 2290 681 2351 fidei
706 2291 841 2375 regulas,
873 2296 967 2435 ipsius
991 2299 1138 2377 temporis

62 2393 211 2441 retentor
244 2378 408 2455 arrgnstiis,
442 2397 476 2435 ac
510 2379 686 2458 priusquam
713 2389 849 2435 manante
890 2384 967 2438 atius
1000 2400 1138 2454 veneno,

60 2466 222 2541 majorum
243 2458 394 2518 volumina
410 2461 517 2519 vitiare
542 2473 713 2520 conentur:
746 2461 904 2537 Caeterum
938 2461 1078 2521 dilatatae
1108 2473 1138 2521 et

62 2551 254 2608 inveteratae
277 2542 413 2602 haereses
440 2564 633 2625 nequaquam
656 2543 779 2604 harvia
802 2544 1022 2625 aggrediendae
1048 2558 1136 2620 sunt,

62 2653 104 2692 eo
131 2628 215 2708 ‹qarod
242 2624 360 2709 prolixo
386 2639 556 2710 temporum
586 2641 685 2688 tractu
708 2627 800 2711 longa
822 2630 857 2685 iis
885 2628 1032 2687 furandae
1056 2630 1135 2688 veri·
1147 2642 1297 2695 Antiquarum

62 2716 137 2785 tatis
170 2712 305 2793 patuerit
326 2713 455 2771 occasio.
511 2713 614 2793 Atque
648 2712 716 2772 ideo
745 2732 938 2793 quascunque
965 2711 1031 2770 illas
1053 2694 1309 2792 εηῑί-ξζξῖξξῇῗὴ,

63 2800 193 2881 quiores
216 2795 262 2855 rel
284 2794 499 2873 schismatum,
530 2797 577 2856 rel
598 2796 763 2857 haeresedn
793 2796 1013 2878 profanitates,
1047 2790 1283 2879 ¹¹⁰¹¹⁰ii⁵iiiiiiio

60 2881 160 2947 modo
183 2902 237 2940 nos
261 2891 399 2961 oportet,
432 2882 490 2941 nisi
525 2894 577 2941 aaut
609 2881 692 2956 sola,
724 2883 748 2940 si
770 2902 848 2962 opio·
871 2891 935 2956 est,
967 2881 1136 2961 scriptura-

61 2986 134 3029 rum
157 2966 336 3025 auctoritate
357 2967 558 3041 convincere,
591 2978 643 3025 aut
665 2979 744 3025 certe
767 2967 932 3046 antiquitus
955 2963 1136 3024 universali·

60 3050 125 3113 bus
148 3049 338 3109 sacerdotum
361 3048 583 3109 catholicorum
616 3050 749 3109 conciliis
781 3050 932 3108 convictas
964 3049 1137 3109 damnatas·

62 3134 250 3218 quaeritare.
299 3133 406 3214 ltaque
431 3136 651 3216 cumprimum
674 3134 745 3193 mali
768 3137 920 3215 cujusque
942 3134 1055 3192 erroris
1099 3154 1138 3190 u-

59 3216 155 3281 eredo
177 3238 335 3299 erumpere
363 3219 504 3298 emperit,
541 3230 569 3276 et
602 3218 641 3277 ad
672 3217 875 3277 defensionem
909 3220 956 3277 sni
988 3154 1137 3297 quaedam

10 3366 18 3383 ,
58 3323 153 3377 sacra
174 3300 246 3385 legis
268 3299 361 3361 rerba
382 3302 496 3376 furari,
519 3322 614 3381 eaque
636 3301 782 3361 fallaciter
804 3315 832 3361 et
853 3300 1061 3361 fraudulenter
1084 3321 1137 3358 ex-

52 3382 202 3475 ponere:
242 3386 347 3445 Statim
379 3385 604 3465 interpretando
623 3379 749 3446 'canoni
787 3388 938 3466 majorum
972 3385 1135 3443 sententiae

56 3469 292 3554 congregandae
315 3480 401 3544 sunt,
425 3468 537 3550 quibus
559 3468 634 3529 illud
656 3470 863 3553 quodeunque
886 3480 1024 3550 exsurget
1047 3469 1138 3527 novi-

52 3561 159 3627 tium,
183 3554 313 3635 ideoque
337 3551 520 3635 profanum,
550 3566 579 3613 et
600 3553 714 3635 absque
737 3554 797 3614 ulla
818 3553 942 3636 ambage
964 3550 1134 3635 prodatur,

54 3654 87 3717 ct
115 3634 181 3721 sine
202 3638 264 3698 ulla
295 3640 505 3698 retractatione
536 3637 702 3699 damnetur.
759 3638 819 3698 Sed
852 3659 957 3699 eorum
992 3637 1134 3696 duntaxat
1145 3631 1279 3724 ssfflffl'

52 3725 192 3789 Patierin
223 3725 384 3783 sententiae
408 3723 608 3784 conferendae
631 3735 716 3798 sunt,
738 3725 842 3805 quiin
864 3721 925 3782 fide
947 3732 976 3780 et
997 3741 1135 3804 commu-

53 3812 158 3871 nione
180 3806 328 3867 catholiea
351 3818 469 3878 sancte,
505 3809 676 3890 sapienter,
709 3819 881 3865 constanter
902 3808 1052 3877 viventes,
1074 3806 1135 3865 ‹lo-

54 3904 187 3967 centes,
211 3904 240 3951 et
261 3902 485 3974 permanentes,
505 3891 551 3949 vel
574 3893 651 3950 mori
674 3893 705 3949 iu
728 3890 902 3949 CHRISTO
923 3887 1066 3965 fideliter,
1088 3889 1135 3949 vel

55 3976 165 4037 occidi
192 3997 249 4057 pro
283 3974 457 4037 CHRIS'IO
494 3974 622 4035 feliciter
654 3986 836 4034 meruerunt.
894 3972 1015 4049 Quibus
1038 3986 1136 4033 tamen

48 4058 119 4123 bae
138 4059 205 4141 lege
229 4060 411 4119 credendum
435 4072 498 4134 est,
536 4070 570 4118 ut
598 4059 748 4140 quidquid
770 4057 816 4117 vel
838 4078 962 4134 onmes,
994 4057 1041 4117 rel
1062 4057 1134 4140 plu-

44 4168 102 4207 res
125 4165 189 4205 uno
212 4144 380 4224 eodemque
402 4166 509 4220 sensu,
531 4144 705 4218 manifeste,
726 4142 915 4223 frequenter,
937 4148 1136 4225 perseveran-

40 4242 101 4294 ter
135 4227 219 4287 velut
249 4229 381 4309 quodam
410 4230 624 4305 consentiente,
653 4224 711 4286 sihi
742 4229 952 4309 magistrorum
984 4225 1134 4300 coneilio,

37 4310 259 4399 accipiendo,
293 4310 447 4391 tenendo,
473 4310 622 4373 tradendo
644 4309 847 4388 firmaverint,
881 4310 912 4373 id
935 4304 991 4395 prro
1013 4307 1135 4371 indubi-
