2768 4762
228 362 254 426 (3
592 344 667 409 DE
700 344 840 411 FIDE
878 347 946 411 ΕΤ

310 526 407 591 Hehr.
433 525 506 587 XL:
553 526 626 590 Sine
659 527 723 593 fide
760 529 955 617 impossibiie
988 543 1035 594 est
1065 528 1189 615 placere
1223 532 1307 598 Deo.

227 613 362 678 Credere
387 613 467 671 enim
488 626 616 695 oportet
636 615 834 679 accedentem
858 617 898 679 ed
920 635 1005 679 neure
1026 619 1100 699 quia
1124 629 1180 695 est,
1203 630 1235 679 et
1258 623 1310 680 iu-

230 697 426 785 quirentihus
450 716 483 756 sc
508 712 721 761 remunerator
745 702 794 763 sit.

314 783 410 846 Mare.
435 778 537 841 XVI.:
571 782 636 859 Qui
660 783 832 849 crediderit
860 799 892 849 et
912 784 1088 869 baptizatus
1104 784 1220 864 fuerit,
1243 786 1309 849 sal·

231 888 288 932 uus
310 869 385 929 erite
419 866 474 945 qui
494 886 568 928 vero
589 887 654 929 nou
675 869 855 946 crediderit,
878 869 1146 947 condemnabitur.

316 952 404 1013 ioan.
432 948 507 1008 111.=·
545 952 609 1029 Qui
633 952 734 1014 credit
764 956 798 1014 iu
823 976 912 1030 eum,
944 976 1010 1016 non
1033 954 1211 1037 judicatur:
1251 956 1316 1037 qni,

234 1050 336 1099 autem
358 1054 423 1093 nou
449 1034 564 1112 eredit,
586 1036 650 1117 jam
669 1038 827 1119 judicatus
848 1051 911 1104 est:
939 1040 1099 1123 quianon
1122 1036 1257 1101 credidit
1275 1041 1311 1102 in

237 1123 361 1184 nomine
383 1118 534 1203 unigeniti
559 1118 618 1182 filii
643 1142 704 1183 ner.

627 1294 706 1367 ΡΑ
725 1295 759 1365 'l'
778 1296 814 1367 R
832 1295 864 1367 Ε
884 1293 924 1368 8.

323 1450 351 1507 t.
394 1430 714 1499 accusamus
746 1437 843 1501 Seru.
882 1452 935 1510 38.
959 1438 991 1501 d.
1029 1451 1139 1523 temp.:
1167 1436 1312 1514 Constat,

236 1524 388 1585 neminem
407 1521 567 1585 adversm
593 1525 754 1606 pervenire
776 1546 870 1609 posse
895 1523 1126 1597 beatitudinem,
1162 1524 1222 1583 nisi
1240 1522 1312 1583 Dec

261 1607 374 1685 iaceat,
412 1619 444 1668 ct
463 1606 532 1669 Dco
558 1608 713 1685 neminem,
734 1630 826 1691 posse
854 1609 994 1692 placere,
1027 1610 1087 1668 nisi
1118 1628 1175 1691 per
1208 1605 1313 1666 fidem.

65 1705 135 1747 rrae·
149 1720 217 1765 qnam
237 1630 330 1753 hides
354 1712 487 1774 namque
517 1704 564 1753 est
598 1689 757 1753 bonorum
778 1696 916 1757 omnium
938 1692 1177 1755 fundamentum.
1220 1690 1314 1751 Fides

64 1768 205 1800 ”⁰‘'“²¹‘¹⁸'
239 1789 285 1838 cst
310 1775 458 1835 humanae
484 1774 592 1836 salutis
623 1777 753 1839 initium.
806 1778 880 1839 Sine
905 1778 966 1857 hac
988 1798 1079 1839 nemo
1110 1776 1150 1837 ad
1175 1772 1316 1835 filiorum

239 1861 299 1921 Dei
327 1860 522 1920 consortium
546 1870 652 1942 potest
677 1863 858 1961 pervenire,
898 1864 971 1947 qnia
1003 1864 1069 1923 sine
1091 1861 1168 1945 'ipsa
1191 1880 1248 1919 nec
1281 1860 1315 1918 iu

240 1944 304 2006 hoc
338 1942 444 2003 seculo
484 1944 649 2027 quisqtmm
676 1942 908 2028 justificationis
943 1944 1145 2027 consequitur
1174 1944 1315 2029 gratiam,

243 2048 301 2090 nec
326 2028 359 2087 in
385 2027 494 2087 futuro
521 2028 615 2089 vitam
640 2028 815 2113 possidebit
838 2042 1002 2093 aeternam.
1043 2030 1136 2091 Etsi
1164 2028 1234 2109 quis
1261 2025 1316 2087 hic

244 2134 309 2174 non
345 2110 547 2197 ambulaverit
580 2134 638 2197 per
664 2112 775 2191 fidem,
811 2132 877 2175 non
935 2114 1070 2175 erueuiet
1107 2110 1146 2173 ad
1183 2112 1317 2193 speeiem

244 2194 352 2258 heatae
371 2197 498 2257 visionis
520 2196 646 2258 Domini
674 2202 775 2259 nostri
797 2198 869 2259 iesu
894 2137 1019 2259 Christi.
1062 2198 1148 2265 Idem
1167 2192 1263 2256 habet
1285 2198 1319 2255 in

245 2281 336 2343 initio
357 2283 505 2342 sermonis
535 2280 702 2345 CLXXXI.
724 2283 764 2343 de
788 2294 936 2366 tempore.
1128 2292 1131 2297 '
1298 2300 1302 2307 ·

330 2378 360 2435 2.
403 2366 535 2427 IDEM
559 2366 655 2426 Scrm.
676 2379 705 2435 1.
725 2366 754 2427 d.
778 2366 864 2427 verb.
883 2367 1011 2452 Apost:
1031 2362 1141 2427 Nullae
1162 2374 1235 2425 sunt
1251 2384 1319 2425 ma-

262 2471 332 2511 cres
358 2448 500 2528 divitiae,
534 2450 614 2513 nulii
633 2450 792 2529 thesauri,
824 2452 903 2512 nulii
926 2452 1079 2527 honores,
1101 2448 1188 2509 nulla
1208 2448 1318 2509 mundi

72 2543 235 2629 fstuncnso.
246 2475 344 2617 hujus
375 2535 477 2617 major
512 2534 700 2612 substantia,
737 2558 828 2619 quam
851 2550 896 2597 est
922 2536 998 2596 iidcs
1026 2532 1205 2610 Catholiea,
1241 2554 1319 2615 qirae

73 2594 222 2697 edithhiih'f'
271 2631 427 2681 cecatores
451 2619 591 2683 homines
624 2619 737 2698 salvat,
772 2617 913 2681 infirmos
939 2632 1048 2694 curat,
1085 2617 1319 2679 catechumenos

247 2640 401 2787 haptitet,
422 2700 528 2764 fideles
552 2702 713 2786 justificat,
741 2707 936 2789 poenitentes
965 2715 1097 2785 reparat,
1119 2705 1220 2783 justos
1241 2720 1320 2784 eug-

246 2800 380 2865 mentae,
406 2800 556 2864 martyres
578 2800 726 2866 coronat,
760 2790 910 2871 virgines,
934 2789 1057 2863 viduas,
1087 2800 1118 2846 et
1139 2785 1321 2869 conjugales

247 2884 332 2934 casto
355 2871 480 2955 pudore
503 2885 681 2934 conservat:
711 2869 842 2934 clericos
865 2872 1009 2947 ordinat,
1040 2870 1216 2933 sacerdotes
1241 2890 1322 2931 con·

248 2966 365 3033 secret,
390 2957 491 3039 regnis
514 2956 695 3019 caelestibus
721 2970 906 3041 praeparat,
929 2959 960 3016 in
987 2954 1109 3016 aeterna
1133 2952 1321 3014 haereditate

249 3060 320 3100 cum
342 3040 456 3123 angelis
470 3044 581 3102 sanctis
601 3043 816 3103 communicat
860 3040 1000 3103 Eandem
1020 3042 1200 3101 sententiam
1214 3039 1323 3099 iisdem

248 3122 352 3186 verbis
374 3127 518 3207 repetivit
543 3147 632 3186 serm.
656 3139 714 3205 etc.
736 3124 903 3186 CLXXXI.
927 3124 965 3186 dc
983 3138 1077 3208 temp.
1098 3144 1125 3184 c.
1147 3136 1195 3190 te.

94 3216 132 3245 ¹⁶
152 3205 189 3247 ¹¹³⁸
204 3206 238 3247 ³¹¹·
333 3220 363 3277 ὅ.
377 3210 460 3271 LEO
483 3210 525 3271 Μ.
540 3210 641 3271 Serm-
655 3212 723 3281 tuin
733 3209 993 3272 solemnitNativ.
1002 3211 1041 3269 D.
1057 3208 1095 3269 N.
1106 3208 1134 3267 J.
1148 3204 1326 3291 chartag-

75 3260 239 3345 :d'didhhddd
249 3314 324 3355 num
337 3294 524 3377 praesidium
536 3308 582 3357 est
593 3292 670 3357 fides
686 3297 816 3379 integra,
838 3294 915 3357 fides
929 3316 1010 3372 vera,
1033 3296 1064 3355 in
1076 3314 1138 3377 qua
1147 3312 1204 3359 nec
1219 3312 1237 3353 a
1278 3293 1324 3352 eri

75 3353 238 3443 ⁰⁸df¹³h⁰4¹⁵⁰
250 3380 289 3440 ab
303 3378 370 3440 ullo
384 3381 561 3460 quicquam,
583 3402 639 3439 nec
657 3380 754 3440 minui
776 3392 896 3463 potest:
920 3380 994 3465 quia
1012 3380 1071 3439 nisi
1085 3400 1146 3438 una
1170 3390 1226 3455 est,
1270 3375 1325 3436 des

250 3484 316 3525 non
333 3475 388 3538 est,
409 3462 531 3525 dicente
556 3464 728 3547 Apostolos
762 3464 849 3525 Unus
871 3465 1035 3541 Dominus,
1047 3482 1109 3523 nna
1124 3460 1212 3540 fides,
1225 3480 1325 3521 unum

251 3548 414 3631 baptisma,
449 3569 527 3608 unus
554 3550 639 3611 Deus
663 3562 695 3611 ct
725 3562 814 3632 pater
836 3550 984 3625 omnium,
1009 3550 1065 3631 qui
1087 3566 1181 3629 super
1207 3564 1324 3620 omnes,

253 3644 284 3693 et
308 3634 510 3715 peremnia,
547 3646 578 3695 et
601 3635 634 3693 iu
657 3633 801 3695 omnibus
826 3632 928 3693 nohis.
971 3632 1053 3694 Huic
1079 3630 1200 3708 unitati,
1228 3629 1327 3690 diiec-

253 3716 381 3792 tissimi,
408 3719 599 3778 inconcussis
624 3717 778 3779 mentibus
803 3716 978 3793 inhaerete,
1003 3729 1041 3776 ct·
1058 3710 1090 3775 in
1116 3712 1175 3775 hac
1204 3734 1327 3776 omnem

252 3802 409 3863 sectamini
436 3804 642 3880 sanctitatem,
678 3816 709 3864 et
735 3805 766 3862 in
797 3800 855 3861 hac
882 3801 1055 3884 praeceptis
1067 3800 1195 3860 Domini
1218 3798 1326 3858 deser·

253 3888 331 3961 vite,
365 3888 437 3967 quia
466 3889 531 3946 sinc
562 3884 624 3951 fide
649 3885 839 3971 impossibile
863 3899 909 3948 est
931 3885 1056 3972 placere
1081 3885 1168 3959 Deo,
1192 3893 1224 3944 et
1244 3880 1325 3940 nihil

253 3972 318 4030 sinc
342 3968 395 4031 ilia
422 3984 579 4049 sanctum,
614 3970 694 4035 nihil
716 3982 835 4033 eastum
859 3981 924 4050 est,
957 3968 1038 4031 nihil
1064 3970 1177 4030 virum.
1218 3966 1327 4029 Justus

254 4056 336 4117 enim
358 4076 395 4117 cx
416 4053 478 4118 fide
508 4058 593 4119 sirit.
