2768 4762
426 356 759 448 srsrnon'o
1061 379 1140 453 loe

57 565 220 655 Populus,
251 566 308 650 qui
339 563 463 635 mbiur
491 567 526 631 iu
561 588 598 630 ec
623 565 866 651 (Hierusalem),
899 562 1062 633 suferetur
1096 560 1138 628 eb

58 698 97 740 co
110 676 276 759 iniqnitas.
551 708 556 727 ι
593 728 597 733 .
946 692 949 699 ·
1097 688 1102 697 ·

139 803 353 881 utun-rs
368 768 373 789 '
388 802 526 867 vocam
550 821 664 867 nomen
697 803 765 886 ejus
790 800 943 868 rnsmn
963 802 1033 887 ipse
1054 799 1137 863 enm

53 908 176 975 salvum
191 911 286 974 saciet
300 911 455 997 populum
474 933 565 975 sunm
580 933 598 975 u
616 912 760 997 peccatis
774 926 892 970 eorum.

140 1040 281 1102 Matth.
304 1042 381 1109 IX.:
411 1042 455 1103 Et
486 1046 593 1105 ridens
628 1040 750 1104 JESUS
771 1037 865 1101 fidem
886 1038 1033 1115 illorum,
1055 1036 1135 1097 dixit

55 1148 250 1237 paralytico:
282 1148 504 1233 confidefili,
538 1153 740 1213 remittuntur
761 1146 821 1208 tibi
835 1156 962 1229 peccate
985 1157 1048 1205 tna.
1091 1143 1135 1203 Ut

57 1263 298 1338 connectaris,
320 1261 394 1341 quia
419 1256 502 1321 filius
518 1256 667 1325 ‚hominis
695 1253 792 1318 habet
814 1262 999 1339 potestatem
1016 1251 1050 1310 in
1067 1262 1134 1311 ter·

57 1388 92 1429 rs
114 1366 292 1430 dimittendi
320 1379 448 1450 peccatu
473 1378 530 1429 etc.

141 1496 262 1580 Apoc.
289 1497 337 1558 I.:
372 1498 436 1573 Qui
475 1495 584 1556 dilexit
615 1516 689 1573 nos,
724 1506 756 1556 et
787 1492 863 1556 lsvit
879 1512 938 1554 nos
958 1511 977 1550 u
997 1487 1133 1573 peccatis

54 1605 174 1671 uostris
193 1604 226 1662 in
247 1604 396 1683 sunguine
418 1621 487 1661 suo.
960 1594 972 1617 f

144 1730 201 1787 Lu
212 1750 239 1788 c.
261 1727 404 1789 mm:
428 1727 605 1811 Oportebat
635 1728 792 1791 Christum
808 1733 894 1815 pati,
917 1741 949 1790 ct
970 1744 1134 1809 resurgere

59 1856 79 1895 a
100 1835 234 1894 mortuis
257 1834 348 1895 tertia
366 1834 432 1895 dic:
455 1843 487 1896 et
502 1833 676 1919 praedicari
697 1839 729 1897 in
741 1841 864 1899 nomine
881 1819 950 1918 ejus
968 1836 1136 1920 poeniten-

58 1941 133 2001 tiam
153 1951 183 2000 et
200 1941 409 2004 remissionem
431 1955 630 2028 peccatorum
656 1943 689 2004 in
709 1963 813 2007 omnes
834 1957 953 2031 gentes,
980 1943 1136 2026 incipien-

56 2044 143 2109 tibus
158 2045 198 2109 ab
215 2047 443 2128 Hierosolyma.

139 2174 246 2241 Act:
275 2180 315 2241 X.
349 2182 393 2243 uit
410 2181 445 2245 B.
471 2178 602 2246 Petrus:
639 2178 805 2274 Praecepit
829 2178 923 2248 nobis
950 2177 1140 2266 praedicare

55 2284 180 2370 populo
208 2298 239 2346 et
261 2283 440 2362 testificari,
480 2293 553 2371 quia
574 2292 640 2375 ipsc
665 2307 729 2375 est,
763 2295 817 2378 qui
842 2288 1029 2354 constitutus
1046 2301 1134 2350 estu

53 2390 126 2451 Deo
148 2389 245 2469 judex
267 2391 411 2449 rivorum
430 2402 462 2449 ct
477 2408 685 2457 mortuorum.
726 2402 809 2459 Huic
836 2417 940 2489 omnes
954 2393 1133 2479 Prophetae

53 2496 272 2558 testimonium
305 2492 492 2576 perhibent,
520 2496 960 2583 remissionem-peccatorum
993 2504 1135 2585 accipere

54 2625 114 2689 per
132 2623 246 2663 nornen
265 2602 334 2683 ejus
354 2621 477 2679 omnes,
499 2604 556 2685 qui
577 2601 712 2691 credunt
735 2605 768 2664 in
790 2625 868 2666 curn.

141 2732 264 2795 Hebr.
286 2733 361 2794 1X.:
384 2731 527 2794 Christus
547 2734 689 2795 assistens
713 2735 860 2797 Pontifex
882 2735 1065 2796 futurorum
1074 2730 1137 2792 bo·
1226 2796 1230 2803 ,

57 2861 173 2902 norum
194 2861 252 2925 per
274 2839 406 2924 amplius
425 2851 457 2901 et
486 2842 656 2933 perfectius
684 2840 920 2904 tubernaculum
944 2860 1009 2901 non
1025 2858 1137 2898 manu-

57 2948 194 3025 factum,
224 2948 347 3027 idest,
379 2947 444 3010 non
467 2945 564 3030 hujus
591 2948 778 3013 creationisr
807 2970 907 3035 neque
930 2970 988 3033 per
1010 2946 1137 3030 sangui·

57 3077 128 3115 ncm
141 3055 302 3117 hircorum
323 3068 377 3117 eut
391 3055 592 3134 uitulorum,
614 3057 669 3119 sed
690 3079 749 3142 per
769 3058 937 3141 proprium
956 3056 1135 3138 sanguinem

57 3162 200 3224 introivit
224 3162 316 3225 semel
338 3165 371 3223 iu
395 3163 523 3241 Suuctu,
546 3177 668 3226 actcrns
692 3165 904 3248 redemptione
922 3167 1054 3227 inventu.
1098 3158 1133 3221 si

10 3242 18 3261 .
55 3269 139 3329 enim
162 3271 283 3359 sangnis
312 3269 474 3331 hircorum
507 3283 537 3331 et
560 3285 720 3335 taurorum
742 3286 773 3333 ct
797 3270 874 3333 cinis
895 3270 1008 3333 vitulae
1025 3288 1134 3352 asper-

53 3395 124 3451 sus,
155 3374 332 3456 inquinatos
354 3374 527 3439 sanctificat
550 3378 589 3439 nd
605 3379 853 3441 emundationem
871 3381 988 3440 carnis:
1012 3388 1131 3461 quanto
1236 3374 1238 3379 ’

52 3482 152 3566 magis
179 3486 301 3568 sengrris
323 3483 457 3562 Christi,
487 3485 543 3566 qui
570 3487 797 3571 perspiritum
824 3500 963 3548 sanctum
987 3486 1133 3568 semetip·

53 3608 124 3649 sum
153 3587 273 3653 obtulit
304 3591 531 3653 immaculatum
556 3592 646 3671 Deo,
672 3588 876 3656 ¹emundabit
912 3595 1132 3656 conscientiam

54 3709 194 3759 nostram
209 3696 249 3758 nb
272 3698 420 3783 operibus
437 3701 566 3761 mortuis
582 3700 622 3761 sd
640 3702 835 3762 serviendum
845 3699 1059 3791 Deovircnti?
1072 3709 1130 3758 etc.

137 3828 163 3889 L
185 3828 205 3888 J
213 3827 328 3893 chen.
349 3828 393 3889 1.=
415 3826 557 3913 Sanguis
583 3829 682 3893 JESU
703 3830 820 3892 Christi
843 3828 901 3892 filii
932 3830 1001 3910 ejus
1023 3846 1133 3887 cmun-

59 3930 112 3995 dat
130 3956 188 3996 nos
211 3934 251 3996 eb
281 3935 365 3996 omni
394 3949 534 4020 peccato.
940 3928 943 3933 ¹

140 4040 293 4124 Ephes.
315 4043 357 4103 L:
385 4040 582 4107 Gratificavit
617 4064 675 4106 nos
696 4044 729 4103 in
752 4041 868 4105 dilecto
891 4040 960 4105 filio
983 4063 1051 4104 suo.
1094 4042 1133 4103 ln

59 4146 301 4237 quohsbemus
328 4148 572 4234 redemptionem
601 4174 659 4236 per
676 4155 853 4237 sanguinem
880 4155 948 4234 ejus
966 4152 1134 4232 (remissio-

56 4274 131 4316 nem
151 4261 363 4342 peccstorum)
385 4259 554 4323 secundum
567 4259 689 4324 divitius
714 4263 832 4346 guntiae
848 4262 927 4347 ejus.
