2768 4762
258 307 358 442 ’282
588 360 654 424 DE
681 360 951 427 GA‘RITATE
970 361 1057 427 -ΕΤ

280 562 326 613 est
349 549 538 628 Mcesymae:
560 540 658 632 Cujus
676 571 734 635 ego
755 552 873 612 utinam
891 549 941 613 ed'
954 550 1089 632 aliquam
1110 548 1218 612 saltem
1240 566 1363 635 partem

279 639 417 720 exiguam
451 634 602 696 sustollar
638 656 751 696 eorum
782 637 910 717 adjutus
946 635 1103 718 precibus.
1171 637 1208 695 ln
1241 637 1363 702 decima

222 716 224 720 ⁴
279 721 408 805 quinta,
443 740 523 800 quae
546 733 592 780 est
612 720 811 804 Acepsemae:
845 722 935 801 cujus
957 718 1059 781 verbis
1080 733 1111 782 ct
1140 721 1294 802 operibus
1314 728 1363 784 in·

278 810 409 880 structi,
431 808 548 864 utinam
572 806 640 884 ejus
662 807 753 867 etiam
774 805 920 888 precibus
939 805 1052 886 adjuti,
1074 804 1203 866 caelesti·
1220 812 1365 870 vocatio·

279 913 319 952 ne
340 892 426 975 digni
452 886 625 949 efficiamur
644 893 674 949 iu
701 890 828 951 Christo
855 891 1140 951 Dominonostro.
1184 891 1221 950 ln
1245 892 1364 955 decima

282 989 407 1052 octava,
432 989 579 1056 quaeest
602 975 728 1035 alterius
751 973 903 1034 Eusebii:
925 975 994 1057 Ego
1018 988 1118 1034 autem
1141 995 1238 1058 rogo,
1263 991 1299 1038 ut
1325 979 1364 1039 il-

219 1118 226 1133 ,
281 1058 549 1142 lam-consequar
584 1061 854 1136 intercessionem,
898 1081 992 1141 quam
1026 1059 1190 1140 hucusque
1223 1066 1364 1145 percepi,

101 1147 356 1228 sanenysnntdum
386 1145 466 1206 esset
491 1143 595 1204 adhuc
625 1155 791 1227 superstes.
846 1145 949 1204 Credo
971 1145 1067 1219 enim,
1102 1166 1171 1204 eum
1190 1147 1312 1220 vivere,
1335 1161 1366 1209 et

101 1223 398 1307 flssb¹222¹2fflhaberc
422 1231 584 1314 puriorem
618 1229 657 1288 od
690 1229 789 1289 Deum
823 1228 979 1290 fiduciam.
1023 1230 1101 1290 ltem
1122 1232 1266 1312 vigesima
1289 1234 1362 1310 vita,

99 1315 263 1357 cusanam.
282 1336 360 1398 quae
386 1329 432 1376 est
453 1316 569 1377 Maris:
591 1312 668 1373 Cum
689 1316 796 1397 itaque
815 1334 899 1374 nunc
924 1335 1074 1388 oravero,
1102 1326 1139 1374 ut
1160 1316 1229 1394 ejus
1251 1337 1364 1387 conse-

281 1422 362 1484 quar
381 1400 542 1476 auxilium,
575 1400 732 1481 imponam
752 1395 846 1458 linem
873 1401 1068 1461 narrationi„
1100 1397 1143 1459 Et
1164 1402 1197 1457 in
1217 1402 1363 1483 vigesima

278 1489 400 1570 prima,
437 1497 586 1567 quaeest
614 1483 724 1543 iacobi
761 1483 906 1544 alterius:
940 1484 1087 1545 Nostram
1119 1482 1362 1547 imbecillitatem

278 1583 431 1631 sustentet
446 1590 481 1629 ac
499 1568 655 1629 suffulciat
679 1570 742 1628 suis
764 1567 981 1642 orationihus,
1003 1582 1040 1629 ut
1060 1566 1258 1646 confirmati,
1279 1571 1362 1630 mul-

277 1664 448 1737 tas,⁴qua's
478 1654 532 1714 alii
559 1655 590 1712 in
618 1674 675 1713 uos
695 1657 856 1715 consecuti
875 1656 1142 1730 suntnictorias,
1176 1656 1218 1714 eis
1243 1657 1361 1735 eripia-

275 1761 363 1814 mus,
384 1751 416 1800 et
432 1741 570 1799 victores
592 1760 607 1797 e
630 1740 693 1799 vita
709 1738 897 1799 excedamus.
943 1739 986 1798 Et
1005 1742 1038 1797 in
1061 1740 1205 1819 vigesima
1230 1742 1357 1820 septima

274 1824 438 1887 Baraden:
468 1822 548 1882 Mihi
575 1836 676 1882 nutem
712 1823 822 1900 detur,
858 1837 895 1884 ut
916 1844 1023 1901 corum
1039 1822 1184 1882 suflirltus
1199 1823 1356 1904 precibus,

275 1929 340 1969 non
365 1911 423 1969 sim
449 1905 565 1990 procul
594 1907 633 1965 ab
659 1907 865 1984 lroc'moute,
895 1908 950 1968 sed
971 1902 1120 1989 ppnlatim
1143 1908 1359 1983 conscendam,

275 2007 308 2054 et
339 2012 387 2052 me
410 2012 519 2051 coruus
546 1991 816 2071 contemplationis
843 1992 1016 2074 voluptate?
1035 1991 1183 2073 expleam.
1235 1992 1359 2052 Deinde

242 2123 243 2126 η
274 2081 307 2137 in
328 2079 473 2159 vigesima
495 2087 602 2136 octava
630 2073 803 2134 Thaleleei:
838 2077 960 2136 Horum
985 2089 1160 2137 sauctorum
1184 2087 1362 2148 martyrum

221 2216 233 2223 .
263 2161 469 2222 concedatur
500 2157 800 2241 intercessionibus,
829 2173 866 2220 ut
897 2182 956 2222 nos
984 2160 1023 2221 alt
1048 2159 1096 2221 his
1116 2159 1237 2238 adjuti,
1260 2162 1360 2220 simus

273 2245 468 2305 vehementes
499 2255 649 2303 amatores
669 2248 870 2304 certaminum
891 2241 1118 2388 philosophiae.
1162 2243 1297 2303 Deorum
1328 2247 1360 2304 in

273 2332 429 2413 trigesima
450 2340 481 2389 et
505 2328 623 2403 ultima,
647 2349 726 2409 quae
744 2342 791 2391 est
808 2330 1009 2391 Domninriet.
1050 2351 1084 2393 os
1104 2326 1249 2400 obsecro,
1274 2351 1356 2409 quo·

273 2436 343 2474 rum
376 2417 470 2473 vitem
486 2415 691 2495 conscripsi,
724 2434 763 2472 nc
796 2435 844 2474 me
866 2415 1038 2496 despiciunt
1060 2412 1176 2496 procul
1198 2413 1355 2495 degentem

272 2498 466 2560 suillorum
484 2498 616 2581 spirituli
645 2496 781 2558 chorea:
804 2499 859 2559 sed
882 2499 1007 2560 trahant
1030 2499 1113 2559 inira
1139 2500 1302 2578 jacentem,
1328 2509 1358 2556 et

194 2610 199 2631 ⁶
272 2584 313 2645 ad
335 2585 462 2645 uirtutis
483 2584 597 2644 tollent
614 2582 824 2659 altitudinem,
848 2596 877 2643 et
897 2605 955 2644 suo
975 2582 1075 2643 choro
1100 2584 1305 2664 conjungant,
1320 2594 1354 2640 ut

272 2689 338 2728 non
362 2668 464 2728 solum
499 2667 618 2727 laudem
643 2666 756 2726 alienas
779 2670 915 2740 divitias,
952 2668 1005 2728 sed
1027 2669 1093 2747 ipse
1114 2669 1206 2726 ctiam
1228 2666 1355 2727 habeam

180 2783 185 2791 ¹
273 2750 410 2836 aliquam
430 2753 528 2813 laudis
553 2754 763 2826 occasionem,
787 2765 818 2813 et
839 2753 922 2814 facto
947 2765 978 2813 et
998 2750 1095 2811 verbo
1119 2763 1151 2810 et
1168 2753 1356 2834 cogitatione

273 2835 454 2922 glorificans
483 2849 671 2897 servatorem
688 2838 914 2897 universorum.
1012 2866 1034 2891 ,ν

360 2958 409 3014 18.
434 2928 642 3004 ¹Prudentius
666 2944 700 3001 L.
724 2945 817 3002 inscr.
850 2945 907 3023 vergi
936 2946 1067 3012 cerarium
1088 2943 1152 3001 sive
1179 2941 1218 3000 de
1244 2961 1355 3001 coron.

272 3029 377 3110 hymn.
402 3043 429 3098 1.
447 3031 479 3090 in
495 3030 640 3089 Hemite1·.
660 3040 691 3088 et
711 3027 881 3088 Cheledon.
905 3028 1130 3112 Calagurritan.

96 3176 255 3230 estanneio
317 3162 437 3222 illitas
471 3179 587 3222 cruore
615 3165 729 3219 sancto
761 3179 850 3220 nunc
876 3180 998 3221 arenas
1025 3155 1150 3220 incolae

94 3226 265 3329 flpll'lll'm
318 3242 625 3328 confrequentant,
659 3242 868 3306 obsecrantes
895 3266 996 3321 voce,
1029 3244 1135 3319 vatis,
1160 3261 1309 3302 munere.

359 3330 499 3404 Exteri,
530 3350 589 3390 nec
619 3348 687 3387 non
714 3336 746 3388 et
781 3332 871 3391 orbis
895 3331 959 3391 iruc
989 3333 1125 3391 colonus
1153 3327 1308 3388 advenit:

94 3409 264 3499 {ff'fflm
317 3412 424 3476 Fama
459 3435 538 3475 narn
577 3422 686 3474 terras
712 3414 748 3472 in
768 3415 896 3476 omneis
913 3414 1143 3495 praecucurrit
1168 3409 1350 3492 proditrix,

315 3499 402 3561 Heic
417 3509 577 3580 patronos
596 3516 667 3558 esse
687 3500 825 3574 mundi,
848 3519 928 3581 quos
948 3507 1123 3578 precantes
1145 3497 1306 3557 ambiant.

92 3575 250 3678 {ffffflfl'
360 3586 467 3647 Nemo
492 3602 596 3661 paras
611 3583 682 3642 heic
703 3587 855 3666 rogando
872 3581 1012 3665 frustra
1033 3581 1198 3662 congessit
1216 3598 1351 3659 preces:

314 3668 441 3732 Laetus
459 3670 535 3733 hinc
562 3668 659 3727 tersis
683 3669 818 3728 revertit
841 3669 1047 3748 supplicator
1058 3666 1220 3753 fletibus,

255 3781 258 3787 ’
317 3754 441 3830 Omne,
465 3753 552 3835 quad
565 3751 697 3836 justum
725 3754 891 3832 poposcit,
915 3754 1132 3833 impetratum
1146 3749 1305 3810 sentiens.

361 3840 467 3901 Tanta
493 3855 555 3916 pro
583 3836 708 3898 nostris
734 3837 866 3914 periclis
895 3859 977 3901 cura
998 3831 1265 3926 suffragantium
1286 3840 1351 3911 est,

91 3921 261 4017 §ppetingpdt
313 3924 392 3987 Non
424 3921 559 3998 sinant,
583 3921 685 3983 inane
702 3929 741 3984 ut
762 3923 852 3984 alius
875 3944 955 3986 voce
981 3942 1137 3995 murmur
1157 3915 1307 4001 fuderit:

89 3987 192 4067 nonde.
224 3989 236 4021 ⁸
311 4006 487 4080 Andiseni,
509 4007 750 4087 statimquead
779 4028 897 4070 aurern
918 4009 1021 4090 Regis
1037 4006 1166 4068 aeterni
1169 4000 1308 4085 ferunt.

352 4092 439 4152 Inde
467 4092 564 4172 larga
575 4088 677 4172 sonte
695 4093 737 4152 ab
757 4093 827 4172 ipso
858 4093 948 4154 dona
967 4094 1068 4154 terris
1092 4091 1263 4176 influunt:

310 4174 506 4256 Supplicem
534 4171 654 4237 causas
674 4178 803 4256 petitis,
837 4196 922 4256 quae
943 4177 1079 4239 medelis
1103 4175 1260 4256 irrigant.

310 4260 371 4324 na
393 4260 464 4325 suis
483 4258 577 4325 banis
600 4262 734 4347 negavit
765 4260 918 4327 Christus
942 4282 1094 4347 unquam
1110 4259 1265 4331 testibus,
