2768 4762
247 414 249 418 ’
348 387 853 467 ,ΒΕΟΑΒο00.«
1054 389 1134 460 343

54 603 134 646 nos:
154 591 212 643 nos
235 598 361 663 quoque
383 578 482 647 simile
504 579 620 640 crimen
642 577 854 644 incurrimus,
886 583 1028 656 quartam
1050 570 1131 634 Sab-

56 670 124 730 bati
154 667 377 741 observantes,
418 679 449 725 et
470 684 670 747 parasceven,
715 676 745 721 et
770 661 849 720 diem
872 659 1076 733 dominicam,
1099 671 1131 719 ct

57 753 210 835 jejunium
233 751 508 832 Quadragesimae,
540 760 571 808 et
591 745 727 806 Paschae
750 746 942 805 festivitatem
964 756 994 803 et
1015 742 1132 803 Pente-

20 882 26 889 ·
56 849 157 898 costes
185 836 350 896 laetitiam:
382 847 412 894 et
433 856 493 917 pro
515 844 660 892 varietate
692 832 850 913 regionum
872 830 991 888 diversa
1014 829 1044 886 in
1066 826 1128 888 ho·
1184 848 1187 858 ·

55 941 135 982 nore
164 933 333 995 martyrum
368 931 508 999 tempora
529 918 706 976 constituta.
751 914 799 972 Ad
822 914 909 994 qnod
930 915 983 995 qui
1006 911 1306 995 simpli-autunum

56 1008 135 1066 citer
156 1003 378 1087 respondebit,
402 1001 501 1062 dicet:
530 1000 601 1065 Nou
623 1001 747 1061 cosdem
767 996 908 1079 judaicae
932 984 1308 1082 observatio-{2⁰2'fflffij

56 1093 106 1150 uis
129 1088 295 1163 diesesse,
319 1108 398 1169 quos
424 1102 559 1148 nostros.
603 1085 666 1144 Nos
684 1086 763 1144 enim
785 1103 849 1143 nou
871 1103 1045 1157 azymorum
1067 1081 1194 1165 ραι-ω’·
1259 1132 1263 1138 .

57 1173 132 1236 seba
165 1172 379 1247 celebramus,
417 1171 470 1230 sed
493 1171 728 1231 resurrectionis
764 1180 795 1227 et
816 1187 927 1225 erucis.
969 1164 1033 1227 Nec
1055 1188 1127 1251 sep-

56 1271 121 1318 tem
144 1259 230 1337 juxta
250 1276 365 1315 morem
386 1255 482 1315 Israel
513 1275 708 1314 numeramus
730 1250 940 1311 hebdomadas
961 1252 992 1310 in
1013 1251 1125 1312 Pente-

57 1353 160 1415 coste,
185 1340 237 1399 sed
260 1340 394 1421 Spiritus
419 1342 515 1399 sancti
537 1334 716 1397 veneramur
739 1335 913 1395 adventum.
955 1334 998 1393 Et
1019 1355 1056 1394 ue
1077 1337 1305 1404 impartiens&

59 1426 203 1489 ordinata
239 1426 438 1506 congregatio
460 1423 572 1507 populi
592 1418 684 1480 fidem
713 1422 865 1479 minueret
886 1422 916 1478 in
939 1418 1126 1494 CHRISTO,
1137 1398 1240 1466 1¹⁰⁸m'u
1249 1397 1305 1434 'm‘

59 1521 229 1592 propterea
262 1510 327 1568 dies
356 1508 454 1590 aliqui
487 1506 648 1579 constituti
676 1517 766 1582 suut,
797 1505 885 1563 utin
907 1523 1002 1562 uuum
1024 1522 1128 1564 omues

56 1596 179 1677 pariter
200 1598 378 1652 veniremus.
628 1644 631 1649 ,
712 1628 718 1643 ,

143 1689 173 1742 5.
215 1673 474 1736 AUGUSTINUS
499 1673 535 1738 1..
557 1683 657 1733 contr.
677 1668 832 1732 Adimam.
859 1669 994 1732 Manieh.
1016 1669 1307 1754 discipsonmmnn·

61 1780 130 1839 cap·
157 1771 221 1824 to:
247 1759 311 1820 Nos
346 1779 475 1841 quoque
507 1769 538 1817 et
560 1757 749 1816 dominicum
782 1755 862 1816 diem
884 1767 915 1816 et
934 1753 1056 1816 Pascha
1076 1735 1311 1829 soefflffm'.

61 1843 203 1903 lemniter
224 1843 431 1915 celebramus,
454 1855 495 1903 et
515 1824 672 1923 quaslibet*
690 1839 763 1902 alias
788 1839 978 1905 Christianae
1009 1839 1132 1899 dierum
1167 1870 1174 1883 .
1242 1853 1244 1857 ·

61 1926 248 1987 festivitates.
292 1927 352 1988 Sed
382 1929 455 2010 quia
475 1925 708 2008 'intelligimus‚
745 1946 808 2006 quo
841 1926 1031 2006 pertineant,
1068 1944 1133 1983 nou

60 2021 203 2091 tempora
217 2010 426 2087 observamus,
447 2010 503 2071 sed
516 2030 595 2092 quae
606 2009 667 2070 illis
691 2005 906 2091 significantur
924 2005 1129 2090 temporibus.

146 2107 179 2161 6.
218 2095 327 2154 IDEM
346 2117 437 2157 serm·
460 2108 532 2162 251.
554 2093 593 2154 de
621 2106 733 2175 tempe
776 2092 941 2152 Sciendum
971 2104 1032 2169 est,
1067 2092 1134 2153 fra·
1156 2090 1310 2132 ΨΜ*

60 2188 123 2238 “⁶⁸
151 2180 320 2254 “rimie
351 2180 440 2261 ‘1¹¹0d
471 2179 543 2239 ideo
577 2179 729 2241 assuetis
752 2176 894 2259 patribus
916 2178 1033 2238 uostris
1054 2141 1311 2245 con-”eladiilllt

60 2266 200 2323 stitutum
223 2277 268 2323 est
288 2262 471 2323 Christianis
494 2275 525 2324 et
544 2263 741 2345 mandatnm,
779 2275 815 2322 ut
831 2265 863 2321 in
885 2260 1132 2322 solemnitatibus
1142 2238 1192 2328 ll'l
1195 2245 1310 2347 {ilignis

60 2347 263 2420 Sanctorum,
292 2358 323 2404 et
359 2349 485 2405 maxime
507 2350 539 2404 iu
561 2346 723 2407 dominicis
754 2344 880 2420 diebus,
915 2348 1014 2404 otium
1035 2336 1274 2406 habe-⁶⁰“¹¹¹⁰⁸·
1299 2394 1302 2399 .

63 2441 149 2501 rent,
172 2439 203 2487 et
225 2447 242 2486 a
263 2439 387 2488 terreno
412 2429 539 2510 negotio
558 2422 711 2505 vacarent,
733 2439 769 2486 ut
780 2431 952 2510 paratiores
964 2442 995 2488 et
1006 2449 1137 2510 promp-

63 2514 161 2571 tiores
184 2521 284 2569 esseut
304 2509 343 2569 ad
367 2513 505 2569 divinum
528 2509 661 2588 cultum,
683 2531 752 2572 cum
774 2531 837 2572 nou
858 2510 1026 2587 haberent,
1049 2509 1138 2592 quod

64 2615 119 2654 eos
143 2594 213 2653 iude
235 2593 408 2654 retardaret
434 2593 679 2672 incommodum,
703 2591 973 2675 relinquerentque
1000 2614 1037 2655 eo
1058 2606 1138 2656 tem·
1224 2665 1226 2668 y

63 2697 143 2762 pore
162 2691 313 2739 terrenam
343 2678 605 2755 sollicitudinem,
636 2699 700 2762 quo
724 2676 844 2738 facilius
867 2689 993 2762 possent
1010 2678 1070 2738 Dei
1086 2680 1137 2738 in·

62 2762 191 2822 tendere
222 2758 422 2824 voluntatem.
475 2763 552 2822 Inde
588 2764 655 2847 ipse
684 2763 837 2822 Dominus
870 2782 927 2844 per
947 2760 1133 2845 prophetam

64 2847 161 2906 dicit:
189 2845 305 2908 Vacate
333 2850 372 2908 et'
394 2846 516 2923 videte,
550 2849 697 2928 quoniam
719 2866 776 2927 ego
792 2866 868 2906 -sum
891 2847 984 2906 Deus.
1027 2846 1069 2906 At
1088 2844 1288 2921 hi,P·²M⁵·¹¹·

63 2933 120 3012 qui
150 2931 276 2992 diversis
309 2934 390 2992 curis
425 2953 460 2993 ac
489 2934 621 3016 negotiis
656 2928 827 3011 implicati,
854 2928 934 2991 lianc
954 2931 1134 2991 seutentiam
1243 2932 1249 2947 '

61 3016 123 3075 Dei
146 3027 316 3097 spernunt,
348 3028 379 3076 et
401 3016 523 3078 divinae
543 3014 916 3100 contemplationivaeare
939 3014 1071 3091 nolunt,
1093 3014 1137 3074 ti·

59 3120 152 3175 meo,
175 3098 260 3179 quod
282 3101 314 3158 in
337 3100 446 3161 futuro
467 3101 589 3183 judicio
611 3100 673 3162 illis
692 3102 818 3181 januam
839 3101 965 3183 quiui
983 3098 1137 3182 pulsanti-

59 3183 123 3243 bus
145 3195 238 3262 atque
258 3185 372 3265 aperiri
393 3184 614 3267 poscentibus,
643 3185 795 3245 Dominus
812 3183 1017 3266 respondente
1037 3180 1289 3280 mengum·

62 3266 137 3326 dico
165 3266 273 3342 vobis,
313 3270 417 3329 nescio
439 3291 504 3329 vos.
547 3269 704 3330 Discedite
726 3288 743 3328 a
764 3289 812 3329 me
833 3289 958 3345 omnes,
982 3268 1036 3349 qui
1057 3287 1136 3350 ope·
1172 3260 1178 3272 '

59 3371 173 3411 ramim
195 3353 394 3433 imquitatem.
439 3350 482 3412 Et
503 3353 558 3434 qui
574 3351 669 3414 modo
677 3352 782 3413 Deum
795 3373 945 3433 quaerere
964 3350 1135 3435 negligunt,

60 3434 103 3495 ab
139 3437 207 3517 ipso
236 3446 310 3494 tune
337 3448 535 3519 respuuntur.
590 3435 716 3497 Idcirco
749 3437 861 3496 fratres
883 3439 963 3512 mci,
997 3457 1061 3496 uon
1095 3437 1137 3496 sit

58 3516 153 3580 vobis
179 3519 361 3595 molestum,
394 3523 428 3579 in
451 3519 614 3581 dominicis
640 3519 749 3580 diebus
771 3532 802 3579 et
817 3522 849 3580 iu
869 3519 1016 3581 natalitiis
1039 3519 1136 3580 Sano-

59 3615 189 3679 torum,
212 3603 317 3664 divino
338 3603 463 3666 studere
484 3603 590 3665 cultui.
632 3604 829 3665 Dominicnm
851 3625 926 3687 ergo
948 3603 1030 3664 diem
1047 3602 1136 3687 Apo·
1159 3613 1262 3677 cugun
1272 3611 1313 3656 ‹1⁰-

60 3685 135 3747 stoli
160 3699 190 3746 et
208 3687 373 3770 apostolici
395 3689 453 3747 viri
475 3689 546 3749 ideo
569 3687 712 3773 religiosa
734 3689 926 3767 solemnitate
959 3686 1134 3749 habendum
1145 3663 1314 3777 fxiiii&

61 3785 245 3845 sanxerunt,
282 3775 353 3852 quia
376 3774 407 3830 in
428 3773 537 3832 eodem
561 3773 740 3854 redemptor
756 3787 863 3833 noster
885 3795 902 3833 a
932 3766 1062 3834 m'ortuis
1084 3765 1297 3854 ιιι-ζζῖξῖξξξξζξ·

62 3857 202 3914 surrexit.
247 3857 373 3938 Quique
408 3856 479 3916 ideo
512 3857 696 3917 Dominieus
727 3857 922 3940 appellatur,
954 3869 990 3917 ut
1013 3861 1044 3917 in
1062 3877 1099 3919 eo
1117 3863 1227 3918 amb
1238 3866 1300 3907 ’Μ

63 3941 193 3999 terrenis
215 3941 362 4022 operibus
386 3940 431 4001 vel
460 3942 566 4001 mundi
599 3939 753 4011 illecebris
774 3939 983 4018 abstinentes,
1016 3954 1136 4002 tantum
1189 4008 1193 4017 ,

64 4021 174 4083 divinis
207 4024 342 4086 cultibus
364 4030 549 4102 serviamus,
573 4026 679 4087 dantes
704 4024 822 4086 scilicet
848 4026 908 4085 diei
932 4026 1004 4086 huie
1031 4025 1136 4086 hono-

64 4127 131 4166 rem
158 4120 188 4168 et
215 4113 414 4170 reverentiam
448 4124 581 4193 propter
608 4131 693 4193 spem
733 4111 967 4171 resurrectionis
1000 4123 1135 4176 nostrae,

63 4210 155 4270 quam
178 4189 344 4253 babeamus
369 4197 401 4252 in
426 4194 490 4261 illa.
540 4193 618 4255 Nam
649 4184 817 4277 sicut'ipse
836 4195 989 4255 Dominus
1014 4191 1135 4254 JESUS

62 4273 264 4337 CHRISTUS
284 4288 315 4338 et
327 4277 468 4339 salvator
494 4279 662 4341 resurrexit
685 4279 869 4356 amormis,
892 4283 935 4340 ita
954 4290 986 4339 et
1006 4298 1062 4339 noa
1085 4296 1137 4336 re-
