2768 4762
264 395 341 467 sta
510 383 515 394 ·
571 381 638 481 nna
666 372 1044 443 6666666666

267 581 409 641 resistere
439 571 539 634 malo:
579 568 633 630 sed
652 569 678 630 si
700 568 772 649 quis
792 577 824 627 te
843 563 1035 648 percusserit
1052 564 1087 623 in
1111 562 1285 626 dexteram
1301 588 1358 630 m·

267 686 371 748 xillum
402 693 478 755 etc,
515 689 546 738 et
570 678 616 750 ei,
648 672 793 756 quivult
827 685 930 733 tecum
955 671 988 731 in
1009 670 1133 753 jndicio
1152 675 1354 755 contendere,

270 806 301 854 et
322 793 459 851 tunicam
484 800 570 847 tuam
594 782 729 858 tollere,
762 781 883 841 dimitte
904 781 932 839 ei
955 791 986 839 et
1001 779 1143 863 pallium:
1193 781 1264 857 Qui
1288 790 1354 866 petit

271 921 289 960 a
315 911 357 973 tc,
376 896 415 956 da
433 897 460 954 ei
471 918 483 952 :.
512 905 544 954 et
561 889 683 955 ‚volenti
701 901 844 949 mutuare
867 899 937 963 ate,
959 907 998 946 ne
1020 889 1185 948 avertaris.
1233 889 1352 974 Diligite

193 992 200 1017 '
273 1007 415 1067 inimicos
439 995 578 1076 vestros,
612 997 784 1059 benefacite
801 995 872 1073 his,
894 997 947 1076 qni
965 993 1102 1056 oderunt
1119 1016 1202 1058 vos:
1234 1011 1268 1060 et
1281 1015 1353 1062 orate

272 1135 334 1198 pro
373 1106 631 1194 persequentibus
665 1117 697 1165 et
732 1101 994 1166 calumniantibus
1018 1124 1093 1167 vos:
1121 1115 1170 1167 ut
1203 1107 1276 1170 sitis
1306 1108 1351 1172 filii

274 1220 373 1306 patris
402 1219 516 1295 vestri,
548 1216 602 1299 qui
626 1216 658 1274 in
679 1211 771 1276 caelis
807 1223 881 1275 est„
950 1216 958 1235 '

725 1368 728 1373 ’
755 1403 878 1481 xvu.

347 1591 459 1701 Quid
498 1588 540 1671 in
582 1603 726 1672 octavo
765 1603 985 1703 praecepto
1025 1586 1304 1703 comprehen-

720 1758 814 1811 sum
842 1732 936 1811 est?
971 1719 977 1729 ’

104 1958 158 1999 66.
183 1962 217 2000 u.
241 1962 273 2001 6,
366 1918 437 1998 A
479 1915 726 1990 Prohibemur
761 1941 807 1990 eo
844 1915 980 1988 falsum
1014 1911 1239 1988 dolosumre
1263 1918 1351 1991 testi

104 2003 218 2096 -1311ἷ111
226 2009 271 2096 ap
288 2040 453 2112 monium
486 2039 524 2110 in
550 2063 775 2136 quemquam
801 2038 991 2136 proferre,
1018 2053 1055 2108 st
1078 2061 1230 2135 quoquo
1247 2042 1357 2114 modo

103 2106 140 2145 Ι)
140 2060 273 2146 66661666,

104 2153 151 2291 ,11
144 2129 277 2298 ,ἓξὲξ
289 2163 448 2265 proximi
472 2188 622 2234 causam
652 2162 690 2233 in
715 2158 858 2261 judicio
882 2161 1122 2239 subvertere,
1156 2160 1218 2233 rel
1250 2167 1357 2237 ctiam

105 2307 253 2397 ξιξιῇξ,
215 2305 245 2343 ι
253 2304 392 2390 ιξειῑιι
425 2285 608 2386 judicium
643 2285 778 2367 famam
813 2285 913 2358 illius
943 2283 1118 2359 laedere:
1154 2286 1351 2384 quodsum

105 2401 183 2489 611611
184 2355 327 2540 16,1.’6111.Η6
348 2437 372 2483 a
397 2410 683 2505 susursonibus‚
716 2407 1015 2499 detractoribus,
1043 2409 1270 2496 maledicis,
1290 2411 1352 2482 cri·

123 2499 168 2586 137
170 2502 531 2639 aiminatorrbus
557 2551 595 2606 et
620 2532 887 2606 adulatoribus.
937 2533 1107 2605 Breviter
1137 2559 1251 2607 omne
1272 2560 1354 2604 men·

153 2702 254 2844 ὦ,
162 2655 455 2784 ”ἶΞΞόεοὶωιι,
488 2675 527 2731 66
553 2657 673 2730 omnis
702 2657 852 2757 linguae
885 2675 1016 2730 contra
1037 2659 1257 2758 proximum
1280 2660 1353 2730 abu·

217 2793 277 2880 ’,ζξ
289 2810 352 2858 sus
383 2785 446 2856 hic
481 2781 730 2853 interdicitur

107 2941 222 3034 llil
202 2947 234 2984 12
226 2945 277 3033 ,6,
326 3004 331 3012 .
385 2909 428 2980 B.
479 2908 666 2978 Doccmur
706 2903 854 2976 interim
894 2901 941 2975 de
976 2903 1151 3003 proximo
1190 2902 1295 2978 bene
1327 2918 1351 2974 et

108 3047 205 3180 ξξιξ
209 3038 277 3181 ,7,Ερ
288 3028 483 3106 commode
522 3031 649 3128 loqui,
698 3053 832 3128 nempe
867 3027 915 3099 sd
958 3027 1059 3100 illius
1104 3026 1352 3103 defensionen

108 3186 276 3284 ,’6,6,6,,6
255 3161 325 3232 det
349 3153 602 3230 utilitatem
571 3177 653 3226 sins
677 3152 790 3239 fuco,
823 3150 1078 3242 simulatione,
1105 3151 1316 3228 insidiisrc

553 3374 1090 3453 SCRIPTURAE.

369 3546 405 3609 A.
448 3549 578 3610 Levit
603 3548 710 3610 XIX.:
731 3548 802 3611 Non
822 3545 1022 3624 mentiemini,
1043 3566 1100 3607 neo
1112 3544 1261 3633 decipiet
1278 3567 1355 3611 nnus·

287 3658 419 3738 quisque
451 3656 626 3739 proximum
659 3679 755 3724 suum.
798 3655 869 3718 Non
893 3655 986 3716 facies
1008 3654 1197 3717 calumniam
1228 3661 1354 3742 proximo

284 3775 359 3838 tuo,
391 3744 463 3823 nec
482 3763 513 3822 vi
543 3767 699 3849 opprimes
729 3787 807 3826 eum.
856 3762 927 3824 Non
948 3762 1111 3824 maledices
1140 3765 1260 3826 surdo.
1302 3765 1356 3825 lion

285 3870 396 3946 sacres,
437 3871 525 3953 quod
554 3873 694 3954 iniquum
725 3885 793 3950 est,
826 3893 882 3932 nec
911 3871 1028 3952 injuste
1057 3870 1234 3954 judicabis.
1290 3875 1360 3936 lusa

282 3976 388 4058 judica
411 3981 553 4060 proximo
576 3991 644 4041 tuo.
684 3979 756 4040 Non
778 3981 838 4039 eris
864 3980 1062 4058 criminator,
1098 4000 1157 4043 nec
1176 4002 1319 4046 susurro
1338 3983 1361 4039 ἰι

282 4083 403 4168 populo
432 4097 490 4143 etc.

286 4272 289 4276 Ι
367 4189 488 4250 Exod.
510 4191 648 4254 XXIII.:
681 4193 752 4255 Non
780 4195 931 4278 suscipies
962 4215 1070 4256 vocem
1106 4194 1290 4262 mendacii:
1318 4214 1364 4257 net

284 4300 459 4384 conjungas
482 4318 604 4363 manum
633 4313 736 4382 tuam,
771 4314 809 4364 ut
835 4323 895 4388 pro
917 4303 1015 4389 impio
1034 4298 1118 4365 dicas
1141 4301 1267 4371 falsum
1287 4304 1365 4371 testi·
