2768 4762
194 382 279 457 πμ
376 426 378 431 ,
504 379 575 468 nn
613 377 871 445 caumana
910 382 976 445 nr

201 566 306 629 bunt:
331 560 596 631 conclamabunt
627 564 660 625 in
684 575 810 650 gutture
838 586 905 629 mo.
959 565 1080 631 Similes
1108 564 1170 634 illis
1190 570 1280 654 fiant,

204 676 260 759 qui
283 673 475 749 faciuntea,
495 683 527 733 et
541 691 664 747 omnes,
685 672 743 753 qui
762 669 927 736 confidunt
940 674 972 734 in
986 677 1041 738 cis.
1072 694 1074 699 ·

286 827 371 916 Lev.
390 823 494 887 xlxz
514 822 586 885 Non
606 822 857 907 augurabimini,
888 845 946 886 nec
970 825 1175 891 observabitis
1192 851 1284 892 som·

202 930 264 1023 nii,
305 932 379 996 Non
412 929 572 993 declinetis
587 929 628 991 ad
645 952 767 1016 magos,
794 951 853 993 nec
869 932 910 994 ab
932 934 1040 996 ariolis
1061 936 1182 1019 aliquid
1203 943 1283 1001 scis-

203 1042 360 1128 citemini,
404 1050 441 1101 ut
473 1037 657 1123 polluamini
687 1059 746 1124 per
782 1060 846 1102 eos.
907 1038 976 1125 Ego
1004 1041 1158 1105 Dominus
1191 1045 1280 1108 Deus

203 1163 314 1213 vester.

214 1294 217 1299 ’
284 1279 337 1341 Et
356 1275 446 1339 XX:
467 1272 578 1338 Anima
611 1294 693 1360 qnae
721 1275 922 1339 declinaverit
955 1275 996 1338 ad
1016 1297 1120 1362 magos
1142 1292 1174 1342 et
1194 1285 1281 1345 ario-

202 1389 267 1462 los,
289 1395 322 1446 et
342 1383 497 1445 fornicata
521 1384 619 1445 inerit
639 1406 710 1446 cum
732 1387 797 1464 eis,
818 1406 935 1470 ponam
956 1384 1065 1445 faciem
1084 1407 1181 1446 meam
1201 1409 1282 1450 con·

203 1509 254 1561 tra
281 1514 367 1568 eam,
401 1501 438 1552 ut
459 1488 645 1553 interficiam
669 1513 734 1552 eam
755 1493 917 1554 demedio
947 1491 1058 1576 populi
1081 1495 1139 1554 sui.
1183 1496 1225 1556 Et
1247 1500 1279 1556 in

165 1592 169 1613 ⁴
203 1601 267 1665 line
287 1600 417 1684 capitis:
439 1597 499 1659 Vir
520 1601 582 1661 sive
603 1600 734 1677 mulier,
756 1603 788 1660 in
812 1599 926 1682 quibus
947 1599 1140 1683 pythonicus
1162 1603 1210 1662 vcl
1229 1604 1280 1663 di-

137 1756 140 1767 .
203 1705 371 1771 virationis
399 1704 495 1766 suerit
519 1708 667 1788 spiritus,
700 1719 801 1769 morte
832 1709 1024 1768 moriantur:
1048 1706 1204 1792 lapidibus
1217 1710 1281 1772 ob-

205 1827 300 1877 ruent
321 1834 391 1875 eos:
412 1814 534 1895 sanguis
557 1834 664 1874 eorum
684 1816 725 1875 sit
746 1834 839 1899 super
862 1813 944 1876 illos.

205 1966 213 1977 ·
290 1941 399 2004 Eccl.
423 1941 595 2002 XXXIV.»
615 1941 665 2002 Ab
688 1945 847 2006 immundo
870 1943 947 2027 quid
966 1943 1191 2005 mundabitur?
1212 1958 1242 2007 et
1261 1966 1279 2006 a

205 2050 352 2116 mendace
384 2046 463 2130 quid
484 2068 591 2109 verum
624 2049 769 2110 dicetur?
811 2051 970 2113 Divinatio
991 2054 1107 2112 erroris
1130 2065 1161 2113 et
1182 2073 1282 2138 augu-

204 2163 252 2226 ria
272 2153 449 2232 mendacia,
476 2166 518 2239 et
538 2159 657 2218 somnio
678 2157 936 2220 malefacientium
954 2159 1070 2218 vanitas
1091 2169 1145 2218 est.

235 2348 238 2355 ,
285 2288 305 2356 J
317 2307 392 2350 oan
405 2306 435 2346 a.
458 2283 533 2346 Νη
556 2285 664 2351 'Venit
685 2286 766 2350 hora
788 2300 819 2349 et
839 2309 922 2349 nunc
943 2299 1007 2366 est,
1040 2289 1187 2370 quoniam
1207 2290 1277 2348 veri

199 2397 385 2461 adoratores
420 2391 599 2456 adorabunt
630 2392 755 2455 Patrem
776 2397 807 2456 in
829 2398 944 2480 spiritu
973 2406 1005 2457 et
1022 2397 1159 2456 veritate.
1202 2395 1282 2455 Nam

201 2519 236 2568 ct
267 2504 361 2567 Pater
391 2499 467 2565 tales
502 2504 647 2583 quaerit,
687 2504 741 2586 qui
774 2502 907 2566 adorent
937 2525 1019 2565 eum.
1073 2502 1208 2585 Spiritus
1232 2516 1278 2564 cst

202 2613 309 2676 Deusz
345 2620 377 2671 et
396 2629 469 2687 cos,
491 2610 547 2691 qui
568 2608 702 2672 adorant
725 2630 816 2690 eum,
850 2613 883 2672 in
903 2613 1018 2699 spiritu
1039 2624 1070 2673 ct
1090 2611 1219 2672 veritate
1241 2631 1279 2670 o·

202 2731 310 2806 portet
331 2717 475 2780 adorare.

285 2850 388 2911 Rom
411 2846 473 2907 K:
508 2845 595 2908 Dicit
615 2847 697 2906 enim
717 2848 896 2931 scripturas
930 2847 1060 2928 Omnis,
1094 2849 1151 2932 qui
1173 2846 1277 2912 credit

199 2962 234 3020 in
262 2957 371 3033 illum,
403 2974 469 3016 non
490 2954 714 3016 confundetur.
770 2954 842 3016 Non
864 2959 945 3017 enim
966 2969 1013 3018 est
1033 2957 1194 3017 distinctio
1220 2955 1280 3015 Ju·

200 3065 269 3128 daei
290 3075 322 3125 et
342 3062 477 3123 Graeci:
498 3082 567 3122 nam
590 3061 670 3121 idem
691 3062 843 3130 Dominus
865 3069 1022 3143 omnium,
1044 3064 1129 3125 dives
1151 3064 1184 3124 iu
1208 3083 1278 3123 om-

87 3232 91 3244 ,
198 3194 270 3250 nes,
306 3171 360 3254 qni
382 3170 528 3229 invocant
549 3167 646 3228 illum.
690 3167 798 3231 Omnis
821 3172 902 3232 enim
914 3215 925 3250 ,
947 3174 1127 3257 quicunque
1148 3171 1278 3230 invoca·

197 3281 278 3341 verit
299 3295 411 3338 nomen
434 3273 582 3352 Domini,
605 3273 707 3337 salvus
731 3280 800 3339 erit.

279 3408 471 3472 1-Jnann.
499 3402 573 3465 Νι
608 3404 742 3486 Omnis,
773 3409 828 3490 qui
862 3404 986 3491 diligit,
1017 3427 1054 3469 ex
1080 3405 1150 3468 Deo
1184 3417 1273 3466 natus

196 3525 261 3590 est,
300 3524 331 3573 et
364 3513 527 3595 cognoscit
555 3510 685 3574 DEUM.
741 3516 805 3590 Qui
838 3536 901 3576 non
939 3514 1062 3598 diligit,
1098 3535 1162 3575 non
1184 3490 1272 3574 novit

194 3619 334 3680 DEUMt
364 3620 511 3701 quoniam
538 3617 624 3678 Deus
646 3621 757 3681 caritas
777 3633 832 3681 est
872 3621 910 3681 Iu
933 3620 995 3682 hoc
1017 3624 1167 3705 apparuit
1189 3624 1272 3679 cari-

194 3738 240 3789 tas
265 3727 324 3787 Dei
349 3728 381 3786 in
403 3723 514 3802 nobis,
551 3727 700 3807 quoniam
732 3725 832 3788 lilium
860 3749 950 3788 suum
971 3731 1165 3812 unigenitum
1192 3729 1277 3787 misit

192 3833 304 3894 DEUS
326 3835 357 3894 in
378 3832 549 3910 mundum,
583 3844 619 3893 nt
639 3835 774 3896 vivamus
793 3856 852 3920 per
873 3857 952 3898 eum.
1001 3836 1038 3896 In
1059 3834 1122 3897 hoc
1146 3846 1191 3897 est
1220 3855 1275 3893 ca·

193 3943 287 4005 ritas:
325 3962 390 4001 non
411 3942 500 4021 quasi
520 3960 578 4001 nos
601 3937 796 4003 dilexerimus
812 3945 935 4022 Deum,
958 3943 1012 4004 sed
1035 3944 1183 4029 quoniam
1206 3944 1274 4025 ipsc

191 4050 283 4132 prior
306 4045 412 4106 dilexit
431 4068 505 4125 noa,
536 4058 568 4109 et
588 4049 671 4110 misit
692 4047 792 4111 filium
813 4072 904 4112 suum
925 4053 1185 4134 propitiationem
1208 4071 1273 4132 pro

191 4153 474 4238 peccatisnostris.
516 4153 555 4214 ln
577 4152 640 4214 hoc
663 4158 897 4240 cognoscimus,
919 4161 1069 4242 qnoniam
1091 4160 1124 4218 in
1145 4176 1183 4218 co
1206 4177 1275 4219 ma·

189 4278 322 4340 mm,
348 4269 388 4324 et
417 4261 484 4346 ipsc
516 4259 550 4324 in
570 4260 685 4342 nobis,
717 4263 867 4347 qnoniam
901 4263 942 4330 dc
961 4267 1079 4352 spiritu
1098 4285 1157 4328 sno
1180 4263 1272 4328 dedit
