2768 4762
277 370 327 437 ῃ
656 356 729 423 nu
770 328 908 425 rina
935 362 1020 446 sr

278 568 340 631 que
364 544 563 609 fundamento
585 543 727 609 aedificet
747 547 884 625 domum,
905 558 962 609 aut
981 547 1009 609 si
1027 544 1246 631 praetermisso
1270 552 1354 613 ostio

277 633 353 693 velit
375 634 506 694 introire
526 650 584 715 per
606 642 738 693 tectum:
760 630 809 693 vel
828 632 868 705 ‚st
885 632 1070 707 (tituta-sino¹
1091 629 1207 705 lumine
1227 635 1356 697 inierat

277 736 441 797 gressum,
476 728 576 778 totum
604 736 637 777 se
663 715 785 787 clausis¹
809 713 921 799 oculit-
940 727 1052 801 urgeat
1080 716 1112 777 in
1144 716 1350 800 profundum.

277 801 364 861 Hanc
391 822 466 884 ergo
493 798 585 861 nobis
613 798 707 861 fidem
726 799 811 861 velut
832 802 973 883 maguam
993 799 1184 884 lampadem,
1206 800 1352 864 Christus

279 886 456 961 adveniens,
479 882 655 945 errantibus
670 886 749 945 viam
764 895 992 945 monstraturus
1005 884 1163 962 exhibuit,
1186 906 1353 971 perquem

277 971 378 1066 possit
402 970 485 1031 Deus
509 970 635 1053 ignotus
656 969 794 1052 requiri,
825 969 980 1059 quaesitus
1007 968 1110 1047 credi,
1139 969 1277 1033 creditus
1303 973 1354 1031 iu-

277 1073 385 1113 vcmn.
797 1076 800 1081 ·
969 1078 972 1083 ·
1276 1082 1280 1087 ·

363 1172 393 1226 2.
416 1157 615 1219 CYRILLUS
636 1156 801 1222 Hierosol.
815 1156 972 1221 Catcches.
1004 1158 1043 1221 V.
1066 1159 1184 1221 illum.=
1228 1158 1348 1223 Oculus

144 1235 181 1277 ³⁸⁰
205 1259 213 1282 ’
281 1264 400 1305 omnem
413 1243 587 1305 illuminans
598 1244 816 1305 conscientiam
829 1257 875 1305 est
888 1241 984 1321 tides,
1007 1257 1038 1305 ct
1051 1245 1281 1329 intelligentium
1301 1244 1351 1305 el·-

279 1326 395 1427 ficiens.
438 1328 525 1388 Dicit
537 1328 619 1388 enim
639 1324 815 1411 Prophetas
836 1328 904 1389 Nisi
918 1328 1123 1407 credideritis,
1144 1350 1211 1391 uon
1232 1328 1350 1391 intelli-

280 1424 366 1497 getis.

362 1533 391 1589 3.
423 1516 751 1582 CHRYSOSTOMUS
773 1519 805 1579 in
826 1538 916 1581 serm.
950 1516 1063 1581 desid.
1085 1540 1160 1605 spe,
1193 1518 1224 1581 et
1244 1518 1348 1581 chan:

278 1604 369 1705 Iffides
392 1616 438 1665 est
462 1606 552 1704 origo
571 1604 722 1703 justitiae,
744 1606 913 1666 sanctitatis
927 1610 1040 1747 'caput
1062 1603 1234 1702 devotionis
1257 1606 1351 1689 prin·

275 1687 891 1834 illsttilithi-'‘llttmtt.
905 1686 970 1831 ill
983 1688 1349 1835 ''tttttttmltfi

275 1794 494 1918 tipmppctpndip
538 1857 596 1916 Est
629 1816 708 1914 enim
733 1854 810 1917 lidcs
835 1858 983 1916 innocens
1007 1877 1042 1917 ac
1063 1795 1143 1940 pidre
1160 1857 1346 1921 credulitas:

277 1962 340 2023 qua
367 1943 406 2002 ad
427 1940 548 1999 DEUM
571 1938 761 2018 accedimus,
803 1960 865 2021 qua
885 1943 1057 2024 praeceptis
1082 1942 1261 2019 insistimus
1280 1962 1347 2025 que

277 2028 396 2108 expiata
427 2034 528 2085 mente
558 2023 727 2084 Dominum
754 2045 944 2085 veneramur.
987 2024 1057 2086 Hoc
1081 2025 1217 2086 excludit
1237 2025 1344 2105 dubia,

276 2122 361 2171 tenet
380 2110 648 2192 cextappromissa
672 2110 840 2191 consignat.
883 2108 970 2168 Hanc
983 2111 1038 2191 qui
1062 2121 1155 2185 tenet,
1184 2108 1256 2170 felix
1277 2124 1345 2172 cst:

277 2197 330 2274 qui
355 2193 532 2271 deseruerit,
554 2194 654 2253 miser.
698 2194 780 2253 Haec
800 2194 833 2252 in
853 2191 993 2253 Ecclesia
1010 2195 1096 2277 sigua
1107 2193 1257 2272 ostendit,
1277 2197 1347 2259 xir-

275 2290 358 2339 tutcs
383 2291 510 2356 exercet,
533 2276 716 2359 charismata
738 2276 882 2360 complet.
1187 2280 1190 2287 '

360 2399 389 2455 4.
413 2384 609 2448 CYRILLUS
632 2381 718 2444 Alex.
751 2383 788 2442 L.
809 2383 864 2444 IV.
888 2384 920 2442 in
941 2383 1029 2443 Joan.
1064 2405 1131 2468 cap.
1160 2397 1190 2454 9.
1212 2386 1245 2445 in
1267 2382 1345 2447 haec

275 2469 379 2548 verba,
401 2473 495 2530 Amen
518 2490 605 2530 nmen
627 2467 698 2528 dico
720 2466 820 2543 robis,
841 2467 896 2549 qui
918 2467 1018 2528 crcdit
1040 2468 1151 2547 inme,
1185 2466 1280 2530 habet
1296 2472 1346 2530 vi-

274 2569 336 2616 tum
357 2567 528 2616 aeternam:
572 2556 667 2614 Ianua
687 2564 718 2613 et
736 2554 787 2613 via
807 2553 839 2611 in
861 2553 955 2612 vitam
971 2549 1047 2612 fides
1074 2565 1130 2629 est,
1151 2565 1183 2614 et
1199 2572 1344 2616 recursus

275 2640 401 2724 quidam
423 2652 514 2723 atque
535 2638 679 2700 reductio
701 2658 720 2698 a
742 2639 948 2723 corruptione
968 2638 1001 2698 in
1022 2638 1292 2701 inmortalitatem.

271 3094 393 3173 Estne
422 3083 560 3173 brevis
588 3082 724 3201 aliqua
751 3086 849 3171 fidei
875 3081 1120 3203 complexio,
1149 3116 1196 3169 ac
1231 3094 1342 3173 sum.

401 3259 469 3311 ma
498 3226 687 3311 omniurn
715 3226 835 3313 nohis
864 3227 1198 3313 credendorum?
1286 3272 1290 3281 ·
1329 3214 1334 3279 ’-

119 3368 164 3444 'as'
197 3415 215 3443 ¹·
237 3416 258 3493 ‘.
369 3419 437 3489 Est
461 3416 543 3495 illa,
580 3442 689 3529 quam
712 3416 910 3491 duodecim
935 3418 1109 3519 Apostoli
1142 3442 1211 3492 suo
1241 3402 1341 3517 tymi

182 3509 259 3641 Ἣ
271 3538 359 3612 holo
383 3539 634 3626 tradiderunt,
668 3568 853 3640 quamque
879 3541 919 3614 in
945 3544 1132 3619 sectiones
1158 3566 1226 3613 seu
1250 3539 1340 3611 arti·

95 3612 207 3691 ihil?
228 3612 248 3641 '¹

95 3651 256 3791 :afflffi
270 3663 375 3736 c'ulos
405 3663 604 3739 duodecim
640 3684 725 3766 apte
751 3666 1007 3739 distinxerunt.
1059 3664 1222 3765 Dignum
1246 3687 1339 3735 sane

93 3797 256 3889 :23⁸3ss
269 3812 363 3885 opus
383 3786 443 3858 his
469 3798 478 3827 ¹
497 3786 725 3875 auctoribus,
750 3790 816 3889 qui
834 3806 922 3891 post
934 3788 1121 3865 Christum
1138 3780 1339 3861 Dominum

92 3895 257 4048 ffiiffi
269 3910 490 3983 christianae
510 3908 598 3985 fidei
614 3914 808 4015 praecipui
824 3931 863 3987 ct
878 3912 1102 3989 sanctissimi
1119 3904 1338 3985 tuudntoiss

91 4042 253 4133 {52325123
268 4034 449 4108 exstitere.
485 4034 612 4137 ,Quod
638 4036 791 4135 quidem
810 4036 1024 4138 'symbolum
1051 4024 1340 4129 relut'illpstris

87 4142 252 4235 {illim
264 4172 353 4230 nota
374 4173 443 4250 est,
458 4184 533 4259 qua
547 4161 747 4236 Christiani
766 4158 815 4234 ab
832 4158 975 4285 impiis,
1001 4158 1068 4259 qui
1092 4156 1153 4235 vel
1183 4155 1338 4289 nullum,

88 4236 112 4281 d.
121 4238 252 4284 traditiose

89 4290 162 4343 ¹5¹⁸·
