2768 4762
194 472 197 477 ,
269 310 391 456 114.Ι
637 369 708 444 DE
741 368 877 438 FIDE
908 367 1021 431 ET·

272 508 303 601 s
354 574 383 629 ᾳ.
427 550 674 619 nsanannns
696 553 796 617 nn.
832 555 863 616 a.
895 554 1015 617 conae.
1050 552 1090 616 aa
1112 553 1247 640 auga:
1282 555 1352 645 ogs

92 651 189 742 agneti
199 651 261 738 ‘'012·
274 644 450 728 indagemus
472 643 577 703 adhuc
599 632 789 725 diligentius,
809 641 879 723 quis
900 642 962 717 sis,
984 659 1076 722 quarn
1094 661 1183 722 geras
1203 641 1351 707 videlicet

91 713 236 794 biblii?
249 711 334 814 ipro
354 742 496 811 tempore
519 746 683 809 personam
705 727 738 785 iu
763 725 904 788 Ecclesia
925 725 995 785 Dei.
1038 725 1119 800 Quis
1142 724 1195 785 esi
1238 726 1351 790 Sacer-

272 815 330 875 dos
354 829 658 896 magnus,-summus
677 809 828 891 pontifex.
871 809 921 869 Tu
942 807 1347 952 princepsEpiscoporum,

270 912 307 959 tu
331 896 437 959 haeres
454 892 704 978 Apostolorum,
725 905 763 955 tu
782 895 919 977 primatu
972 892 1046 970 bel,
1076 893 1250 975 gubernatu
1266 895 1348 974 Noe,

269 982 486 1067 patriarchatu
518 976 698 1054 Abraham,
728 978 862 1059 'ordine
896 973 1149 1053 Melchisedech,
1197 979 1349 1061 dignitate

241 1079 243 1085 ’
269 1066 393 1144 Aaron,
417 1065 602 1125 auctoritate
620 1062 762 1137 Moyses,
785 1061 928 1141 judicatu
951 1060 1095 1139 Samuel,
1117 1074 1275 1144 potestate
1284 1064 1349 1125 Pc-

264 1165 357 1228 trus,
389 1151 537 1208 unctione
569 1146 720 1207 Christus.
763 1145 813 1206 Tu
833 1167 886 1215 es,
919 1147 968 1206 cui
991 1146 1090 1207 claves
1114 1147 1269 1226 traditae,
1296 1153 1348 1210 cui

271 1256 344 1295 oves
374 1233 511 1295 creditae
543 1242 626 1290 sunt.
669 1229 751 1297 Sunt
782 1230 908 1311 quidem
942 1242 973 1290 ct
1001 1229 1054 1290 alii
1082 1230 1158 1290 caeli
1181 1232 1344 1312 janitores,

271 1332 302 1379 et
320 1340 446 1402 gregum
463 1329 622 1399 pastores:
646 1314 700 1375 sed
724 1327 760 1375 tu
782 1327 870 1376 tanto
890 1313 1074 1398 gloriosius,
1095 1327 1211 1396 quanto
1235 1328 1266 1377 et
1281 1316 1347 1377 dif-

272 1404 422 1465 ferentius
439 1403 587 1481 utrinque
607 1419 683 1483 prae
700 1401 828 1459 cacteris
842 1397 954 1460 nomen
971 1398 1180 1460 haereditasti.
1221 1399 1347 1462 Habent

88 1505 211 1546 raetorum
223 1509 262 1553 r·-
273 1487 320 1548 illi
349 1487 409 1547 sibi
437 1488 605 1569 assignatos
639 1505 763 1566 greges,
800 1482 912 1568 singuli
943 1483 1096 1568 singulos:
1127 1483 1188 1544 tibi
1209 1487 1345 1546 universi

88 1563 174 1643 3205„
191 1572 403 1657 οι..μοιέεῇἰῑὴ
440 1572 496 1629 uni
516 1589 606 1627 unus.
650 1568 714 1629 Nec
735 1567 830 1629 modo
853 1570 973 1646 ovium,
995 1569 1050 1631 scd
1071 1576 1103 1627 et
1122 1580 1283 1651 pastorum
1306 1583 1344 1630 tu

88 1648 239 1741 fflssnssrlffl'
273 1678 354 1718 unus
372 1657 510 1716 omnium
531 1665 649 1735 pastor.
692 1651 782 1712 Unde
802 1651 836 1712 id
857 1651 1010 1735 probem,
1036 1652 1183 1735 quaeris?
1205 1652 1251 1712 Ex
1270 1676 1345 1714 vcr-

91 1741 317 1809 iio-..pontifi-bo
343 1740 481 1800 Domini.
525 1739 583 1796 Cui
604 1740 685 1797 enim
712 1758 775 1795 non
806 1736 878 1797 dico
907 1736 1157 1821 Episcoporum,
1179 1737 1346 1799 sedetiam

92 1800 261 1887 {ll.l.“.⁰¹⁰¹¹²⁸'
274 1824 501 1908 Apostolorum
522 1823 566 1881 sic
591 1819 734 1881 absolute
752 1833 783 1881 et
799 1820 964 1883 indiscrete
978 1834 1064 1882 totae
1080 1822 1257 1883 commissae
1273 1837 1347 1884 sunt

91 1899 237 1943 ³¹¹'¹¹·²¹'¹⁷’
274 1909 371 1969 ovcsl
413 1907 447 1965 Si
470 1926 518 1965 mc
540 1926 630 1982 amas,
652 1904 761 1980 Petre,
784 1926 874 1988 pasce
896 1927 968 1966 oves
996 1926 1089 1972 meas.
1132 1906 1237 1981 Quas?
1258 1907 1348 1968 Illius

107 1995 109 1999 ‘
273 1992 321 2053 rel
349 1991 433 2051 illius
468 1989 605 2073 populos
632 1991 781 2065 civitatis,
804 2002 856 2050 aut
877 1991 1035 2072 regionis,
1056 2003 1111 2051 aut
1132 2002 1214 2049 certe
1236 1992 1347 2074 regnil

276 2076 358 2137 Oves
384 2095 481 2151 meas,
515 2075 628 2154 inquit.
671 2073 730 2132 Cui
754 2094 818 2134 non
839 2074 995 2157 planum,¹
1013 2096 1076 2136 non
1097 2074 1267 2156 designasse
1286 2075 1349 2135 ali-

274 2183 373 2242 quas,
397 2159 451 2218 scd
473 2157 646 2260 adsignasse
672 2157 801 2217 omnes?
842 2156 930 2219 Nihil
958 2161 1131 2243 excipitur,
1151 2157 1207 2216 ubi
1232 2158 1347 2220 distin-

273 2247 380 2328 guitur
397 2243 503 2302 nihil..
529 2242 573 2304 lat
590 2243 673 2302 forte
697 2246 872 2324 praesentes
888 2246 1001 2304 caeteri
1019 2241 1223 2325 condiscipuli
1246 2258 1346 2321 erant,

274 2351 345 2389 cum
375 2330 568 2388 committens
596 2320 651 2386 uni
679 2328 829 2402 unitatem
859 2327 1002 2390 omnibns
1034 2328 1280 2405 commendaret,
1313 2332 1347 2388 in

96 2435 227 2479 caereis.
273 2435 338 2475 rino
360 2431 469 2496 grege,
492 2414 524 2472 iu
546 2432 611 2471 uno
633 2424 775 2494 pastore,
809 2412 980 2474 secundum
1008 2412 1103 2473 illud:
1133 2412 1201 2474 Una
1223 2424 1267 2473 est
1290 2434 1349 2472 co-

274 2496 378 2559 lumba
410 2518 494 2574 mea,
525 2497 663 2557 formosa
691 2516 775 2570 mea,
800 2498 938 2580 perfecta
959 2518 1035 2558 mea.
1077 2496 1143 2559 Ubi
1160 2498 1277 2575 unitas,
1299 2497 1346 2557 ibi

271 2584 436 2666 perfectio.
479 2581 603 2662 Reliqui
635 2583 755 2640 numeri
779 2582 1004 2664 perfectionem
1035 2603 1101 2645 nou
1124 2581 1255 2657 habent,
1291 2582 1344 2642 scd

274 2669 477 2742 divisionem,
500 2666 677 2725 recedentes
702 2665 741 2725 ab
762 2668 888 2727 unitate.
931 2668 1008 2727 Inde
1027 2679 1083 2743 est,
1106 2667 1194 2747 quod
1217 2665 1268 2726 elii
1282 2669 1348 2726 sin-

245 2814 248 2819 ,
274 2752 336 2835 guli
358 2750 492 2833 singulus
515 2752 620 2811 sortiti
639 2762 713 2810 sunt
730 2749 847 2833 plebes,
868 2754 1239 2812 scientessacramcntum.
1282 2752 1349 2810 De-

272 2839 367 2918 nique
391 2833 543 2910 lacobus,
567 2834 621 2914 qui
641 2832 806 2895 videbatur
824 2835 967 2896 columna
982 2834 1161 2912 Ecclesiae,
1184 2855 1247 2895 una
1269 2857 1349 2896 con-

272 2934 375 2983 tentus
409 2931 454 2978 est
480 2918 714 2995 Hierosolyma,
736 2920 833 2978 Petro
862 2922 1089 2982 universitatem
1103 2919 1226 2979 cedens.
1268 2919 1349 2979 Pul-

272 3005 347 3065 chre
382 3023 457 3064 vero
489 3002 533 3063 ibi
553 3006 675 3088 positus
695 3016 741 3063 est
767 3005 918 3064 suscitare
947 2996 1049 3068 semen
1066 3004 1205 3064 defuncti
1227 3005 1346 3082 fratris,

270 3089 327 3149 uhi
352 3090 471 3149 occisus
499 3100 544 3148 est
564 3087 625 3147 illc.
669 3087 745 3147 Nam
771 3087 873 3149 dictus
901 3103 948 3151 est
968 3090 1066 3152 frater
1082 3090 1219 3149 Domini.
1262 3089 1348 3150 Por·

272 3196 309 3233 ro
325 3172 454 3232 cedente
476 3171 604 3232 Domini
629 3171 745 3248 fratre,
775 3175 845 3254 quis
866 3195 899 3234 se
920 3173 999 3235 alter
1016 3178 1136 3259 ingerat
1146 3173 1234 3233 Petri
1253 3193 1349 3255 prae-

272 3255 448 3341 rogativae?
472 3255 557 3339 Ergo
578 3257 663 3336 juxta
688 3277 819 3318 canones
841 3270 915 3320 tuos
934 3260 988 3319 alii
1011 3261 1042 3319 in
1062 3269 1181 3341 partem
1201 3255 1348 3316 solicitu-

272 3344 372 3417 dinis,
404 3354 439 3402 tu
462 3341 494 3398 in
515 3339 739 3422 plenitudinem
765 3346 927 3424 potestatis
954 3356 1082 3404 vocatus
1116 3361 1157 3402 es.
1199 3338 1345 3402 Aliorum

270 3438 407 3510 potestas
429 3427 520 3486 certis
542 3437 681 3485 arctatur
701 3425 868 3486 limitibus:
889 3439 943 3488 tua
962 3427 1138 3488 extenditur
1158 3426 1231 3486 etin
1246 3427 1341 3509 ipsos,

272 3513 325 3592 qni
347 3521 529 3592 potestatem
546 3529 641 3590 super
666 3509 744 3570 alios
771 3524 967 3593 acceperuut.
1010 3512 1121 3573 Nonne
1141 3512 1166 3570 si
1189 3527 1279 3569 causa
1290 3528 1345 3566 ex-

271 3597 396 3669 stiterit,
420 3606 455 3652 tu
478 3596 625 3676 episcopo
646 3593 763 3655 caelum
783 3592 949 3666 claudere,
970 3609 1007 3657 tu
1029 3599 1129 3679 ipsum
1151 3593 1190 3654 ab
1212 3593 1347 3676 Episco-

269 3684 348 3763 patu
366 3677 539 3761 deponere,
575 3680 668 3739 etiam
685 3690 716 3738 ct
737 3678 860 3739 tradere
883 3693 1004 3742 satanae
1025 3676 1137 3764 potcsl
1179 3678 1247 3739 Stat
1268 3698 1346 3760 ergo

159 3804 169 3813 -
271 3769 488 3824 inconcussum
516 3762 712 3844 privilegium
742 3776 831 3823 tuum
863 3764 922 3825 tibi
955 3779 1017 3827 tam
1040 3768 1071 3823 iu
1094 3763 1175 3823 datis
1199 3762 1348 3839 clavibus,

273 3870 365 3931 quam
396 3849 429 3906 iu
451 3844 561 3906 ovibus
581 3847 810 3907 commendatis.
851 3848 968 3934 Accipe
988 3849 1094 3926 aliud,
1117 3846 1205 3929 quod
1229 3847 1350 3909 nihilo·

92 3946 235 3997 πωπω,
271 3936 373 3994 minus
405 3932 650 4013 praerogativam
674 3930 839 3995 confirmat
860 3934 929 3994 tibi.
973 3931 1128 4017 Discipuli
1151 3932 1350 4017 navigabant,

230 4042 233 4053 ·
273 4031 305 4079 et
324 4016 477 4076 Dominus
506 4015 677 4096 apparebat
700 4020 733 4078 in
762 4017 872 4079 litore:
901 4020 1052 4102 quodque
1073 4016 1245 4101 jucundius
1271 4029 1351 4094 erat,

271 4107 303 4161 in
336 4119 472 4180 corpore
497 4100 643 4163 redivivo.
658 4086 667 4146 ¹,
688 4101 793 4163 Sciens
815 4104 942 4182 Petrus,
965 4107 1038 4187 (pria
1056 4104 1211 4163 Dominus
1229 4114 1292 4180 cst,
1316 4104 1350 4160 in

254 4205 354 4255 mare
377 4204 409 4242 sc
429 4184 524 4245 misit:
561 4187 657 4245 etsie
679 4186 821 4248 venitad
847 4191 965 4272 ipsum,
999 4186 1067 4250 aliis
1086 4189 1210 4269 navigio
1236 4207 1352 4269 perve-

270 4266 434 4329 nientibus.
479 4268 566 4345 Quid
588 4268 694 4331 istudl
737 4270 854 4356 Nempe
874 4275 994 4358 signum
1027 4271 1189 4357 singularis
1211 4268 1351 4335 Pontifi-
