2768 4762
258 384 336 455 398
510 372 1087 453 ΒΕΡΜΕΟΕΡῊΕ

83 612 143 646 m„
157 591 251 640 „mu
262 563 412 625 ditionem
433 556 681 648 Apostolorum,
702 571 774 624 toto
797 581 898 640 auno,
918 574 1061 649 temporo
1078 557 1176 625 uobis
1194 578 1348 648 congruo

84 650 164 692 tradit.
176 650 253 699 apost·
261 650 447 732 jejunamus·

101 754 252 800 assitme«
346 746 374 799 2.
420 729 671 794 EPIPHANIUS
695 741 778 792 cont.
800 728 872 793 tar.
895 730 1012 793 haeres.
1035 745 1110 801 75..·
1132 727 1161 791 A
1183 752 1258 815 quo
1272 755 1345 796 vero

86 802 334 878 ‘⁰¹³⁵⁰⁰·‘²⁶‘non‘
359 838 514 878 assensum
537 829 583 878 est
616 820 647 876 in
678 816 821 877 omnihus
852 815 939 878 orbis
969 829 1122 877 terrarum
1146 819 1345 899 regionibns,

263 902 352 986 quod
385 915 498 984 quarta
525 913 556 961 et
582 901 775 985 prosabbato
808 903 963 984 jejunium
997 914 1043 964 est
1075 905 1108 962 iu
1131 902 1271 963 ecclesia
1293 905 1346 964 de·

263 986 401 1048 cretum?
443 987 477 1047 Si
510 1007 585 1047 vero
619 989 709 1057 etiam
742 1000 870 1069 oportet
892 989 1147 1048 constitutionem
1169 985 1348 1071 Apostolo-

109 1085 230 1145 vstecto·
264 1072 519 1154 compressere,
553 1070 713 1154 quomodo
739 1069 804 1130 illic
823 1070 1045 1147 decreverunt,
1076 1084 1193 1154 quarta
1214 1085 1249 1133 et
1271 1094 1348 1156 pro·

84 1131 394 1237 dillidfflpfifsabbato
425 1158 580 1238 jejunium
604 1176 662 1239 per
695 1158 822 1232 omnia,
856 1169 980 1239 excepte
1007 1155 1221 1218 Pentecoste:
1258 1170 1291 1218 et
1312 1159 1347 1219 de

85 1241 314 1302 '‘⁰¹·⁶·¹⁶·“sex
344 1241 453 1301 diebus
486 1241 669 1316 Paschatis,
703 1240 863 1323 quomodo
896 1243 1093 1324 praecipiunt
1113 1239 1346 1303 nihilomnino

84 1300 117 1337 ’θ’
264 1327 422 1410 accipere.
458 1346 550 1409 quam
572 1346 681 1409 panem
702 1336 733 1387 et
755 1325 848 1385 salem
864 1336 895 1385 et
912 1345 1022 1407 aquam
1041 1337 1123 1401 etc,
1146 1328 1346 1389 manifestum

264 1423 318 1472 est.
361 1410 482 1471 Deinde
500 1432 574 1471 vero
606 1413 633 1470 si
665 1411 787 1470 nonde
815 1410 922 1470 eodem
953 1422 1136 1494 argumento
1159 1425 1346 1491 quartarum

263 1509 295 1557 et
318 1494 597 1579 prosabbatorum,
632 1496 724 1555 iidem
755 1494 900 1577 Apostoli
941 1496 972 1554 in
996 1497 1227 1556 constitutione
1254 1497 1346 1559 dixis·

101 1587 252 1650 consuetedo
263 1593 346 1657 sent,
368 1584 457 1640 etiam
479 1580 570 1641 aliter
589 1580 729 1661 undique
753 1579 963 1640 demonstrare
984 1600 1153 1662 possemus.
1201 1581 1344 1642 Attamen

87 1640 301 1748 liil'ssll'iosde
326 1665 387 1726 hoc
415 1678 517 1727 exacte
549 1665 703 1727 scribunt.
747 1665 920 1747 Assumpsit
939 1677 1041 1725 autem
1058 1664 1227 1741 Ecclesia,
1261 1671 1344 1729 etin

85 1740 228 1784 ΜΨ·
261 1763 331 1810 toto
354 1752 470 1811 mundo
492 1772 629 1809 assensus
657 1751 754 1810 sactus
778 1762 839 1825 est,
862 1762 1023 1832 antequam
1044 1749 1285 1830 emetherius,
1315 1766 1344 1813 et

219 1846 224 1853 ‘
262 1834 373 1918 quiab
400 1839 468 1916 ipso
492 1835 688 1915 appellantur
710 1836 843 1894 A'eriani.
984 1860 988 1869 ·
1154 1874 1159 1883 -

347 1933 373 1985 1.
394 1920 435 1979 l).
480 1918 777 1978 etttttsos'rottt
800 1920 898 1977 Litur.
921 1919 983 1977 sive
1005 1917 1088 1977 offic.
1113 1920 1221 1996 Miss,
1255 1922 1342 2006 quod

262 2005 378 2062 Graece
409 2005 473 2083 ipse
512 2014 586 2087 post
620 2001 650 2060 S.
680 2002 826 2061 Basiliam
860 2014 890 2061 et
922 2002 955 2061 B.
976 2000 1340 2086 Jacobumconscripsit,

263 2100 366 2148 exstat.
410 2088 484 2160 Quo
513 2098 606 2168 pacto
638 2098 737 2144 autem
767 2086 839 2144 novi
874 2090 1046 2147 testamenti
1067 2108 1169 2149 noram
1194 2088 1339 2148 ohlatio-

262 2193 330 2230 nem
365 2170 507 2229 docuerit
542 2169 761 2246 CHRISTUS,
798 2190 923 2251 eamque
956 2171 994 2230 ab
1016 2171 1169 2256 Apostolis
1192 2171 1338 2234 Ecclesia

263 2257 432 2338 accipiens,
466 2257 500 2331 ,in
521 2256 665 2314 universo
689 2253 804 2314 mundo
824 2255 934 2314 offerat
958 2257 1043 2332 Deo,
1080 2255 1221 2317 videatur
1244 2257 1334 2319 latitas

264 2342 345 2400 inl'ra
370 2343 400 2399 in
422 2332 602 2421 quaestione
634 2342 761 2420 septima
789 2339 827 2399 de
854 2332 1058 2400 Eucharistia.
1082 2341 1117 2401 B.
1138 2342 1175 2402 C.

105 2431 232 2489 longinum
308 2494 315 2501 ,
351 2439 378 2494 1.
402 2425 437 2484 Ε.
482 2423 1077 2491 DAMASCENUSL.1V.01·th.s1d.
1104 2447 1130 2487 c.
1156 2440 1231 2496 ηε
1263 2427 1326 2486 los-

87 2488 254 2584 mpsim
265 2513 343 2596 ginis
365 2509 470 2571 honor
492 2510 529 2569 ad
553 2523 776 2592 prototypum,
798 2509 917 2585 idest,
940 2511 1117 2593 exemplar,
1139 2515 1330 2597 imaginisque

85 2585 203 2672 giffudi,
203 2594 254 2667 ffff
266 2601 423 2655 veritatem
443 2595 639 2654 transiertur.
683 2597 739 2655 Est
764 2609 867 2655 autem
888 2593 963 2654 haec
985 2596 1117 2657 traditio
1133 2620 1202 2658 non
1220 2601 1332 2679 scripta,

88 2682 156 2768 ⁶2¹3&
158 2691 243 2720 ⁸⁸⁸⁸⁸
265 2681 396 2763 perinde
425 2701 460 2738 ac
482 2680 673 2739 adorationis
704 2680 743 2739 ad
760 2680 939 2755 Orientem,
971 2681 1104 2753 adorare
1126 2684 1252 2744 scilicet
1272 2705 1336 2741 cru·

87 2744 244 2836 'lr'l’dttioneu
268 2788 347 2840 cetu,
376 2776 406 2823 et
431 2763 488 2822 alia
511 2765 664 2846 plurima,
691 2767 746 2838 iis,
769 2786 846 2844 quac
868 2766 949 2824 dicta
971 2778 1061 2842 stunt,
1086 2766 1216 2829 similia.
1250 2766 1333 2842 Quod

87 2835 368 2934 {flaussssfilliffautem
406 2848 538 2929 plurima
566 2853 662 2908 sancti
699 2848 843 2931 Apostoli
880 2848 1068 2911 tradiderint
1097 2852 1167 2911 sine
1209 2855 1333 2934 scripto,

85 2928 255 3018 522222¹¹²ffl⁰
266 2935 376 2996 scribit
398 2932 513 2992 Paulus
549 2938 684 3016 gentium
713 2933 902 3016 Apostolus:
931 2932 1013 2995 Eece
1043 2934 1180 3012 fratres,
1217 2950 1333 2998 stataet

85 3028 253 3071 altumalt-
267 3032 367 3080 tenete
394 3018 577 3078 traditiones
612 3030 751 3092 nostras,
785 3038 860 3099 quas
888 3016 993 3080 edocti
1013 3019 1085 3079 estis
1111 3023 1182 3080 sive
1203 3043 1333 3106 perser-

264 3125 405 3177 moncm,
433 3104 495 3161 sive
524 3123 580 3184 per
613 3103 775 3184 epistolam
805 3116 950 3163 nostram.
1005 3102 1048 3163 Et
1075 3104 1115 3163 ad
1143 3106 1333 3167 Corinthios:

263 3189 371 3250 Laudo
395 3200 494 3246 autem
521 3208 575 3246 vos
600 3187 727 3261 l'ratres,
763 3189 836 3269 quia
856 3208 914 3271 per
935 3189 1037 3249 omnia
1066 3190 1126 3250 mei
1154 3194 1332 3262 meministis,

265 3287 295 3334 et
319 3271 540 3333 sicusoodtdi
563 3269 668 3346 vobis,
688 3273 872 3333 traditiones
892 3274 1011 3333 tenetis.

64 3368 66 3377 '
92 3375 172 3434 κους.
190 3382 253 3420 rao.
349 3371 377 3424 2.
420 3356 528 3415 IDEM
551 3358 582 3415 in
607 3356 695 3431 libris
715 3358 816 3418 tribus
838 3358 876 3418 de
896 3357 1104 3441 imaginihus,
1130 3347 1334 3442 plurimorum

85 3424 255 3514 ζῗξξῂῗῗέζῖ
266 3454 410 3524 patruum
440 3440 641 3522 antiquordm
671 3444 844 3503 testimonia
877 3445 950 3503 citat
977 3443 1015 3502 de
1045 3448 1254 3507 veneratione
1274 3448 1334 3505 ime-

83 3524 239 3623 gffffujffl·
267 3528 393 3610 ginum:
427 3538 461 3586 ut
480 3527 664 3601 Dionysium
687 3525 922 3610 Areopagitam,
956 3526 1116 3605 Basilium,
1152 3530 1335 3607 Chrysosto

202 3614 206 3621 '
265 3631 366 3685 mum,
396 3611 581 3686 Leontium,
607 3609 823 3687 Severianum,
862 3612 1098 3694 sophronium,
1127 3612 1335 3681 Ambrosium,

235 3696 454 3779 *Gregorium
484 3694 675 3772 Nyssenum‚
708 3696 960 3773 Theodoretum,
997 3695 1222 3775 Athanasium,
1247 3700 1338 3777 Cyril·

267 3778 349 3855 lum,
384 3781 570 3863 Gregorium
598 3779 839 3858 Nazianzenum,
874 3779 1044 3841 Eusebium
1064 3780 1251 3867 Pamphili,
1282 3785 1338 3845 Ste-

209 3913 219 3931 ,
266 3864 404 3948 phanum
433 3864 645 3942 Bostrensem,
674 3865 825 3942 Cyrillum
857 3864 1194 3948 Hierosolymitauum,
1228 3883 1263 3932 et
1278 3868 1341 3955 plu·

266 3969 315 4010 res
335 3949 422 4010 alios.

86 4032 256 4126 fflg‘d‘lj
351 4046 380 4102 ὅ.
424 4032 470 4093 ΙΝ
499 4035 539 4095 11.
560 4032 679 4111 Synod.
707 4033 774 4096 ttie.
809 4044 867 4094 act.
892 4048 921 4105 6.
948 4046 1024 4098 tom.
1042 4047 1086 4105 As
1115 4035 1221 4114 Quod
1249 4050 1341 4101 autin

84 4100 337 4190 aaaad'lcum
367 4117 471 4179 multis
501 4119 585 4195 aliis,
617 4121 746 4202 quaein
768 4119 909 4180 Ecclesia
930 4119 1138 4183 observentur
1156 4126 1229 4185 sine
1250 4128 1341 4205 scrip·

84 4194 256 4294 ‡}2}0⁰{,',‘,¹}}‘
267 4217 358 4279 tura,
393 4200 486 4262 nobis
518 4204 684 4287 imaginum
708 4205 864 4265 veneratio
884 4205 997 4267 tradita
1018 4207 1074 4282 sit,
1104 4205 1146 4266 ab
1172 4208 1341 4292 Apostolo-

83 4294 146 4331 Μ
266 4308 337 4354 tum
352 4285 548 4375 temporibus
571 4288 631 4352 lete
650 4308 710 4376 pet·
733 4286 880 4352 historias
899 4288 1050 4354 traditum
1066 4301 1131 4370 est,
1152 4290 1196 4355 de
1215 4295 1340 4380 inopus
