2768 4762
443 367 834 436 Ducanoco.
1044 373 1173 443 '27¹7

176 569 225 626 to·
270 556 601 621 CHRYSOSTOMUS
636 554 721 619 hom.
752 570 802 624 66.
837 553 877 617 ad
908 575 985 642 pop.
1016 553 1170 620 antiocha

89 640 290 703 CHRISTUS
311 656 388 704 tunc
409 664 529 704 omnem
545 656 699 704 terrarum
720 642 831 702 orb'em
861 640 948 702 adse
969 643 1064 701 traxit
1092 640 1172 703 ado-

90 725 237 803 randum,
260 748 331 788 cum
352 741 495 789 manuus
516 720 633 788 fuisset.
676 727 718 786 Et
739 725 817 808 quid
842 725 881 786 de
897 724 1023 787 Christo
1040 725 1179 807 loquor,-

89 831 161 872 cum
184 822 215 873 et
234 812 423 897 discipulos,
448 823 614 895 postquem
636 809 804 887 obierunt,
824 822 900 871 tunc
920 810 1066 895 effulgere
1086 810 1171 871 fece-

89 895 152 957 rit?
194 897 281 973 Quid
298 898 372 959 dico
392 896 589 979 discipulos?
630 895 708 956 Nam
729 908 886 955 eteorum
910 895 981 956 loca
1009 907 1041 955 et
1059 895 1168 977 sepul·

86 1000 142 1042 cra
169 980 261 1041 simul
290 995 322 1043 et
351 994 495 1066 tempora
514 983 645 1064 perenni
673 982 821 1040 memoria
851 978 1002 1041 celebrari
1035 981 1165 1041 curarit.

84 1064 136 1126 Tu
167 1086 243 1127 varo
283 1065 360 1127 mibi
387 1066 739 1151 sepulerumtostendas
765 1064 955 1140 Alexandri,
999 1075 1029 1124 ct
1050 1064 1165 1146 profer

84 1149 187 1226 diem,
219 1171 285 1232 quo
320 1154 413 1212 vitam
443 1148 554 1211 finivit.
609 1150 670 1211 Sed
703 1147 782 1209 nihil
803 1147 918 1208 horum
939 1151 1074 1230 insigne,
1108 1149 1164 1209 sed

84 1238 188 1295 omnia
208 1235 367 1296 destructa
389 1248 512 1297 suntet
534 1241 748 1296 exterminata:
772 1230 889 1291 Christi
907 1251 981 1291 vero
1001 1253 1161 1301 servorum

81 1331 114 1379 et
135 1318 288 1401 ¹sepulcra
310 1320 395 1381 clara
419 1334 520 1397 sunt,
541 1322 655 1403 regiam
686 1316 831 1377 assecuta
846 1317 1074 1393 civitatem„et
1095 1302 1299 1395 dies,ff{}’,'}l3','2
1317 1309 1343 1400 2}

80 1405 237 1463 notissimi
266 1405 385 1467 mundo
417 1405 523 1465 festam
541 1403 703 1465 all‘erentes
723 1400 878 1460 laetitiam.
922 1401 965 1459 Et
986 1398 1068 1459 illius
1088 1366 1342 1481 qui-⁰¹010mfflsl*

82 1486 155 1546 dem
181 1486 319 1550 loculum
354 1502 386 1550 et
409 1491 533 1572 proprii
564 1489 724 1562 nesciunt,
757 1482 872 1545 horum
891 1497 992 1545 autem
1010 1486 1112 1543 sciunt
1130 1499 1161 1547 ct

80 1569 221 1631 barbari.
265 1573 308 1633 Et
337 1595 497 1633 serrorum
528 1569 670 1632 crucifixi
700 1568 843 1651 sepulcra
870 1571 963 1655 regiis
988 1566 1066 1628 aulis
1089 1581 1163 1630 sunt

82 1655 242 1731 clariora,
281 1677 347 1717 non
373 1658 584 1802 magnitudine
619 1669 649 1717 ct
675 1650 889 1715 aedificiorum
914 1651 1161 1735 pulchritudine,
1264 1654 1270 1665 '

1171 1465 1197 1493 rt
1206 1461 1269 1494 sunt

84 1739 171 1818 (nam
185 1751 216 1798 et
225 1742 257 1798 in
279 1737 343 1802 hoc
362 1746 415 1824 qui
440 1763 486 1803 cm
505 1739 669 1824 superant)
685 1738 739 1801 sed
759 1737 846 1821 quod
867 1738 966 1799 multo
989 1740 1088 1818 majus
1106 1750 1161 1814 est,

82 1824 332 1885 convenientium
355 1825 482 1889 studio.
513 1826 591 1887 Nam
623 1826 759 1907 etipse,
793 1825 847 1903 qui
872 1842 1045 1907 purpuram
1066 1814 1339 1920 indu-gffissffissss'

81 1916 132 1965 tus
150 1917 214 1979 est,
244 1910 363 1971 accedit
385 1909 439 1971 illa
458 1911 674 1994 complexurus
698 1907 857 1990 sepulcra,
880 1921 911 1969 et
926 1907 1010 1968 fastu
1031 1905 1281 1986 depost-ruem.
1312 1923 1339 1956 ut

80 1999 132 2064 to,
151 2001 211 2052 stat
231 1996 344 2055 sanctis
358 1994 587 2077 supplicaturus
598 2037 608 2072 ,
629 2006 665 2054 ut
684 2012 745 2073 pro
772 2012 805 2052 se
824 1991 909 2074 apud
933 1994 1035 2052 Deum
1056 1993 1155 2071 inter·
1166 1965 1338 2056 b'l’udlailff

78 2072 211 2136 cedantr
232 2089 264 2138 et
286 2098 448 2140 scenarum
473 2079 614 2155 februm,
644 2089 676 2139 et
691 2078 878 2160 piscatorem
900 2078 992 2137 etiam
1013 2089 1157 2138 mortuos
1166 2062 1258 2105 “m'‘

76 2169 114 2217 ut
142 2173 338 2240 protectores
365 2176 456 2241 orat,
480 2167 537 2247 qui
559 2161 731 2224 diademate
753 2161 914 2222 redimitus
929 2161 1056 2223 incedit
1090 2161 1160 2221 Au·-

77 2241 166 2303 debis
179 2229 297 2328 igitur,
320 2267 454 2328 quaeso,
475 2249 592 2308 horum
611 2247 772 2307 dominum
792 2265 973 2329 nuncupare
989 2254 1160 2325 mortuum,

76 2328 167 2406 cujus
196 2333 277 2388 servi
303 2330 351 2389 vel
379 2317 506 2392 mortni'
523 2344 679 2391 terrarum
700 2329 787 2391 orbis
811 2350 918 2413 regum
937 2344 1010 2391 sunt
1026 2331 1336 2430 pr⁰t⁰⁰·1l;⁰.}2{¹.ff'‘'

77 2409 183 2467 tores?
224 2411 289 2470 Nec
311 2410 373 2470 hoc
389 2425 510 2472 tantum
536 2420 607 2494 quis
632 2414 747 2473 Romae
760 2452 763 2459 ·
775 2410 844 2472 ficri
865 2416 988 2490 viderit,
1003 2436 1108 2475 verum
1123 2429 1224 2475 etrum.

78 2490 363 2574 Constantinopoli.
407 2495 483 2555 Nam
508 2508 539 2555 et
563 2497 610 2557 his
640 2497 874 2557 Constantinum
893 2499 1038 2580 Magnum
1058 2501 1156 2581 ipsius

77 2571 164 2636 filius
189 2577 313 2638 honore
338 2594 450 2661 magno
485 2579 604 2639 censuit
625 2577 756 2654 haberi,
787 2583 812 2639 si
835 2598 897 2662 pro
917 2580 1039 2661 foribus
1056 2585 1159 2664 pisca-

75 2663 158 2722 toris
196 2674 362 2746 paternum
385 2683 502 2747 corpus
528 2662 708 2724 collocaret*
749 2664 793 2724 Et
808 2662 896 2746 quod
917 2666 949 2722 in
973 2667 1065 2747 regiis
1087 2678 1161 2727 sunt

74 2747 229 2827 janitores
245 2746 389 2831 regibus,
421 2747 484 2809 hoc
501 2738 577 2808 ‘sunt
602 2750 634 2807 in
657 2760 857 2808 monumento
881 2747 1091 2830 piscatoribus
1108 2771 1160 2810 rc-

72 2851 143 2913 ges:
173 2844 205 2893 et
242 2831 300 2891 illi·
321 2833 470 2914 quidem,
501 2845 539 2893 ut
559 2832 687 2893 Domini
713 2832 785 2894 loca
805 2844 911 2892 tenent
936 2834 1103 2911 interiora,
1124 2833 1158 2893 hi

73 2936 150 2975 vero
167 2928 315 2998 tanquam
337 2918 485 2998 inquilini
507 2929 538 2978 et
560 2920 677 2995 vicini,
695 2917 783 2978 aulae
805 2919 931 2999 januam
955 2915 1015 2977 sibi
1037 2930 1159 3001 gratum

73 2997 212 3061 habuere
245 3000 410 3083 deputari,
443 3015 475 3062 et
505 3000 684 3063 infidelibus
710 3024 744 3063 ex
764 3002 812 3063 his
834 3001 1046 3080 ostendentes,
1070 3003 1156 3083 quod

74 3084 108 3144 iu
135 3088 367 3146 resurrectione
400 3088 503 3169 major
526 3091 586 3148 erit
620 3086 834 3170 piscatoribus
865 3087 1009 3169 dignitas.
1052 3086 1085 3147 Si
1104 3087 1157 3147 hic

74 3171 155 3228 enim
174 3171 217 3231 ita
238 3172 271 3229 in
296 3169 466 3252 sepulcris,
494 3170 594 3232 multo
610 3174 704 3255 magis
722 3185 754 3232 et
772 3174 804 3231 in
824 3173 1054 3232 resurreetione
1074 3171 1157 3233 ordo

72 3268 281 3316 commutatus
303 3267 357 3316 est.
400 3254 498 3340 Reges
527 3256 653 3342 quidem
679 3259 915 3333 ministrorum,
940 3255 1060 3316 subditi
1081 3277 1156 3317 vero

71 3341 300 3420 regum'vicem
326 3338 516 3418 induerunt,
551 3343 629 3424 quin
658 3344 750 3401 immo
770 3355 800 3402 et
816 3340 1069 3424 splendidiorem.
1113 3341 1157 3402 Et

70 3422 161 3503 quod
193 3422 257 3483 hoc
275 3444 340 3484 non
362 3429 527 3487 assentatio
551 3432 613 3503 sit,
639 3427 704 3509 ipsa
725 3428 837 3486 ceritas
857 3425 1023 3492 ostendit.‘
1049 3426 1095 3486 Ex
1114 3425 1156 3486 il·

70 3504 111 3566 lis
139 3507 220 3566 enim
239 3520 271 3568 et
294 3507 329 3568 hi
357 3509 492 3571 illustres
519 3511 594 3571 facti
614 3523 696 3572 sunt.
750 3513 854 3572 Multo
872 3530 1006 3593 namque
1026 3512 1153 3571 caeteris

69 3590 227 3674 regalibus
248 3592 401 3675 sepulcris
415 3593 491 3654 haec
511 3609 710 3656 monumenta
729 3610 801 3657 sunt
819 3596 963 3656 clariora.
1006 3594 1083 3654 Nam
1114 3595 1155 3655 il-

69 3673 111 3735 lic
131 3676 259 3757 quidem
292 3698 399 3761 magna
422 3678 580 3756 solitudo,
617 3679 669 3740 bic
688 3693 789 3740 autem
819 3700 947 3761 magnus
973 3699 1152 3739 concursus.

70 3758 167 3834 Quod
188 3764 214 3821 si
235 3760 310 3823 velis
329 3775 360 3822 ct
381 3763 538 3846 regalibus
557 3763 636 3825 aulis
652 3777 848 3825 monumenta
868 3783 1059 3846 comparare,
1079 3783 1152 3823 rur-

69 3862 136 3903 sum
156 3858 187 3906 et
207 3844 259 3907 hic
278 3847 426 3908 victoria:
449 3869 518 3909 nam
538 3849 604 3908 illic
627 3849 753 3931 quidem
772 3848 860 3909 multi
883 3846 1083 3924 deterrentes,
1100 3845 1153 3907 hic
1218 3848 1219 3851 ’

69 3945 144 3989 vero
177 3929 268 3991 multi
295 3943 439 3992 vocantes
471 3946 502 3994 et
532 3933 721 3994 attrahentes
747 3932 876 4009 divites,
908 3951 1083 4014 pauperes,
1104 3934 1153 3991 vi-

69 4028 142 4088 ros,
185 4013 351 4091 mulieres,
385 4038 489 4079 servos
526 4017 654 4080 liberos.
709 4017 780 4079 Illic
802 4038 929 4102 magnus
957 4019 1073 4092 timor,
1098 4015 1151 4076 hic

69 4094 294 4176 inexplicabilis
321 4101 474 4186 voluptas.
520 4103 582 4163 Sed
602 4103 694 4163 dulce
715 4102 924 4185 spectaculum
943 4114 1010 4176 est,
1048 4121 1151 4183 regem

65 4183 169 4242 aureis
192 4183 337 4246 indutum
361 4199 391 4247 et
421 4202 606 4249 coronatum
633 4199 791 4271 spectare,
819 4199 851 4248 et
872 4187 1025 4247 adstantes
1055 4184 1150 4244 duces

63 4275 97 4325 θ’
113 4267 296 4353 imilla,
321 4269 481 4349 ductores,
505 4272 652 4337 tribunos
673 4285 705 4335 et
728 4271 862 4338 militum
889 4272 1072 4365 magistros:
1096 4288 1151 4331 ve·
