2768 4762
378 398 742 467 sturnoto.
975 390 978 395 ’
1043 406 1118 478 ltl

45 590 193 664 omnibus
212 587 344 653 honeste
364 584 596 663 desiderentur,
630 597 661 648 et
681 589 760 666 uite,
780 599 812 650 et
832 585 990 664 sulns,·ct
1009 586 1121 661 victus,

46 699 80 747 et
114 680 224 764 cupit,
257 685 290 734 et
310 669 431 755 glorie,
464 682 497 730 et
517 667 643 744 bonor,
675 684 707 732 et
726 693 806 757 pax,
828 685 859 736 et
880 672 984 735 omnin
1008 668 1122 732 bonci

47 769 101 831 Sic
130 764 212 825 enim
239 769 272 819 et
312 753 393 816 illud
422 765 505 814 recte
528 752 733 838 intelligitur,
766 756 854 839 quod
874 759 920 819 cit
937 755 1121 841 Apostolus,
1132 751 1254 800 ΝΜ
1268 757 1305 798 2⁸·

47 864 86 914 nt
112 850 154 910 sit
175 846 262 907 Deus
288 841 392 901 omnia
419 839 453 898 in
470 837 624 899 omnibus.
676 841 747 924 Ipse
771 837 848 904 'linis
871 845 933 903 erit
947 839 1124 902 desiderio-

48 954 120 1000 rum
152 940 352 1000 nostrornm,
382 922 438 1006 qui
469 923 536 983 sinc
564 919 627 984 fine
647 923 826 1004 videbitur,
854 927 921 989 sine
942 918 1070 987 fastidio
1091 945 1124 986 n·

47 1016 207 1092 mbitnr,
239 1011 306 1072 sine
336 1006 517 1092 fatigatione
552 1003 739 1071 laudabitur.
806 1011 876 1072 Hoc
903 1030 1034 1087 munus,
1069 1008 1124 1073 bic

49 1100 199 1176 ,fleam
227 1093 281 1156 bic
302 1103 388 1153 ectus
409 1089 555 1175 proiecto
583 1093 643 1152 erit
668 1092 833 1170 omnibus,
868 1095 951 1156 sicut
974 1080 1042 1178 ipsc
1059 1094 1125 1156 rite

43 1198 196 1259 ‘eeteme‚
230 1177 411 1240 communis.
465 1173 627 1235 Caeterum
648 1179 704 1259 qui
724 1177 825 1240 futuri
845 1179 908 1239 sint
926 1198 987 1260 pro
1007 1179 1124 1240 meritis
1146 1193 1305 1243 recusam

49 1270 261 1359 proemiorum
291 1264 382 1323 etiam
410 1255 526 1343 gradus
551 1256 710 1353 bonorum
731 1273 826 1344 atquc
845 1259 1031 1404 gloriarum,
1054 1245 1275 1344 qnieffiffiffl·

51 1367 100 1418 eet
122 1351 252 1415 idonens
280 1347 441 1430 cogitare.
471 1355 591 1424 quanto
621 1347 717 1430 mugit
744 1345 848 1408 dicere
910 1343 1008 1420 Quod
1025 1357 1128 1406 tamen
1196 1379 1204 1397 ·
1321 1383 1327 1396 ·

53 1439 155 1503 futuri
187 1435 268 1509 sint,
299 1449 364 1490 non
395 1438 441 1488 est
471 1423 699 1509 ambigendum.
742 1428 847 1512 Atque
869 1426 902 1489 id
927 1428 1020 1488 etism
1037 1427 1129 1490 beatu

53 1525 163 1587 civitas
184 1517 239 1578 ille
258 1532 404 1596 magnum
424 1530 458 1570 m
472 1529 505 1570 se
525 1507 646 1572 bonurn
664 1511 802 1591 videbit,
825 1510 913 1595 qnod
935 1510 1013 1572 nulli
1035 1531 1130 1594 supe·

53 1608 134 1669 riori
155 1599 240 1662 ullus
259 1597 393 1657 inferior
414 1591 586 1672 invidebit,
616 1597 699 1658 sicut
718 1616 805 1660 nuuc
829 1616 894 1657 non
913 1593 1053 1659 invident
1077 1614 1130 1656 nr-
1193 1646 1198 1659 .

55 1684 214 1772 changelis
235 1679 336 1765 angeli
357 1679 481 1740 caeteri.

141 1825 173 1883 3.
216 1805 326 1872 IDEM
344 1809 379 1869 1.
401 1807 459 1870 ΠΙ.
481 1805 513 1868 d.
535 1805 591 1870 lib.
614 1808 726 1875 arbitr.
748 1830 775 1873 c.
797 1823 848 1879 25.
871 1823 902 1873 et
922 1810 1003 1873 nit:
1032 1806 1133 1871 Tanta

60 1912 107 1964 est
138 1892 344 1983 pulchritudo
370 1892 530 1975 justitiae,
562 1904 647 1956 tantu
676 1895 857 1976 jucunditas
879 1895 958 1956 lucis
979 1871 1309 1985 aeternue‚ffil}⁸,ss,⁸5⁸'¹‘

59 1984 122 2047 boc
143 1993 189 2043 est
198 2024 208 2058 ,
230 1972 491 2039 incommutabilis
504 1977 642 2040 veritatis
654 1992 750 2062 utque
761 1981 940 2064 sapientiae,
950 1991 990 2041 ut
1012 1977 1131 2040 etiamsi
1144 1973 1263 2016 uetant...

56 2089 122 2130 nou
144 2065 252 2127 liceret
275 2059 408 2145 amplius
434 2060 688 2143 incumbere,
720 2085 812 2148 quem
833 2066 927 2131 nnius
953 2063 1016 2126 diei
1031 2081 1132 2140 mors,

81 2163 188 2235 rupter
207 2146 271 2209 boc
294 2145 396 2207 solum
409 2145 651 2210 innumerabiles
669 2151 741 2210 nuni
764 2148 861 2232 hujus
874 2151 956 2215 vitae
974 2146 1059 2234 pleni
1077 2145 1136 2209 de·

56 2175 137 2299 beris
154 2228 457 2295 et'circumfluentia
491 2233 711 2315 tenporalium
730 2230 906 2311 bonorum,
930 2244 1014 2295 recte
1039 2232 1288 2304 meri-munst·

57 2334 154 2400 toque
181 2325 465 2376 contemnerentur.
516 2312 588 2375 Non
609 2319 689 2377 enim
712 2317 791 2379 leisc
826 2329 881 2381 eut
902 2337 1001 2402 pnrvc
1023 2315 1136 2378 effectu

59 2404 194 2465 dictum·
210 2410 271 2457 est:
306 2396 464 2472 Quoniam
484 2395 596 2457 melior
629 2411 677 2461 est
705 2398 771 2461 dies
800 2421 882 2463 unus
909 2403 942 2463 in
969 2402 1056 2464 striis
1071 2401 1135 2462 tuis

59 2505 157 2569 super
179 2480 284 2542 millis.

151 2624 181 2680 4.
223 2605 333 2669 IDEM
354 2604 452 2666 Serm.
473 2618 525 2674 ot.
547 2604 586 2669 de
595 2605 681 2669 verb.
702 2609 815 2670 Dom.=
837 2609 909 2672 Non
930 2630 1073 2694 magnum
1092 2622 1138 2672 cst
1162 2600 1312 2692 ,ἳξξῇξῗξ

60 2699 120 2762 diu
138 2698 241 2756 vivere
262 2701 318 2753 aut
344 2709 465 2775 semper
493 2693 611 2766 virere,
637 2692 692 2754 sed
709 2714 852 2778 magnum
873 2706 921 2756 est
941 2694 1032 2757 beate
1054 2663 1244 2761 vive-isam
1259 2713 1300 2751 ce·

61 2805 108 2846 re.
150 2779 295 2840 Amemus
321 2776 416 2836 ritem
444 2787 613 2854 aeternnm,
646 2790 678 2839 ct
703 2799 737 2839 ex
755 2798 793 2840 eo
815 2780 1013 2857 noverimus,
1039 2755 1309 2863 quen-''¹⁸⁸⁸⁸⁶'⁸⁸'

61 2882 129 2931 rum
156 2885 218 2949 pro
242 2864 306 2923 vite
335 2872 460 2922 aeterne
478 2860 622 2924 laborare
639 2862 807 2942 debemus,
835 2886 904 2926 curn
919 2866 1059 2928 ridemus
1078 2863 1140 2924 bo·

61 2954 162 3015 minet
192 2959 344 3009 amatores
364 2948 533 3028 praesentis
555 2949 634 3009 vitre
654 2949 835 3034 temporalis
856 2962 951 3035 atque
975 2945 1140 3025 liniendae,

63 3039 110 3099 sic
137 3054 198 3118 pro
230 3030 284 3091 illa
317 3027 478 3108 laborare,
512 3043 566 3110 nt,
594 3033 722 3114 quando
749 3036 870 3096 venerit
899 3046 998 3096 mem
1018 3032 1140 3110 mortis,

65 3115 223 3203 quidquid
249 3126 400 3199 possunt,
433 3114 567 3203 fuciunt,
587 3137 653 3179 non
670 3131 707 3182 nt
722 3119 884 3195 tulerant,
916 3118 972 3180 sed
991 3129 1030 3183 nt
1049 3116 1142 3179 diffc-
1197 3168 1201 3174 .

65 3214 139 3264 rent
160 3213 300 3263 mortem.
345 3198 505 3276 Quantum
533 3199 659 3263 laboret
686 3200 798 3282 bomo,
828 3202 955 3289 qnando
972 3221 1057 3265 mors
1083 3203 1141 3263 im·

65 3289 181 3364 minet,
204 3281 374 3370 fugiendo,
400 3281 543 3362 latendo,
567 3286 725 3369 quidquid
747 3287 843 3351 hebet
860 3289 966 3350 dendo
985 3298 1017 3348 ct
1038 3305 1072 3348 se
1089 3306 1141 3348 re-

66 3371 237 3450 dimendo,
275 3366 486 3445 laborando,·
512 3372 670 3432 crucietur
694 3372 914 3456 molestiasque
946 3369 1139 3447 sustinendo,

65 3455 204 3520 medicos
230 3451 431 3530 adhibendo,
455 3465 487 3515 et
510 3454 664 3539 quicquid
682 3456 768 3518 uliud
792 3456 889 3519 homo
913 3455 1043 3541 potest?
1076 3440 1314 3530 Fc·}2'⁵f,l;‘,'‚'4‚‘,;

65 3541 160 3605 cilius
180 3541 349 3601 invenimus
372 3539 404 3598 in
428 3539 490 3601 nite
517 3550 641 3601 aeterne
653 3582 664 3617 ,
694 3542 772 3624 quid
797 3542 841 3602 ibi
865 3543 1014 3619 nonsit,
1045 3559 1137 3622 quem
1147 3503 1293 3628 nr.¹bettsus

66 3625 146 3710 quid
170 3622 216 3684 ibi
242 3623 292 3685 sit.
345 3622 477 3684 Tantum
503 3624 605 3701 velet,
633 3638 783 3707 quantum
807 3625 914 3699 hebes.
954 3625 1000 3686 'l'e
1019 3622 1078 3702 dn,
1107 3635 1138 3683 et
1147 3594 1315 3698 ssdfflt's'tn

63 3709 197 3774 babebis
221 3707 321 3768 illam:
342 3706 414 3767 Non
431 3709 475 3769 ibi
500 3711 561 3770 erit
576 3707 684 3772 lusani
705 3721 737 3771 et
756 3710 916 3788 dormire,
935 3729 1000 3772 non
1013 3707 1059 3769 lbi
1076 3694 1223 3769 er'it⁸⁸'¹²'

68 3796 189 3857 esurire
216 3804 248 3853 et
270 3793 373 3868 sitire,
398 3811 462 3852 nnn
486 3790 532 3853 ibi
555 3799 617 3856 erit
640 3816 779 3856 crescere
796 3808 828 3857 et
849 3813 1014 3857 senescere.
1057 3790 1141 3853 Ecce

69 3891 185 3963 quante
206 3875 277 3954 tuli,
297 3888 328 3937 et
341 3875 558 3956 nnndnmdixi,
573 3879 650 3961 quld
668 3878 714 3941 ibi
727 3881 807 3942 erite
832 3880 914 3941 Ecce
930 3881 988 3939 ’am
1007 3879 1070 3939 vita
1084 3890 1141 3954 cst,

70 3966 134 4046 jam
156 3959 353 4023 rucolumitns
379 3973 445 4040 est,
467 3962 531 4046 jam
554 3962 641 4025 nulla
661 3985 783 4049 poene,
809 3964 895 4027 nulla
921 3902 1035 4042 dames,
1056 3961 1143 4023 nullu

72 4049 156 4126 sitis,
170 4044 276 4107 nullus
298 4044 459 4124 defectus,
484 4045 563 4108 nibil
585 4045 718 4126 borum,
740 4061 890 4114 ettamen
912 4048 1052 4113 nondum
1070 4046 1143 4122 dini,
1270 4070 1274 4075 ·

72 4132 164 4214 qnod.
180 4129 291 4197 oculus
310 4152 375 4193 non
395 4130 490 4209 vidit,
520 4152 579 4194 nec
597 4136 680 4196 auris
705 4134 845 4217 audivit,
873 4152 932 4197 nec
954 4137 987 4196 in
1009 4152 1067 4194 cor
1083 4129 1145 4193 hc-

71 4218 161 4281 minis
180 4214 330 4279 ascendit
1153 4194 1299 4246 ΨΜ·

158 4314 190 4372 b·
232 4298 337 4364 ITEM
371 4299 405 4363 1..
433 4298 490 4364 ΠΙ.
519 4300 550 4364 d.
570 4301 666 4382 symb.
697 4302 1003 4433 adcetech.e311·
1026 4295 1145 4363 cuit:
1230 4314 1233 4325 ·

877 4404 901 4483 9
