2768 4762
425 367 758 450 SYMBOLO·
1085 368 1136 439 al

68 558 235 643 Nunquam
250 561 346 641 inops
366 567 397 617 et
412 551 524 641 gaudes
546 554 654 631 lucris,
677 573 835 635 nunquam
852 572 960 615 avarus
982 564 1013 613 et
1029 571 1140 613 usuras

72 646 172 729 exigis.
215 640 467 727 supererogatur
496 639 554 700 tibi
580 653 615 700 ut
636 637 766 715 debeas,
796 640 912 721 etquis
931 635 1026 697 hahet
1049 637 1141 719 quic-

72 748 162 811 quam
179 747 246 787 non
273 724 382 785 tuum?
403 722 517 785 Reddit
539 723 644 785 debita
666 720 746 781 nulli
766 720 894 799 debens,
918 721 1015 783 donas
1035 718 1140 783 debita

70 802 157 873 uilril¹
170 809 313 895 perdens.
357 808 399 869 Et
417 808 494 892 quid
514 808 643 868 dicimus
663 807 747 865 Deus
767 827 861 882 meus,
882 809 944 867 vita
967 826 1044 883 ritca,
1067 803 1140 866 dul-

68 895 146 957 eedo
167 915 235 955 mea
258 906 378 969 sancta,
399 905 452 952 aut
483 893 560 975 quid
583 891 660 953 dicit
690 889 812 971 aliquis,
840 911 908 949 eum
933 890 970 951 de
989 904 1019 951 te
1040 886 1139 952 dicit?

67 992 98 1042 et
119 1000 176 1042 vce
195 976 370 1041 tacentibus
402 977 440 1037 de
461 989 507 1054 te,
530 979 680 1060 quoniam
699 974 846 1055 loquaces
875 976 951 1037 muti
971 986 1050 1037 sunt.

149 1098 180 1152 2.
223 1084 331 1146 IDEM
349 1083 383 1144 L.
405 1082 443 1144 de
464 1078 518 1145 fid.
538 1095 569 1144 et
590 1079 696 1161 Symb.
715 1102 741 1143 c.
757 1092 803 1151 θα
826 1080 889 1141 Ista
906 1080 1040 1144 Trinitas
1055 1100 1136 1142 uuus
1147 1069 1308 1162 {mm

67 1181 114 1231 est
133 1169 221 1231 Deus
229 1191 237 1238 ;
260 1190 322 1228 nou
346 1181 382 1228 ut
404 1172 486 1228 idem
504 1170 546 1227 sit
563 1168 675 1242 Pater,
700 1166 755 1245 qui
779 1175 825 1223 cst
848 1160 930 1239 iilius
953 1178 984 1225 et
1008 1167 1262 1261 wiriwfflgfflt

68 1265 204 1329 sauctus,
216 1253 270 1313 sed
293 1266 329 1314 ut
339 1252 433 1314 Pater
455 1254 496 1311 sit
508 1251 612 1328 Pater,
637 1264 667 1311 et
674 1248 773 1313 Filius
784 1249 824 1307 sit
834 1246 944 1323 Filius,
958 1258 989 1307 et
1002 1246 1137 1329 Spiritus
1263 1246 1269 1258 '

66 1352 190 1399 sanctus
211 1339 253 1399 sit
274 1337 411 1419 Spiritus
437 1348 578 1395 sauctus:
610 1332 665 1394 sed
685 1331 761 1391 haec
777 1330 913 1391 Trinitas
938 1350 1019 1391 unus
1042 1329 1137 1407 Deus,

66 1423 149 1483 sicut
167 1422 318 1506 scriptum
341 1432 396 1496 est,
425 1417 510 1478 Audi
541 1415 828 1489 lsrael,1Dominus
845 1414 928 1473 Deus
949 1426 1031 1490 tuus,
1053 1411 1139 1475 nem
1149 1403 1286 1454 mm

65 1524 148 1566 unus
168 1517 223 1567 est
265 1503 380 1564 Tamen
412 1504 437 1563 si
469 1503 696 1582 interrogemur
726 1497 765 1559 de
795 1496 941 1579 siugulis,
963 1508 994 1558 et
1018 1496 1141 1559 dicatur

64 1586 171 1665 uobis,
188 1589 274 1646 Deus
286 1596 332 1646 est
349 1583 462 1644 Paterl
484 1581 751 1666 respondebimus,
770 1580 866 1642 Deus.
909 1580 942 1639 Si
962 1592 1139 1661 quaeretur,

64 1684 175 1735 utrum
191 1670 278 1728 Deus
298 1671 339 1729 sit
357 1667 470 1742 Filius,
507 1667 570 1727 hoc
594 1664 858 1749 respondebimus.
906 1662 971 1725 Nec
1002 1664 1142 1725 siluerit

68 1752 108 1812 de
131 1751 254 1833 Spiritu
278 1764 383 1813 sancto
411 1751 479 1812 talis
503 1753 726 1835 interrogatio,
759 1747 845 1810 uliud
872 1767 936 1809 esse
957 1768 1025 1809 cum
1045 1746 1141 1809 debe·

66 1853 137 1894 mus
159 1833 360 1918 respondere,
383 1857 474 1919 quam
499 1835 617 1908 Deum,
640 1832 835 1894 vehementer
857 1845 996 1894 caventes
1018 1834 1063 1893 sic
1086 1853 1204 1929 κιο-Μ
1225 1892 1251 1932 Μ
1276 1894 1288 1929 ⁶

65 1921 191 2000 cipere,¹
226 1919 384 2000 quomodo
414 1920 453 1978 de
491 1917 671 1978 hominibus
710 1916 826 1978 dictum
859 1929 921 1994 est,
967 1917 1021 1977 Dii
1054 1917 1134 1978 estis.
1150 1913 1297 1985 rosicis

61 2000 135 2064 Nou
158 2003 237 2061 euim
256 2016 328 2063 snut
347 2002 531 2064 naturaliter
548 2003 608 2079 dii,
643 2004 821 2084 quicunque
841 2015 914 2063 sunt
942 2003 1016 2063 sacti
1041 2013 1134 2083 atque

63 2085 182 2146 conditi
203 2084 337 2146 erPatre
350 2108 406 2169 pcr
417 2087 533 2147 Filium
555 2086 640 2148 dono
658 2088 792 2170 Spiritus
812 2089 918 2147 sancti.
962 2086 1033 2169 Ipsa
1054 2088 1134 2147 enim
1169 2110 1174 2129 ¹

63 2165 254 2254 significatur
284 2170 443 2249 Trinitas,
477 2191 549 2232 cum
578 2170 749 2256 Apostolus
779 2169 879 2247 dicit,
915 2168 1070 2247 Quoniam
1098 2162 1310 2233 ex⁸⁰¹·¹¹·¹⁶⁴

64 2255 150 2336 ipso,
183 2265 215 2314 et
241 2255 272 2314 in
292 2255 377 2337 ipso,
410 2270 441 2315 ct
458 2258 635 2337 peripsum
655 2267 728 2315 sunt
754 2256 865 2315 omnia.
911 2254 1132 2337 Quodcunque

62 2357 137 2420 crgo
170 2334 209 2396 dc
234 2338 361 2419 singulis
391 2341 591 2420 interrogati,
625 2338 847 2419 respodeamus
878 2338 976 2397 Deum
1003 2358 1066 2399 esse
1093 2336 1132 2397 dc

62 2440 127 2502 quo
161 2423 340 2502 quaeritur,
374 2425 436 2480 sive
462 2422 599 2496 Patrem,
637 2423 699 2479 sive
724 2421 859 2488 Filium,
890 2424 952 2479 sive
979 2421 1132 2503 Spiritum

62 2516 220 2579 sanctum,
252 2516 288 2561 ut
306 2515 406 2565 tamen
431 2524 497 2563 uon
518 2516 581 2566 tres
603 2502 711 2563 doceri
730 2523 748 2561 a
766 2501 858 2562 uobis
883 2502 945 2561 coli
969 2506 1132 2584 quisquam

60 2589 286 2649 existimaverit.
329 2586 394 2647 Nec
414 2589 542 2664 mirum,
576 2585 665 2671 quod
691 2584 767 2645 llaec
787 2584 825 2644 de
849 2582 998 2645 ineffabili
1022 2599 1132 2649 natura

60 2670 231 2748 dicuntur,
267 2689 338 2730 cum
365 2672 397 2730 in
422 2672 458 2730 iis
484 2672 573 2731 ctiam
596 2669 706 2747 rebus,
739 2688 816 2751 quas
839 2670 1003 2751 corporeis
1031 2670 1131 2731 oeulis

59 2757 230 2829 ceruimus,
264 2766 296 2814 et
318 2775 475 2838 corporeo
497 2776 588 2816 seusu
608 2753 830 2840 dijudicamus,
852 2751 914 2815 ule
934 2753 1060 2836 aliquid
1079 2773 1133 2816 uo·

59 2839 152 2901 cidat.
194 2838 271 2901 Nam
290 2859 359 2900 curu
384 2838 423 2899 dc
450 2840 537 2900 sonte
557 2848 614 2902 et'c.

142 2958 174 3015 3.
216 2944 474 3007 ATllrlerSIUS
503 2948 534 3006 in
563 2946 705 3023 symbolo
728 2966 802 3008 suo:
836 2945 928 3008 Fides
949 2957 1051 3008 sutem
1071 2946 1132 3009 Ca-

58 3029 179 3091 tholics
200 3028 277 3091 haec
302 3043 368 3106 est,
397 3042 433 3091 ut
453 3050 549 3091 unum
570 3032 668 3092 Deum
689 3034 722 3091 in
746 3031 1130 3108 Trinitate,et'1'rmita·

57 3127 123 3177 tem
153 3117 186 3175 iu
211 3118 329 3176 unitate
355 3135 554 3176 veneremur:
586 3115 694 3177 Neue
721 3115 946 3177 confundentes
971 3135 1128 3198 personas,

57 3218 163 3280 neque
184 3197 384 3260 substantiam
404 3210 587 3282 separantes.
630 3138 700 3260 itia
719 3213 765 3261 cst
777 3202 856 3260 enim
873 3220 1007 3282 persona
1015 3198 1129 3272 Patris,
1142 3239 1297 3281 „mum

57 3278 232 3351 sliu-Filii,
251 3281 310 3344 alia
329 3283 466 3366 Spiritus
484 3285 603 3344 sanctis
625 3282 679 3345 sed
700 3283 800 3345 Patris
824 3296 855 3344 et
878 3282 951 3344 Filii
975 3297 1006 3345 et
1027 3283 1265 3379 spiri-232¹:Jfg1uqt
1282 3295 1306 3328 ⁸²

58 3382 110 3429 tus
131 3367 231 3426 sancti
248 3387 309 3428 uua
336 3381 382 3429 est
404 3367 573 3445 Divinitas,
605 3366 739 3449 aequalis
760 3367 878 3450 gloria,
912 3381 943 3427 et
967 3381 1304 3431 coaeternam-minu·

59 3452 221 3532 majestas:
253 3450 360 3528 Qualis
379 3449 488 3527 Pater,
519 3450 589 3513 talis
609 3452 726 3527 Filius,
749 3449 816 3511 talis
835 3452 969 3535 Spiritus
994 3466 1128 3521 sanctus.

57 3534 220 3596 Insecutus
241 3534 345 3611 Pater,
369 3538 521 3597 increatus
537 3536 646 3612 Filius,
669 3539 822 3595 increatus
839 3535 975 3617 Spiritus
995 3550 1126 3599 sanctus.

61 3620 228 3681 immensus
240 3618 344 3695 Pater,
367 3624 528 3682 immensus
544 3620 637 3697 filius,
661 3624 823 3680 immensus
841 3621 974 3702 Spiritus
996 3635 1127 3683 sanctius.

59 3702 211 3763 lleternus
233 3701 342 3779 Pater,
367 3717 507 3765 aeternus
528 3704 640 3779 Filius,
672 3717 812 3765 aeternus
832 3704 965 3788 Spiritus
987 3720 1126 3767 sanctus:

59 3798 201 3847 ettamen
214 3808 278 3847 non
299 3798 361 3848 tres
379 3792 505 3865 aeterni,
527 3788 680 3849 sedunus
703 3802 860 3849 aeternus:
882 3791 962 3850 sicut
982 3811 1044 3850 non
1065 3803 1127 3852 tres

57 3873 203 3949 increati,
238 3892 295 3933 nec
323 3883 385 3933 tres
415 3875 573 3949 immensi,
608 3874 660 3933 sed
686 3894 765 3933 unus
786 3875 957 3949 increatus,
993 3888 1023 3935 ct
1046 3896 1126 3936 uuus

57 3956 228 4019 immensus.
273 3955 421 4017 Similiter
441 3961 636 4042 omnipotens
658 3958 769 4031 Pater,
803 3958 996 4041 omnipotens
1015 3959 1125 4037 Filius,

55 4041 253 4123 omnipotens
278 4041 416 4126 Spiritus
444 4054 584 4102 sanetus:
618 4054 649 4102 et
680 4054 781 4103 tamen
802 4058 868 4105 nou
893 4054 955 4102 tres
982 4046 1128 4124 omnipo·

47 4136 162 4197 tentes,
184 4125 238 4185 sed
257 4148 337 4187 unus
356 4127 566 4209 omnipotens:
602 4127 643 4187 itu
664 4126 746 4186 Deus
768 4124 880 4200 Pater,
912 4126 1002 4187 Deus
1017 4128 1126 4201 Filius,

50 4207 139 4271 Deus
165 4208 299 4292 Spiritus
332 4224 472 4274 sanetus:
506 4224 536 4273 et
563 4224 661 4272 tamon
686 4231 750 4272 uon
775 4222 836 4273 tres
857 4211 933 4286 Dii,
967 4208 1021 4274 scd
1045 4232 1124 4273 riuus·
