<?xml version="1.0" encoding="UTF-8"?>
<!DOCTYPE html PUBLIC "-//W3C//DTD XHTML 1.0 Transitional//EN"
    "http://www.w3.org/TR/xhtml1/DTD/xhtml1-transitional.dtd">
<html xmlns="http://www.w3.org/1999/xhtml" xml:lang="en" lang="en">
 <head>
  <title>
</title>
<meta http-equiv="Content-Type" content="text/html;charset=utf-8" />
  <meta name='ocr-system' content='tesseract 3.04.00' />
  <meta name='ocr-capabilities' content='ocr_page ocr_carea ocr_par ocr_line ocrx_word'/>
</head>
<body>
  <div class='ocr_page' id='page_1' title='image "./summadoctrinaec00kanigoog_0140.png"; bbox 0 0 2768 4762; ppageno 0'>
   <div class='ocr_carea' id='block_1_1' title="bbox 451 356 1167 461">
    <p class='ocr_par' dir='ltr' id='par_1_1' title="bbox 451 356 1167 461">
     <span class='ocr_line' id='line_1_1' title="bbox 451 356 1167 461; baseline -0.006 -36"><span class='ocrx_word' id='word_1_1' title='bbox 451 356 786 425; x_wconf 78' lang='lat' dir='ltr'><strong>srmnono.</strong></span> <span class='ocrx_word' id='word_1_2' title='bbox 1111 365 1167 461; x_wconf 63' lang='lat' dir='ltr'><strong>¹aa</strong></span> 
     </span>
    </p>
   </div>
   <div class='ocr_carea' id='block_1_2' title="bbox 89 526 1193 951">
    <p class='ocr_par' dir='ltr' id='par_1_2' title="bbox 89 526 1193 951">
     <span class='ocr_line' id='line_1_2' title="bbox 118 526 1169 635; baseline -0.004 -26"><span class='ocrx_word' id='word_1_3' title='bbox 118 598 121 603; x_wconf 92' lang='lat'>.</span> <span class='ocrx_word' id='word_1_4' title='bbox 181 526 340 635; x_wconf 60' lang='lat' dir='ltr'><strong>epioni</strong></span> <span class='ocrx_word' id='word_1_5' title='bbox 360 545 553 617; x_wconf 51' lang='lat' dir='ltr'><strong>Lbet-atina</strong></span> <span class='ocrx_word' id='word_1_6' title='bbox 574 555 698 629; x_wconf 75' lang='lat' dir='ltr'><strong>agentes</strong></span> <span class='ocrx_word' id='word_1_7' title='bbox 718 543 790 605; x_wconf 88' lang='lat' dir='ltr'><strong>Deo</strong></span> <span class='ocrx_word' id='word_1_8' title='bbox 810 554 843 605; x_wconf 88' lang='lat' dir='ltr'><strong>et</strong></span> <span class='ocrx_word' id='word_1_9' title='bbox 853 542 959 619; x_wconf 85' lang='lat' dir='ltr'><strong>Patri,</strong></span> <span class='ocrx_word' id='word_1_10' title='bbox 981 540 1169 626; x_wconf 77' lang='lat' dir='ltr'><strong>quidignns</strong></span> 
     </span>
     <span class='ocr_line' id='line_1_3' title="bbox 89 649 1193 738; baseline -0.005 -19"><span class='ocrx_word' id='word_1_11' title='bbox 89 656 318 733; x_wconf 66' lang='lat' dir='ltr'><strong>persentio</strong></span> <span class='ocrx_word' id='word_1_12' title='bbox 342 664 463 738; x_wconf 85' lang='lat' dir='ltr'><strong>partem</strong></span> <span class='ocrx_word' id='word_1_13' title='bbox 488 653 584 717; x_wconf 84' lang='lat' dir='ltr'><strong>sortis</strong></span> <span class='ocrx_word' id='word_1_14' title='bbox 606 663 785 715; x_wconf 79' lang='lat' dir='ltr'><strong>sanatorum</strong></span> <span class='ocrx_word' id='word_1_15' title='bbox 807 651 839 711; x_wconf 89' lang='lat' dir='ltr'><strong>in</strong></span> <span class='ocrx_word' id='word_1_16' title='bbox 857 649 997 716; x_wconf 80' lang='lat' dir='ltr'><strong>inminet</strong></span> <span class='ocrx_word' id='word_1_17' title='bbox 1029 651 1087 733; x_wconf 77' lang='lat' dir='ltr'><strong>qui</strong></span> <span class='ocrx_word' id='word_1_18' title='bbox 1106 650 1193 713; x_wconf 56' lang='lat' dir='ltr'><strong>esi-x</strong></span> 
     </span>
     <span class='ocr_line' id='line_1_4' title="bbox 95 746 1171 850; baseline -0.007 -25"><span class='ocrx_word' id='word_1_19' title='bbox 95 767 169 850; x_wconf 90' lang='lat' dir='ltr'><strong>pnit</strong></span> <span class='ocrx_word' id='word_1_20' title='bbox 190 783 251 837; x_wconf 78' lang='lat' dir='ltr'><strong>nos</strong></span> <span class='ocrx_word' id='word_1_21' title='bbox 265 760 304 822; x_wconf 87' lang='lat' dir='ltr'><strong>de</strong></span> <span class='ocrx_word' id='word_1_22' title='bbox 327 757 718 845; x_wconf 69' lang='lat' dir='ltr'><strong>potestatetenebrarnm,</strong></span> <span class='ocrx_word' id='word_1_23' title='bbox 752 769 784 819; x_wconf 93' lang='lat' dir='ltr'><strong>et</strong></span> <span class='ocrx_word' id='word_1_24' title='bbox 805 746 964 821; x_wconf 71' lang='lat' dir='ltr'><strong>transtulit</strong></span> <span class='ocrx_word' id='word_1_25' title='bbox 981 760 1014 822; x_wconf 92' lang='lat' dir='ltr'><strong>in</strong></span> <span class='ocrx_word' id='word_1_26' title='bbox 1041 776 1171 844; x_wconf 76' lang='lat' dir='ltr'><strong>regnum</strong></span> 
     </span>
     <span class='ocr_line' id='line_1_5' title="bbox 96 858 1043 951; baseline -0.007 -18"><span class='ocrx_word' id='word_1_27' title='bbox 96 868 157 934; x_wconf 80' lang='lat' dir='ltr'><strong>filii</strong></span> <span class='ocrx_word' id='word_1_28' title='bbox 168 869 347 931; x_wconf 85' lang='lat' dir='ltr'><strong>dilectionis</strong></span> <span class='ocrx_word' id='word_1_29' title='bbox 363 887 457 944; x_wconf 86' lang='lat' dir='ltr'><strong>suae,</strong></span> <span class='ocrx_word' id='word_1_30' title='bbox 478 867 511 927; x_wconf 91' lang='lat' dir='ltr'><strong>in</strong></span> <span class='ocrx_word' id='word_1_31' title='bbox 538 858 603 949; x_wconf 79' lang='lat' dir='ltr'><strong>q&#39;uo</strong></span> <span class='ocrx_word' id='word_1_32' title='bbox 619 864 769 927; x_wconf 86' lang='lat' dir='ltr'><strong>habemns</strong></span> <span class='ocrx_word' id='word_1_33' title='bbox 791 866 1043 951; x_wconf 79' lang='lat' dir='ltr'><strong>redemptionem.</strong></span> 
     </span>
    </p>
   </div>
   <div class='ocr_carea' id='block_1_3' title="bbox 94 996 1172 1404">
    <p class='ocr_par' dir='ltr' id='par_1_3' title="bbox 94 996 1172 1404">
     <span class='ocr_line' id='line_1_6' title="bbox 182 996 1170 1082; baseline -0.004 -20"><span class='ocrx_word' id='word_1_34' title='bbox 182 997 342 1082; x_wconf 70' lang='lat' dir='ltr'><strong>Philip.</strong></span> <span class='ocrx_word' id='word_1_35' title='bbox 376 997 420 1063; x_wconf 69' lang='lat'><strong>102</strong></span> <span class='ocrx_word' id='word_1_36' title='bbox 453 997 576 1059; x_wconf 84' lang='lat' dir='ltr'><strong>Gratias</strong></span> <span class='ocrx_word' id='word_1_37' title='bbox 596 1017 654 1081; x_wconf 73' lang='lat' dir='ltr'><strong>ago</strong></span> <span class='ocrx_word' id='word_1_38' title='bbox 675 996 744 1059; x_wconf 86' lang='lat' dir='ltr'><strong>Deo</strong></span> <span class='ocrx_word' id='word_1_39' title='bbox 765 1017 835 1061; x_wconf 83' lang='lat' dir='ltr'><strong>meo</strong></span> <span class='ocrx_word' id='word_1_40' title='bbox 861 1003 894 1061; x_wconf 89' lang='lat' dir='ltr'><strong>in</strong></span> <span class='ocrx_word' id='word_1_41' title='bbox 916 1000 1001 1060; x_wconf 89' lang='lat' dir='ltr'><strong>omni</strong></span> <span class='ocrx_word' id='word_1_42' title='bbox 1023 999 1170 1061; x_wconf 83' lang='lat' dir='ltr'><strong>memoria</strong></span> 
     </span>
     <span class='ocr_line' id='line_1_7' title="bbox 98 1104 1171 1192; baseline -0.005 -21"><span class='ocrx_word' id='word_1_43' title='bbox 98 1109 215 1186; x_wconf 70' lang='lat' dir='ltr'><strong>vestri,</strong></span> <span class='ocrx_word' id='word_1_44' title='bbox 242 1110 380 1192; x_wconf 84' lang='lat' dir='ltr'><strong>(semper</strong></span> <span class='ocrx_word' id='word_1_45' title='bbox 405 1105 591 1179; x_wconf 73' lang='lat' dir='ltr'><strong>inornatis</strong></span> <span class='ocrx_word' id='word_1_46' title='bbox 620 1104 818 1167; x_wconf 87' lang='lat' dir='ltr'><strong>orationibus</strong></span> <span class='ocrx_word' id='word_1_47' title='bbox 845 1108 919 1167; x_wconf 84' lang='lat' dir='ltr'><strong>meis</strong></span> <span class='ocrx_word' id='word_1_48' title='bbox 943 1125 1004 1188; x_wconf 87' lang='lat' dir='ltr'><strong>pro</strong></span> <span class='ocrx_word' id='word_1_49' title='bbox 1026 1104 1171 1171; x_wconf 86' lang='lat' dir='ltr'><strong>omnibns</strong></span> 
     </span>
     <span class='ocr_line' id='line_1_8' title="bbox 99 1208 1171 1298; baseline -0.007 -19"><span class='ocrx_word' id='word_1_50' title='bbox 99 1215 192 1280; x_wconf 77' lang='lat' dir='ltr'><strong>robis</strong></span> <span class='ocrx_word' id='word_1_51' title='bbox 214 1236 283 1276; x_wconf 86' lang='lat' dir='ltr'><strong>enm</strong></span> <span class='ocrx_word' id='word_1_52' title='bbox 303 1213 418 1298; x_wconf 77' lang='lat' dir='ltr'><strong>gaudio</strong></span> <span class='ocrx_word' id='word_1_53' title='bbox 437 1210 685 1296; x_wconf 77' lang='lat' dir='ltr'><strong>deprecationem</strong></span> <span class='ocrx_word' id='word_1_54' title='bbox 698 1211 824 1290; x_wconf 84' lang='lat' dir='ltr'><strong>faciens)</strong></span> <span class='ocrx_word' id='word_1_55' title='bbox 846 1232 940 1294; x_wconf 85' lang='lat' dir='ltr'><strong>super</strong></span> <span class='ocrx_word' id='word_1_56' title='bbox 963 1208 1171 1279; x_wconf 73' lang='lat' dir='ltr'><strong>communien-</strong></span> 
     </span>
     <span class='ocr_line' id='line_1_9' title="bbox 94 1315 1172 1404; baseline -0.01 -14"><span class='ocrx_word' id='word_1_57' title='bbox 94 1325 189 1395; x_wconf 81' lang='lat' dir='ltr'><strong>.tione</strong></span> <span class='ocrx_word' id='word_1_58' title='bbox 216 1334 319 1389; x_wconf 82' lang='lat' dir='ltr'><strong>vestra</strong></span> <span class='ocrx_word' id='word_1_59' title='bbox 352 1322 396 1383; x_wconf 88' lang='lat' dir='ltr'><strong>in.</strong></span> <span class='ocrx_word' id='word_1_60' title='bbox 415 1318 587 1404; x_wconf 74' lang='lat' dir='ltr'><strong>Evangelio</strong></span> <span class='ocrx_word' id='word_1_61' title='bbox 617 1317 801 1396; x_wconf 76' lang='lat' dir='ltr'>CHRISTI,</span> <span class='ocrx_word' id='word_1_62' title='bbox 845 1338 864 1378; x_wconf 90' lang='lat' dir='ltr'><strong>a</strong></span> <span class='ocrx_word' id='word_1_63' title='bbox 894 1319 997 1401; x_wconf 84' lang='lat' dir='ltr'><strong>prima</strong></span> <span class='ocrx_word' id='word_1_64' title='bbox 1031 1315 1082 1381; x_wconf 78' lang='lat' dir='ltr'><strong>die</strong></span> <span class='ocrx_word' id='word_1_65' title='bbox 1116 1337 1172 1379; x_wconf 85' lang='lat' dir='ltr'><strong>ns-</strong></span> 
     </span>
    </p>
   </div>
   <div class='ocr_carea' id='block_1_4' title="bbox 78 1451 1308 4188">
    <p class='ocr_par' dir='ltr' id='par_1_4' title="bbox 123 1451 945 1494">
     <span class='ocr_line' id='line_1_10' title="bbox 123 1451 945 1494; baseline -0.001 -1"><span class='ocrx_word' id='word_1_66' title='bbox 123 1452 161 1494; x_wconf 87' lang='lat' dir='ltr'><strong>ne</strong></span> <span class='ocrx_word' id='word_1_67' title='bbox 181 1451 274 1491; x_wconf 87' lang='lat' dir='ltr'><strong>nnnc.</strong></span> <span class='ocrx_word' id='word_1_68' title='bbox 941 1482 945 1492; x_wconf 94' lang='lat'>.</span> 
     </span>
    </p>

    <p class='ocr_par' dir='ltr' id='par_1_5' title="bbox 94 1453 1173 1608">
     <span class='ocr_line' id='line_1_11' title="bbox 94 1453 1173 1608; baseline -0.008 -9"><span class='ocrx_word' id='word_1_69' title='bbox 94 1453 122 1599; x_wconf 47' lang='grc' dir='ltr'><strong>,Ἰ</strong></span> <span class='ocrx_word' id='word_1_70' title='bbox 157 1564 161 1575; x_wconf 95' lang='grc'>·</span> <span class='ocrx_word' id='word_1_71' title='bbox 184 1534 227 1598; x_wconf 76' lang='grc' dir='ltr'><strong>ΙΙ.</strong></span> <span class='ocrx_word' id='word_1_72' title='bbox 250 1531 680 1603; x_wconf 80' lang='lat' dir='ltr'><strong>Cor.=V1111.=Nonenim</strong></span> <span class='ocrx_word' id='word_1_73' title='bbox 702 1530 829 1597; x_wconf 76' lang='lat' dir='ltr'><strong>nt‘eliis</strong></span> <span class='ocrx_word' id='word_1_74' title='bbox 844 1532 885 1592; x_wconf 89' lang='lat' dir='ltr'><strong>rit</strong></span> <span class='ocrx_word' id='word_1_75' title='bbox 906 1531 1063 1608; x_wconf 52' lang='lat' dir='ltr'><strong>remissios</strong></span> <span class='ocrx_word' id='word_1_76' title='bbox 1084 1527 1173 1591; x_wconf 78' lang='lat' dir='ltr'><strong>vobis</strong></span> 
     </span>
    </p>

    <p class='ocr_par' dir='ltr' id='par_1_6' title="bbox 100 1637 1175 1723">
     <span class='ocr_line' id='line_1_12' title="bbox 100 1637 1175 1723; baseline -0.009 -17"><span class='ocrx_word' id='word_1_77' title='bbox 100 1654 206 1706; x_wconf 83' lang='lat' dir='ltr'><strong>autem</strong></span> <span class='ocrx_word' id='word_1_78' title='bbox 223 1639 389 1703; x_wconf 86' lang='lat' dir='ltr'><strong>tribulatio</strong></span> <span class='ocrx_word' id='word_1_79' title='bbox 398 1661 413 1703; x_wconf 85' lang='grc' dir='ltr'><strong>ι-</strong></span> <span class='ocrx_word' id='word_1_80' title='bbox 429 1638 485 1705; x_wconf 76' lang='lat' dir='ltr'><strong>sed</strong></span> <span class='ocrx_word' id='word_1_81' title='bbox 507 1659 544 1705; x_wconf 77' lang='lat' dir='ltr'><strong>ex</strong></span> <span class='ocrx_word' id='word_1_82' title='bbox 566 1637 761 1723; x_wconf 69' lang='lat' dir='ltr'><strong>aequalitate.</strong></span> <span class='ocrx_word' id='word_1_83' title='bbox 803 1639 841 1702; x_wconf 90' lang='lat' dir='ltr'><strong>ln</strong></span> <span class='ocrx_word' id='word_1_84' title='bbox 863 1638 1018 1721; x_wconf 75' lang='lat' dir='ltr'>praesenti</span> <span class='ocrx_word' id='word_1_85' title='bbox 1033 1649 1175 1721; x_wconf 85' lang='lat' dir='ltr'><strong>tempore</strong></span> 
     </span>
    </p>

    <p class='ocr_par' dir='ltr' id='par_1_7' title="bbox 101 1729 1177 1831">
     <span class='ocr_line' id='line_1_13' title="bbox 101 1729 1177 1831; baseline -0.004 -22"><span class='ocrx_word' id='word_1_86' title='bbox 101 1729 208 1813; x_wconf 71' lang='lat' dir='ltr'><strong>vestra</strong></span> <span class='ocrx_word' id='word_1_87' title='bbox 229 1745 426 1815; x_wconf 78' lang='lat' dir='ltr'><strong>abnndantia</strong></span> <span class='ocrx_word' id='word_1_88' title='bbox 444 1746 571 1810; x_wconf 77' lang='lat' dir='ltr'><strong>iliorum</strong></span> <span class='ocrx_word' id='word_1_89' title='bbox 591 1748 728 1831; x_wconf 82' lang='lat' dir='ltr'><strong>inopiam</strong></span> <span class='ocrx_word' id='word_1_90' title='bbox 752 1743 914 1830; x_wconf 65' lang='lat' dir='ltr'><strong>supplesti</strong></span> <span class='ocrx_word' id='word_1_91' title='bbox 947 1758 983 1813; x_wconf 79' lang='lat' dir='ltr'><strong>ut</strong></span> <span class='ocrx_word' id='word_1_92' title='bbox 1001 1743 1177 1811; x_wconf 65' lang='lat' dir='ltr'><strong>atilionem</strong></span> 
     </span>
    </p>

    <p class='ocr_par' dir='ltr' id='par_1_8' title="bbox 104 1851 1177 1940">
     <span class='ocr_line' id='line_1_14' title="bbox 104 1851 1177 1940; baseline 0.004 -23"><span class='ocrx_word' id='word_1_93' title='bbox 104 1851 294 1917; x_wconf 87' lang='lat' dir='ltr'><strong>abnndantia</strong></span> <span class='ocrx_word' id='word_1_94' title='bbox 323 1866 440 1917; x_wconf 83' lang='lat' dir='ltr'><strong>vestrae</strong></span> <span class='ocrx_word' id='word_1_95' title='bbox 468 1854 593 1938; x_wconf 84' lang='lat' dir='ltr'><strong>inopiae</strong></span> <span class='ocrx_word' id='word_1_96' title='bbox 626 1856 668 1918; x_wconf 89' lang='lat' dir='ltr'><strong>sit</strong></span> <span class='ocrx_word' id='word_1_97' title='bbox 687 1853 953 1940; x_wconf 79' lang='lat' dir='ltr'><strong>supplementum,</strong></span> <span class='ocrx_word' id='word_1_98' title='bbox 985 1867 1023 1919; x_wconf 80' lang='lat' dir='ltr'><strong>nt</strong></span> <span class='ocrx_word' id='word_1_99' title='bbox 1042 1851 1103 1917; x_wconf 80' lang='lat' dir='ltr'><strong>fiat</strong></span> <span class='ocrx_word' id='word_1_100' title='bbox 1123 1874 1177 1921; x_wconf 70' lang='lat' dir='ltr'><strong>aa·</strong></span> 
     </span>
    </p>

    <p class='ocr_par' dir='ltr' id='par_1_9' title="bbox 101 1943 1308 2081">
     <span class='ocr_line' id='line_1_15' title="bbox 101 1943 1308 2081; baseline -0.001 -58"><span class='ocrx_word' id='word_1_101' title='bbox 101 1960 255 2044; x_wconf 84' lang='lat' dir='ltr'><strong>qualitas,</strong></span> <span class='ocrx_word' id='word_1_102' title='bbox 271 1962 353 2029; x_wconf 82' lang='lat' dir='ltr'><strong>siout</strong></span> <span class='ocrx_word' id='word_1_103' title='bbox 373 1963 525 2031; x_wconf 74' lang='lat' dir='ltr'><strong>scriptam</strong></span> <span class='ocrx_word' id='word_1_104' title='bbox 542 1973 614 2023; x_wconf 72' lang='lat' dir='ltr'><strong>este.</strong></span> <span class='ocrx_word' id='word_1_105' title='bbox 639 1960 704 2041; x_wconf 89' lang='lat' dir='ltr'><strong>Qni</strong></span> <span class='ocrx_word' id='word_1_106' title='bbox 725 1960 875 2042; x_wconf 79' lang='lat' dir='ltr'><strong>moltam,</strong></span> <span class='ocrx_word' id='word_1_107' title='bbox 888 1983 963 2026; x_wconf 90' lang='lat' dir='ltr'><strong>non</strong></span> <span class='ocrx_word' id='word_1_108' title='bbox 985 1959 1172 2081; x_wconf 61' lang='lat' dir='ltr'><strong>attondant:</strong></span> <span class='ocrx_word' id='word_1_109' title='bbox 1184 1943 1266 1990; x_wconf 63' lang='lat'><strong>&#39;¹⁰³³</strong></span> <span class='ocrx_word' id='word_1_110' title='bbox 1276 1955 1308 1994; x_wconf 77' lang='lat'><strong>¹⁶</strong></span> 
     </span>
    </p>

    <p class='ocr_par' dir='ltr' id='par_1_10' title="bbox 97 2066 1216 2241">
     <span class='ocr_line' id='line_1_16' title="bbox 97 2066 1216 2150; baseline 0.003 -19"><span class='ocrx_word' id='word_1_111' title='bbox 97 2081 129 2131; x_wconf 86' lang='lat' dir='ltr'><strong>et</strong></span> <span class='ocrx_word' id='word_1_112' title='bbox 159 2070 214 2150; x_wconf 88' lang='lat' dir='ltr'><strong>qni</strong></span> <span class='ocrx_word' id='word_1_113' title='bbox 234 2066 411 2147; x_wconf 83' lang='lat' dir='ltr'><strong>modicum,</strong></span> <span class='ocrx_word' id='word_1_114' title='bbox 431 2089 496 2131; x_wconf 88' lang='lat' dir='ltr'><strong>non</strong></span> <span class='ocrx_word' id='word_1_115' title='bbox 516 2069 692 2132; x_wconf 77' lang='lat' dir='ltr'><strong>minoravit.</strong></span> <span class='ocrx_word' id='word_1_116' title='bbox 1104 2102 1118 2133; x_wconf 89' lang='grc'><strong>·,·</strong></span> <span class='ocrx_word' id='word_1_117' title='bbox 1212 2092 1216 2099; x_wconf 79' lang='grc'><strong>’</strong></span> 
     </span>
     <span class='ocr_line' id='line_1_17' title="bbox 178 2122 1169 2253; baseline -0.001 -16"><span class='ocrx_word' id='word_1_118' title='bbox 178 2172 402 2239; x_wconf 76' lang='lat' dir='ltr'><strong>l..loan.1.=</strong></span> <span class='ocrx_word' id='word_1_119' title='bbox 424 2176 468 2239; x_wconf 84' lang='lat' dir='ltr'><strong>Ut</strong></span> <span class='ocrx_word' id='word_1_120' title='bbox 486 2186 518 2240; x_wconf 85' lang='lat' dir='ltr'><strong>et</strong></span> <span class='ocrx_word' id='word_1_121' title='bbox 536 2196 593 2239; x_wconf 78' lang='lat' dir='ltr'><strong>vos</strong></span> <span class='ocrx_word' id='word_1_122' title='bbox 614 2178 794 2241; x_wconf 81' lang='lat' dir='ltr'><strong>societatem</strong></span> <span class='ocrx_word' id='word_1_123' title='bbox 820 2176 964 2241; x_wconf 83' lang='lat' dir='ltr'><strong>habeatis</strong></span> <span class='ocrx_word' id='word_1_124' title='bbox 990 2122 1169 2253; x_wconf 81' lang='lat' dir='ltr'><strong>nobiseum,</strong></span> 
     </span>
    </p>

    <p class='ocr_par' dir='ltr' id='par_1_11' title="bbox 78 2282 1169 2369">
     <span class='ocr_line' id='line_1_18' title="bbox 78 2282 1169 2369; baseline -0.001 -23.982"><span class='ocrx_word' id='word_1_125' title='bbox 78 2292 129 2345; x_wconf 84' lang='lat' dir='ltr'><strong>et</strong></span> <span class='ocrx_word' id='word_1_126' title='bbox 158 2282 290 2345; x_wconf 82' lang='lat' dir='ltr'><strong>societas</strong></span> <span class='ocrx_word' id='word_1_127' title='bbox 323 2293 432 2344; x_wconf 85' lang='lat' dir='ltr'><strong>nostra</strong></span> <span class='ocrx_word' id='word_1_128' title='bbox 461 2283 503 2344; x_wconf 88' lang='lat' dir='ltr'><strong>sit</strong></span> <span class='ocrx_word' id='word_1_129' title='bbox 522 2302 594 2345; x_wconf 85' lang='lat' dir='ltr'><strong>enm</strong></span> <span class='ocrx_word' id='word_1_130' title='bbox 613 2282 708 2348; x_wconf 84' lang='lat' dir='ltr'><strong>Patre</strong></span> <span class='ocrx_word' id='word_1_131' title='bbox 728 2299 762 2350; x_wconf 81' lang='lat' dir='ltr'><strong>et</strong></span> <span class='ocrx_word' id='word_1_132' title='bbox 782 2307 855 2349; x_wconf 82' lang='lat' dir='ltr'><strong>eum</strong></span> <span class='ocrx_word' id='word_1_133' title='bbox 874 2286 960 2349; x_wconf 86' lang='lat' dir='ltr'><strong>Filio</strong></span> <span class='ocrx_word' id='word_1_134' title='bbox 981 2285 1049 2369; x_wconf 83' lang='lat' dir='ltr'><strong>ejus</strong></span> <span class='ocrx_word' id='word_1_135' title='bbox 1070 2282 1169 2347; x_wconf 74' lang='lat' dir='ltr'><strong>iESU</strong></span> 
     </span>
    </p>

    <p class='ocr_par' dir='ltr' id='par_1_12' title="bbox 94 2386 353 2451">
     <span class='ocr_line' id='line_1_19' title="bbox 94 2386 353 2451; baseline 0.004 -1"><span class='ocrx_word' id='word_1_136' title='bbox 94 2386 284 2450; x_wconf 75' lang='lat' dir='ltr'><strong>cnmsro</strong></span> <span class='ocrx_word' id='word_1_137' title='bbox 350 2446 353 2451; x_wconf 89' lang='lat'>.</span> 
     </span>
    </p>

    <p class='ocr_par' dir='ltr' id='par_1_13' title="bbox 93 2490 1171 3218">
     <span class='ocr_line' id='line_1_20' title="bbox 180 2490 1169 2577; baseline 0.006 -24"><span class='ocrx_word' id='word_1_138' title='bbox 180 2493 238 2555; x_wconf 81' lang='lat' dir='ltr'><strong>Ro</strong></span> <span class='ocrx_word' id='word_1_139' title='bbox 250 2510 291 2559; x_wconf 84' lang='grc' dir='ltr'>ιιι.</span> <span class='ocrx_word' id='word_1_140' title='bbox 310 2490 405 2553; x_wconf 72' lang='lat' dir='ltr'><strong>ms</strong></span> <span class='ocrx_word' id='word_1_141' title='bbox 426 2490 539 2553; x_wconf 83' lang='lat' dir='ltr'><strong>Sient</strong></span> <span class='ocrx_word' id='word_1_142' title='bbox 528 2512 564 2551; x_wconf 86' lang='grc' dir='ltr'><strong>ιιι</strong></span> <span class='ocrx_word' id='word_1_143' title='bbox 575 2511 642 2554; x_wconf 90' lang='lat' dir='ltr'><strong>nno</strong></span> <span class='ocrx_word' id='word_1_144' title='bbox 663 2515 800 2577; x_wconf 80' lang='lat' dir='ltr'><strong>eor-pore</strong></span> <span class='ocrx_word' id='word_1_145' title='bbox 808 2497 905 2558; x_wconf 86' lang='lat' dir='ltr'><strong>muita</strong></span> <span class='ocrx_word' id='word_1_146' title='bbox 914 2497 1052 2559; x_wconf 87' lang='lat' dir='ltr'><strong>membra</strong></span> <span class='ocrx_word' id='word_1_147' title='bbox 1071 2496 1169 2559; x_wconf 86' lang='lat' dir='ltr'><strong>babe-</strong></span> 
     </span>
     <span class='ocr_line' id='line_1_21' title="bbox 93 2594 1170 2676; baseline 0.004 -15"><span class='ocrx_word' id='word_1_148' title='bbox 93 2621 185 2676; x_wconf 88' lang='lat' dir='ltr'><strong>mus,</strong></span> <span class='ocrx_word' id='word_1_149' title='bbox 206 2598 310 2661; x_wconf 89' lang='lat' dir='ltr'><strong>omnia</strong></span> <span class='ocrx_word' id='word_1_150' title='bbox 331 2609 431 2658; x_wconf 87' lang='lat' dir='ltr'><strong>antem</strong></span> <span class='ocrx_word' id='word_1_151' title='bbox 449 2594 587 2659; x_wconf 88' lang='lat' dir='ltr'><strong>membra</strong></span> <span class='ocrx_word' id='word_1_152' title='bbox 604 2617 669 2660; x_wconf 92' lang='lat' dir='ltr'><strong>non</strong></span> <span class='ocrx_word' id='word_1_153' title='bbox 690 2601 836 2663; x_wconf 84' lang='lat' dir='ltr'><strong>eundem</strong></span> <span class='ocrx_word' id='word_1_154' title='bbox 845 2614 946 2662; x_wconf 85' lang='lat' dir='ltr'><strong>actum</strong></span> <span class='ocrx_word' id='word_1_155' title='bbox 969 2602 1109 2665; x_wconf 68' lang='lat' dir='ltr'><strong>habenta·</strong></span> <span class='ocrx_word' id='word_1_156' title='bbox 1096 2606 1170 2665; x_wconf 85' lang='lat' dir='ltr'><strong>·ita</strong></span> 
     </span>
     <span class='ocr_line' id='line_1_22' title="bbox 93 2704 1169 2793; baseline -0.004 -22"><span class='ocrx_word' id='word_1_157' title='bbox 93 2705 188 2771; x_wconf 86' lang='lat' dir='ltr'><strong>multi</strong></span> <span class='ocrx_word' id='word_1_158' title='bbox 208 2725 306 2768; x_wconf 84' lang='lat' dir='ltr'><strong>omnm</strong></span> <span class='ocrx_word' id='word_1_159' title='bbox 326 2726 444 2789; x_wconf 83' lang='lat' dir='ltr'><strong>eorpus</strong></span> <span class='ocrx_word' id='word_1_160' title='bbox 463 2726 568 2767; x_wconf 84' lang='lat' dir='ltr'><strong>sumus</strong></span> <span class='ocrx_word' id='word_1_161' title='bbox 591 2708 624 2767; x_wconf 91' lang='lat' dir='ltr'><strong>in</strong></span> <span class='ocrx_word' id='word_1_162' title='bbox 645 2704 792 2786; x_wconf 86' lang='lat' dir='ltr'><strong>Christo,</strong></span> <span class='ocrx_word' id='word_1_163' title='bbox 826 2708 941 2793; x_wconf 76' lang='lat' dir='ltr'><strong>singuli</strong></span> <span class='ocrx_word' id='word_1_164' title='bbox 963 2721 1065 2769; x_wconf 76' lang='lat' dir='ltr'><strong>antam</strong></span> <span class='ocrx_word' id='word_1_165' title='bbox 1091 2707 1169 2769; x_wconf 82' lang='lat' dir='ltr'><strong>alter</strong></span> 
     </span>
     <span class='ocr_line' id='line_1_23' title="bbox 93 2812 1171 2894; baseline -0.003 -17"><span class='ocrx_word' id='word_1_166' title='bbox 93 2814 223 2877; x_wconf 84' lang='lat' dir='ltr'><strong>alterins</strong></span> <span class='ocrx_word' id='word_1_167' title='bbox 257 2812 422 2875; x_wconf 41' lang='lat' dir='ltr'><strong>membra(</strong></span> <span class='ocrx_word' id='word_1_168' title='bbox 455 2812 612 2877; x_wconf 78' lang='lat' dir='ltr'><strong>Habentes</strong></span> <span class='ocrx_word' id='word_1_169' title='bbox 639 2826 743 2877; x_wconf 90' lang='lat' dir='ltr'><strong>autem</strong></span> <span class='ocrx_word' id='word_1_170' title='bbox 762 2815 965 2894; x_wconf 79' lang='lat' dir='ltr'><strong>donationes,</strong></span> <span class='ocrx_word' id='word_1_171' title='bbox 1000 2813 1171 2876; x_wconf 84' lang='lat' dir='ltr'><strong>secundnm</strong></span> 
     </span>
     <span class='ocr_line' id='line_1_24' title="bbox 93 2902 1171 3007; baseline -0.002 -23"><span class='ocrx_word' id='word_1_172' title='bbox 93 2924 245 3006; x_wconf 70' lang='lat' dir='ltr'><strong>gutiam,</strong></span> <span class='ocrx_word' id='word_1_173' title='bbox 274 2941 356 3005; x_wconf 83' lang='lat' dir='ltr'><strong>qnae</strong></span> <span class='ocrx_word' id='word_1_174' title='bbox 379 2921 452 2985; x_wconf 87' lang='lat' dir='ltr'><strong>data</strong></span> <span class='ocrx_word' id='word_1_175' title='bbox 469 2934 517 2983; x_wconf 74' lang='lat' dir='ltr'><strong>est</strong></span> <span class='ocrx_word' id='word_1_176' title='bbox 535 2920 646 3000; x_wconf 87' lang='lat' dir='ltr'><strong>nobis,</strong></span> <span class='ocrx_word' id='word_1_177' title='bbox 670 2902 865 3002; x_wconf 73' lang='lat' dir='ltr'><strong>differentes,</strong></span> <span class='ocrx_word' id='word_1_178' title='bbox 886 2926 949 2985; x_wconf 82' lang='lat' dir='ltr'><strong>sive</strong></span> <span class='ocrx_word' id='word_1_179' title='bbox 971 2920 1171 3007; x_wconf 73' lang='lat' dir='ltr'><strong>prophetiam</strong></span> 
     </span>
     <span class='ocr_line' id='line_1_25' title="bbox 95 3026 1170 3108; baseline 0.004 -17"><span class='ocrx_word' id='word_1_180' title='bbox 95 3029 266 3091; x_wconf 87' lang='lat' dir='ltr'><strong>seeundum</strong></span> <span class='ocrx_word' id='word_1_181' title='bbox 293 3031 445 3091; x_wconf 85' lang='lat' dir='ltr'><strong>rationem</strong></span> <span class='ocrx_word' id='word_1_182' title='bbox 463 3026 558 3103; x_wconf 83' lang='lat' dir='ltr'><strong>fidei,</strong></span> <span class='ocrx_word' id='word_1_183' title='bbox 585 3033 649 3093; x_wconf 81' lang='lat' dir='ltr'><strong>sive</strong></span> <span class='ocrx_word' id='word_1_184' title='bbox 675 3033 880 3093; x_wconf 86' lang='lat' dir='ltr'><strong>ministerium</strong></span> <span class='ocrx_word' id='word_1_185' title='bbox 900 3033 933 3090; x_wconf 91' lang='lat' dir='ltr'><strong>in</strong></span> <span class='ocrx_word' id='word_1_186' title='bbox 953 3029 1170 3108; x_wconf 77' lang='lat' dir='ltr'><strong>ministrandtt,</strong></span> 
     </span>
     <span class='ocr_line' id='line_1_26' title="bbox 93 3132 666 3218; baseline -0.002 -19"><span class='ocrx_word' id='word_1_187' title='bbox 93 3136 160 3199; x_wconf 76' lang='lat' dir='ltr'><strong>sive</strong></span> <span class='ocrx_word' id='word_1_188' title='bbox 183 3137 238 3218; x_wconf 88' lang='lat' dir='ltr'><strong>qni</strong></span> <span class='ocrx_word' id='word_1_189' title='bbox 259 3132 354 3200; x_wconf 89' lang='lat' dir='ltr'><strong>doeet</strong></span> <span class='ocrx_word' id='word_1_190' title='bbox 372 3138 405 3197; x_wconf 88' lang='lat' dir='ltr'><strong>in</strong></span> <span class='ocrx_word' id='word_1_191' title='bbox 429 3134 577 3200; x_wconf 76' lang='lat' dir='ltr'><strong>doctrina</strong></span> <span class='ocrx_word' id='word_1_192' title='bbox 608 3151 666 3205; x_wconf 88' lang='lat' dir='ltr'><strong>etc.</strong></span> 
     </span>
    </p>

    <p class='ocr_par' dir='ltr' id='par_1_14' title="bbox 79 3242 1275 3754">
     <span class='ocr_line' id='line_1_27' title="bbox 176 3242 1172 3343; baseline -0.001 -36"><span class='ocrx_word' id='word_1_193' title='bbox 176 3246 204 3307; x_wconf 87' lang='grc' dir='ltr'><strong>Ι,</strong></span> <span class='ocrx_word' id='word_1_194' title='bbox 228 3244 287 3307; x_wconf 85' lang='lat' dir='ltr'><strong>Co</strong></span> <span class='ocrx_word' id='word_1_195' title='bbox 300 3265 326 3306; x_wconf 88' lang='lat' dir='ltr'><strong>r.</strong></span> <span class='ocrx_word' id='word_1_196' title='bbox 348 3243 442 3305; x_wconf 87' lang='lat' dir='ltr'>Xll.:</span> <span class='ocrx_word' id='word_1_197' title='bbox 464 3245 555 3307; x_wconf 87' lang='lat' dir='ltr'><strong>Sient</strong></span> <span class='ocrx_word' id='word_1_198' title='bbox 579 3267 693 3331; x_wconf 79' lang='lat' dir='ltr'><strong>eorpus</strong></span> <span class='ocrx_word' id='word_1_199' title='bbox 712 3265 811 3306; x_wconf 82' lang='lat' dir='ltr'><strong>unum</strong></span> <span class='ocrx_word' id='word_1_200' title='bbox 831 3257 879 3306; x_wconf 89' lang='lat' dir='ltr'><strong>est</strong></span> <span class='ocrx_word' id='word_1_201' title='bbox 900 3253 935 3304; x_wconf 86' lang='lat' dir='ltr'><strong>et·</strong></span> <span class='ocrx_word' id='word_1_202' title='bbox 954 3242 1092 3343; x_wconf 46' lang='lat' dir='ltr'><strong>membra</strong></span> <span class='ocrx_word' id='word_1_203' title='bbox 1113 3243 1172 3306; x_wconf 85' lang='lat' dir='ltr'><strong>ha·</strong></span> 
     </span>
     <span class='ocr_line' id='line_1_28' title="bbox 79 3349 1171 3438; baseline -0.004 -23"><span class='ocrx_word' id='word_1_204' title='bbox 79 3352 152 3415; x_wconf 81' lang='lat' dir='ltr'><strong>bet</strong></span> <span class='ocrx_word' id='word_1_205' title='bbox 174 3351 271 3414; x_wconf 83' lang='lat' dir='ltr'><strong>molta</strong></span> <span class='ocrx_word' id='word_1_206' title='bbox 294 3363 354 3414; x_wconf 80' lang='lat' dir='ltr'><strong>ete.</strong></span> <span class='ocrx_word' id='word_1_207' title='bbox 397 3349 440 3413; x_wconf 83' lang='lat' dir='ltr'><strong>Et</strong></span> <span class='ocrx_word' id='word_1_208' title='bbox 470 3354 497 3414; x_wconf 86' lang='lat' dir='ltr'><strong>si</strong></span> <span class='ocrx_word' id='word_1_209' title='bbox 519 3353 596 3435; x_wconf 83' lang='lat' dir='ltr'><strong>qnid</strong></span> <span class='ocrx_word' id='word_1_210' title='bbox 615 3357 734 3438; x_wconf 85' lang='lat' dir='ltr'><strong>patitur</strong></span> <span class='ocrx_word' id='word_1_211' title='bbox 753 3364 850 3414; x_wconf 79' lang='lat' dir='ltr'><strong>nunni</strong></span> <span class='ocrx_word' id='word_1_212' title='bbox 872 3351 1064 3429; x_wconf 87' lang='lat' dir='ltr'><strong>membrum,</strong></span> <span class='ocrx_word' id='word_1_213' title='bbox 1085 3370 1171 3413; x_wconf 85' lang='lat' dir='ltr'><strong>com·</strong></span> 
     </span>
     <span class='ocr_line' id='line_1_29' title="bbox 90 3456 1275 3551; baseline 0 -30"><span class='ocrx_word' id='word_1_214' title='bbox 90 3459 260 3546; x_wconf 65' lang='lat' dir='ltr'><strong>patiuntur</strong></span> <span class='ocrx_word' id='word_1_215' title='bbox 287 3459 391 3520; x_wconf 89' lang='lat' dir='ltr'><strong>omnia</strong></span> <span class='ocrx_word' id='word_1_216' title='bbox 418 3458 577 3522; x_wconf 66' lang='lat' dir='ltr'><strong>membru</strong></span> <span class='ocrx_word' id='word_1_217' title='bbox 608 3464 672 3524; x_wconf 87' lang='lat' dir='ltr'><strong>sive</strong></span> <span class='ocrx_word' id='word_1_218' title='bbox 694 3460 849 3544; x_wconf 73' lang='lat' dir='ltr'><strong>gloriatur</strong></span> <span class='ocrx_word' id='word_1_219' title='bbox 876 3456 1169 3551; x_wconf 79' lang='lat' dir='ltr'><strong>nnummembrum,</strong></span> <span class='ocrx_word' id='word_1_220' title='bbox 1272 3476 1275 3481; x_wconf 84' lang='lat'>·</span> 
     </span>
     <span class='ocr_line' id='line_1_30' title="bbox 82 3565 1250 3652; baseline -0.003 -19"><span class='ocrx_word' id='word_1_221' title='bbox 82 3566 292 3652; x_wconf 63' lang='lat' dir='ltr'><strong>mongontiam</strong></span> <span class='ocrx_word' id='word_1_222' title='bbox 321 3567 424 3628; x_wconf 91' lang='lat' dir='ltr'><strong>omnia</strong></span> <span class='ocrx_word' id='word_1_223' title='bbox 448 3568 595 3631; x_wconf 74' lang='lat' dir='ltr'><strong>membra,</strong></span> <span class='ocrx_word' id='word_1_224' title='bbox 636 3568 704 3630; x_wconf 82' lang='lat' dir='ltr'><strong>Vos</strong></span> <span class='ocrx_word' id='word_1_225' title='bbox 723 3578 825 3629; x_wconf 87' lang='lat' dir='ltr'><strong>antem</strong></span> <span class='ocrx_word' id='word_1_226' title='bbox 845 3569 918 3629; x_wconf 87' lang='lat' dir='ltr'><strong>estis</strong></span> <span class='ocrx_word' id='word_1_227' title='bbox 946 3586 1062 3652; x_wconf 79' lang='lat' dir='ltr'><strong>cot-pus</strong></span> <span class='ocrx_word' id='word_1_228' title='bbox 1076 3565 1170 3627; x_wconf 86' lang='lat' dir='ltr'><strong>Cbn-</strong></span> <span class='ocrx_word' id='word_1_229' title='bbox 1216 3608 1221 3620; x_wconf 79' lang='lat'><em>-</em></span> <span class='ocrx_word' id='word_1_230' title='bbox 1247 3612 1250 3629; x_wconf 89' lang='lat'>.</span> 
     </span>
     <span class='ocr_line' id='line_1_31' title="bbox 92 3673 600 3754; baseline -0.006 -15"><span class='ocrx_word' id='word_1_231' title='bbox 92 3678 156 3754; x_wconf 84' lang='lat' dir='ltr'><strong>sti,</strong></span> <span class='ocrx_word' id='word_1_232' title='bbox 176 3687 211 3737; x_wconf 87' lang='lat' dir='ltr'><strong>et</strong></span> <span class='ocrx_word' id='word_1_233' title='bbox 231 3673 369 3736; x_wconf 84' lang='lat' dir='ltr'><strong>membra</strong></span> <span class='ocrx_word' id='word_1_234' title='bbox 390 3673 429 3736; x_wconf 93' lang='lat' dir='ltr'><strong>de</strong></span> <span class='ocrx_word' id='word_1_235' title='bbox 449 3676 600 3738; x_wconf 85' lang='lat' dir='ltr'><strong>membro.</strong></span> 
     </span>
    </p>

    <p class='ocr_par' dir='ltr' id='par_1_15' title="bbox 94 3780 1170 4188">
     <span class='ocr_line' id='line_1_32' title="bbox 178 3780 1170 3867; baseline -0.008 -22"><span class='ocrx_word' id='word_1_236' title='bbox 178 3782 239 3867; x_wconf 85' lang='lat' dir='ltr'><strong>Ep</strong></span> <span class='ocrx_word' id='word_1_237' title='bbox 252 3780 335 3842; x_wconf 82' lang='lat' dir='ltr'><strong>bes</strong></span> <span class='ocrx_word' id='word_1_238' title='bbox 355 3781 428 3844; x_wconf 75' lang='grc' dir='ltr'><strong>Νι</strong></span> <span class='ocrx_word' id='word_1_239' title='bbox 450 3783 593 3846; x_wconf 82' lang='lat' dir='ltr'><strong>Obsecro</strong></span> <span class='ocrx_word' id='word_1_240' title='bbox 617 3802 674 3844; x_wconf 83' lang='lat' dir='ltr'><strong>vos</strong></span> <span class='ocrx_word' id='word_1_241' title='bbox 693 3802 752 3865; x_wconf 78' lang='lat' dir='ltr'><strong>ego</strong></span> <span class='ocrx_word' id='word_1_242' title='bbox 776 3783 897 3843; x_wconf 77' lang='lat' dir='ltr'><strong>vinetus</strong></span> <span class='ocrx_word' id='word_1_243' title='bbox 916 3781 949 3840; x_wconf 89' lang='lat' dir='ltr'><strong>in</strong></span> <span class='ocrx_word' id='word_1_244' title='bbox 964 3780 1114 3854; x_wconf 90' lang='lat' dir='ltr'><strong>Domino,</strong></span> <span class='ocrx_word' id='word_1_245' title='bbox 1134 3789 1170 3839; x_wconf 89' lang='lat' dir='ltr'><strong>nt</strong></span> 
     </span>
     <span class='ocr_line' id='line_1_33' title="bbox 95 3884 1170 3974; baseline -0.007 -21"><span class='ocrx_word' id='word_1_246' title='bbox 95 3886 187 3973; x_wconf 69' lang='lat' dir='ltr'><strong>aigne</strong></span> <span class='ocrx_word' id='word_1_247' title='bbox 207 3888 372 3967; x_wconf 83' lang='lat' dir='ltr'><strong>ambuietis</strong></span> <span class='ocrx_word' id='word_1_248' title='bbox 392 3895 574 3969; x_wconf 77' lang='lat' dir='ltr'><strong>vocatione,</strong></span> <span class='ocrx_word' id='word_1_249' title='bbox 595 3910 658 3974; x_wconf 86' lang='lat' dir='ltr'><strong>qna</strong></span> <span class='ocrx_word' id='word_1_250' title='bbox 680 3891 783 3951; x_wconf 84' lang='lat' dir='ltr'><strong>vocati</strong></span> <span class='ocrx_word' id='word_1_251' title='bbox 804 3892 895 3967; x_wconf 87' lang='lat' dir='ltr'><strong>estis,</strong></span> <span class='ocrx_word' id='word_1_252' title='bbox 916 3907 988 3951; x_wconf 87' lang='lat' dir='ltr'><strong>eum</strong></span> <span class='ocrx_word' id='word_1_253' title='bbox 1011 3886 1095 3948; x_wconf 91' lang='lat' dir='ltr'><strong>omni</strong></span> <span class='ocrx_word' id='word_1_254' title='bbox 1106 3884 1170 3946; x_wconf 75' lang='lat' dir='ltr'><strong>bn-</strong></span> 
     </span>
     <span class='ocr_line' id='line_1_34' title="bbox 94 3994 1169 4083; baseline -0.007 -24"><span class='ocrx_word' id='word_1_255' title='bbox 94 3994 224 4081; x_wconf 75' lang='lat' dir='ltr'><strong>niiitate</strong></span> <span class='ocrx_word' id='word_1_256' title='bbox 248 4009 280 4059; x_wconf 84' lang='lat' dir='ltr'><strong>et</strong></span> <span class='ocrx_word' id='word_1_257' title='bbox 298 3998 549 4078; x_wconf 82' lang='lat' dir='ltr'><strong>mansuetudine,</strong></span> <span class='ocrx_word' id='word_1_258' title='bbox 571 4019 642 4060; x_wconf 88' lang='lat' dir='ltr'><strong>cum</strong></span> <span class='ocrx_word' id='word_1_259' title='bbox 665 3999 830 4083; x_wconf 81' lang='lat' dir='ltr'><strong>patientia,</strong></span> <span class='ocrx_word' id='word_1_260' title='bbox 850 4006 1073 4080; x_wconf 84' lang='lat' dir='ltr'><strong>supportantes</strong></span> <span class='ocrx_word' id='word_1_261' title='bbox 1088 3994 1169 4054; x_wconf 78' lang='lat' dir='ltr'><strong>invi·</strong></span> 
     </span>
     <span class='ocr_line' id='line_1_35' title="bbox 95 4100 1168 4188; baseline -0.005 -25"><span class='ocrx_word' id='word_1_262' title='bbox 95 4121 159 4163; x_wconf 78' lang='lat' dir='ltr'><strong>nem</strong></span> <span class='ocrx_word' id='word_1_263' title='bbox 184 4106 218 4165; x_wconf 91' lang='lat' dir='ltr'><strong>in</strong></span> <span class='ocrx_word' id='word_1_264' title='bbox 249 4108 400 4185; x_wconf 80' lang='lat' dir='ltr'><strong>caritate,</strong></span> <span class='ocrx_word' id='word_1_265' title='bbox 433 4106 548 4171; x_wconf 85' lang='lat' dir='ltr'><strong>soliciti</strong></span> <span class='ocrx_word' id='word_1_266' title='bbox 579 4126 702 4170; x_wconf 76' lang='lat' dir='ltr'><strong>serenae</strong></span> <span class='ocrx_word' id='word_1_267' title='bbox 723 4107 873 4167; x_wconf 87' lang='lat' dir='ltr'><strong>unitatem</strong></span> <span class='ocrx_word' id='word_1_268' title='bbox 894 4105 1024 4188; x_wconf 85' lang='lat' dir='ltr'><strong>spiritus</strong></span> <span class='ocrx_word' id='word_1_269' title='bbox 1045 4104 1077 4160; x_wconf 82' lang='lat' dir='ltr'><strong>in</strong></span> <span class='ocrx_word' id='word_1_270' title='bbox 1099 4100 1168 4159; x_wconf 77' lang='lat' dir='ltr'><strong>vin·</strong></span> 
     </span>
    </p>
   </div>
   <div class='ocr_carea' id='block_1_5' title="bbox 91 4198 281 4299">
    <p class='ocr_par' dir='ltr' id='par_1_16' title="bbox 91 4198 281 4299">
     <span class='ocr_line' id='line_1_36' title="bbox 91 4198 281 4299; baseline 0.016 -26"><span class='ocrx_word' id='word_1_271' title='bbox 91 4208 167 4277; x_wconf 81' lang='lat' dir='ltr'><strong>onio</strong></span> <span class='ocrx_word' id='word_1_272' title='bbox 186 4198 281 4299; x_wconf 81' lang='lat' dir='ltr'><strong>panis.</strong></span> 
     </span>
    </p>
   </div>
   <div class='ocr_carea' id='block_1_6' title="bbox 0 0 1395 4762">
    <p class='ocr_par' dir='ltr' id='par_1_17' title="bbox 0 0 1395 4762">
     <span class='ocr_line' id='line_1_37' title="bbox 0 0 1395 4762; baseline 0 0"><span class='ocrx_word' id='word_1_273' title='bbox 0 0 1395 4762; x_wconf 95' lang='lat' dir='ltr'><strong> </strong></span> 
     </span>
    </p>
   </div>
  </div>
 </body>
</html>
