2752 4770
253 413 333 483 430
482 350 1128 465 'naenancuerrs'
1220 406 1224 413 ·

81 613 146 667 arsa
170 603 380 679 cano-praeter
409 591 580 672 scripturas
608 585 772 649 canonicas
798 581 875 643 nibil
901 583 933 643 in
961 581 1100 644 Ecclesia
1130 580 1259 668 legatur
1287 588 1340 648 sub

82 667 380 756 22⁶⁵„35l⁸‘t:.nomine
415 676 587 735 divinarum
620 673 858 759 scripturarum.
914 668 998 728 Sunt
1031 680 1133 727 autem
1174 674 1339 732 canonicae

84 762 225 862 „3223
260 763 451 842 scripturae,
485 758 629 830 Genesis,
662 753 810 830 Exodua,
836 753 1010 825 beriticus,
1030 752 1183 828 Numeri,
1208 756 1336 815 Deuter-

87 858 211 919 auauatiui
260 864 440 920 onomrum,
475 843 547 902 Jcsu
575 838 678 911 Nave,
708 837 874 909 iudicum,
911 834 1022 911 Ruth,
1058 837 1242 924 Regnorum
1273 840 1334 899 libri

87 908 417 1012 ilimsilliaaunuon
443 925 701 1005 Paralipomenon
727 921 800 982 libri
830 921 911 995 duo,
933 920 1015 996 Job,
1035 920 1229 982 Psalterium
1253 924 1335 983 Dari·

263 1015 389 1087 dicum,
417 1008 591 1073 Salomonis
615 1006 688 1064 libri
711 1006 870 1087 quinque,
893 1005 982 1064 Libri
1005 1004 1170 1065 duodecim
1202 1007 1335 1091 Prophe-

262 1113 379 1171 tarum,
402 1095 526 1168 Esaias,
556 1091 743 1164 Hieremias,
772 1088 932 1164 Ezechiel,
961 1089 1091 1164 Daniel,
1128 1091 1268 1167 Tobiae,
1290 1095 1333 1152 Ju-

265 1182 354 1258 dith,
376 1178 526 1249 Hestlier,
548 1173 666 1233 Esdrae
685 1173 758 1235 libri
780 1173 865 1247 duo,
885 1171 1148 1234 Macbabacorum
1179 1174 1254 1235 libri
1274 1178 1330 1237 duo.

263 1266 344 1328 Nori
365 1275 466 1322 autem
491 1260 693 1334 Testamenti,
730 1256 969 1340 Evangeliorum
1000 1257 1074 1317 libri
1106 1273 1266 1340 quatuor,
1285 1264 1331 1320 Ae·

265 1362 353 1409 tuum
370 1343 597 1429 Apostolorum
614 1341 694 1402 liber
716 1362 817 1418 unus,
841 1341 933 1401 Pauli
951 1341 1097 1423 Apostoli
1119 1346 1273 1426 epistolae
1283 1359 1329 1407 tte·

265 1434 388 1507 decim,
423 1428 563 1510 ejusdem
590 1426 630 1487 ad
652 1427 811 1487 Hebraeos
835 1446 918 1500 una,
953 1425 1040 1486 Petri
1070 1425 1223 1509 Apostoli
1255 1432 1324 1501 duae,

265 1517 392 1578 loannis
416 1511 561 1595 Apostoli
582 1523 661 1586 tres,
689 1510 791 1571 iudae
806 1508 948 1593 Apostoli
971 1531 1051 1583 aaa,
1084 1524 1117 1571 et
1139 1513 1250 1573 Jacobi
1273 1535 1320 1587 un,

266 1598 472 1684 Apocalypsis
503 1597 629 1657 loannis
656 1595 736 1654 liber
765 1615 853 1654 unus.
914 1595 994 1653 Huic
1027 1594 1177 1657 Concilio
1212 1600 1322 1659 interluit

266 1687 366 1746 Divus
386 1683 594 1766 Augustinus,
616 1681 669 1762 qui
695 1681 726 1739 in
746 1678 827 1739 libro
847 1678 983 1739 scermdo
1008 1678 1047 1738 de
1074 1680 1231 1743 Doctrina
1258 1684 1323 1743 Chri·

268 1772 388 1843 stiana,
411 1769 512 1849 capite
536 1777 665 1842 octavo,
698 1763 826 1825 eundem
849 1761 943 1823 habet
967 1765 1192 1827 canonicarum
1215 1771 1326 1851 seriptu-

269 1874 375 1915 rarum
402 1850 503 1912 catala
546 1871 585 1917 m.
703 1900 708 1907 .

355 1948 404 2003 11.
448 1871 679 1995 suduculum
698 1931 784 1991 Trid.
810 1952 881 1993 sess.
900 1944 945 2000 aa
969 1931 1179 1996 Sacrosaneta
1199 1936 1323 1997 Quae

268 2023 338 2081 nica
357 2031 387 2077 et
408 2017 556 2101 garreralis
574 2016 755 2075 Tridentino
767 2016 929 2092 Synodus,
951 2019 982 2077 in
1005 2020 1128 2100 spiritu
1148 2032 1244 2080 saneto
1258 2019 1318 2099 legi·

268 2106 342 2165 time
367 2113 566 2184 congregata,
587 2100 832 2180 praesidentibus
855 2103 886 2161 in
904 2121 939 2160 ea
960 2103 1062 2161 tribus
1085 2103 1262 2188 Apostolieae
1275 2122 1318 2159 se-

269 2188 317 2246 dis
338 2185 466 2267 legatis,
498 2183 559 2243 hoc
589 2181 649 2242 sibi
675 2198 828 2268 perpetuo
855 2197 923 2244 ante
951 2185 1062 2247 oculos
1097 2206 1268 2272 proponens,
1287 2196 1317 2242 ut

269 2269 399 2332 sublatis
421 2267 580 2330 erroribus
601 2269 719 2348 ptuitas
741 2273 807 2351 ipsa
825 2270 980 2352 Evangelii
1000 2273 1032 2330 in
1057 2273 1193 2334 Ecclesia
1215 2291 1318 2330 conser-

268 2352 496 2429 veturtQuod
527 2353 709 2434 promissum
744 2367 813 2414 ante
844 2376 900 2436 per
928 2354 1103 2435 prophetas
1133 2364 1162 2417 in
1186 2357 1316 2438 seripturis

269 2440 398 2511 sanctis,
418 2440 566 2497 Dominus
586 2448 691 2496 noster
717 2438 836 2496 JESUS
862 2439 1057 2498 CHlllS'l'US
1082 2444 1145 2501 Dei
1168 2440 1246 2501 filius
1263 2461 1320 2521 pro·

268 2526 407 2606 priooro
432 2525 565 2605 primum
590 2521 814 2604 promulgarit:
838 2523 957 2582 Deinde
986 2544 1042 2604 per
1077 2548 1154 2585 suos
1182 2524 1325 2608 Apostolos

269 2622 415 2688 tanquam
440 2609 558 2668 fontem
587 2608 684 2665 omnis
705 2619 736 2666 et
757 2607 896 2666 salutaris
916 2611 1076 2683 veritatis,
1103 2624 1134 2670 et
1156 2632 1272 2670 mamm
1291 2609 1325 2665 di-

270 2693 438 2774 seiplinae,
463 2693 547 2750 omrai
569 2703 726 2750 creaturae
757 2692 925 2772 praedicari
948 2694 1064 2771 jussit:
1090 2695 1327 2777 Perspieiensqne

96 2781 192 2824 verrin
212 2777 348 2842 reo-hane
373 2779 531 2839 veritatem
552 2786 583 2834 ot
604 2774 794 2855 disciplinam
814 2779 962 2839 contineri
983 2797 1013 2834 ιιι
1039 2778 1131 2839 libris
1156 2784 1327 2863 seriptis,et

96 2831 336 2939 llllill⁰,·ll.⁸'sine
359 2863 477 2942 scripto
506 2859 743 2934 traditionibus,
771 2881 849 2940 quac
870 2881 903 2919 ex
924 2863 1021 2941 ipsius
1045 2860 1218 2925 ClllllSTl
1238 2859 1325 2925 orech

96 2935 248 3030 llfflalff‘ffss'
271 2944 431 3026 Apostolis
452 2956 618 3026 acceptae,
652 2955 705 3003 aut
729 2943 768 3002 ab
789 2946 864 3025 ipsis
896 2943 1057 3025 Apostolis
1096 2951 1217 3029 spiritu
1246 2959 1323 3007 saneta

94 3027 137 3066 ¹⁵¹¹*
154 3040 199 3066 '¹⁰¹¹
273 3030 424 3102 dictante,
448 3031 535 3109 quasi
556 3049 611 3110 per
638 3049 744 3087 manns
768 3028 898 3087 traditae
928 3029 966 3087 ad
990 3049 1046 3088 nos
1071 3051 1177 3112 usque
1205 3050 1320 3116 perrene-

95 3077 189 3128 tcriptis
201 3083 247 3117 tra·

96 3124 229 3214 flgsslffl
272 3126 361 3173 aurit:
383 3112 641 3173 Ortlaodoxorum
657 3125 778 3194 patrum
798 3110 932 3194 exempla
951 3128 1103 3194 sequuta,
1129 3137 1240 3177 omnes
1253 3117 1323 3176 libret

95 3210 334 3264 emundatam
360 3199 470 3263 veteris
499 3218 588 3278 qnam
618 3200 688 3256 navi
719 3200 909 3272 testamenti,
940 3218 1037 3278 quum
1066 3202 1243 3283 utriusque
1269 3217 1325 3259 uuas

94 3271 357 3374 2¹:,}],”0‘¹‚¹,¹{‚⁰·Deus
375 3284 416 3342 sit
439 3295 571 3357 auctor,
596 3300 651 3342 nco
673 3302 735 3341 riou
758 3281 940 3342 traditiones
964 3285 1043 3364 ipsas
1061 3327 1069 3356 ,
1090 3297 1155 3344 tum
1179 3287 1218 3345 ad
1242 3285 1325 3355 liden,

94 3367 264 3461 {25231223'222
274 3378 339 3426 tum
359 3365 397 3425 ad
414 3387 513 3426 mores
526 3369 729 3448 pertinentes,
751 3379 894 3448 tanquam
906 3366 952 3427 rel
965 3380 1108 3426 oretenus
1124 3390 1139 3427 a
1157 3368 1326 3438 ClllllS'lll.

95 3469 221 3517 cananea
244 3520 249 3530 .
273 3449 322 3508 vel
350 3470 366 3509 a
393 3450 512 3531 Spiritu
538 3463 645 3510 sancto
679 3450 824 3525 dictatas,
861 3463 891 3511 et
917 3453 1063 3510 contiuua
1096 3459 1291 3514 successione
1307 3455 1328 3510 iu

96 3515 261 3605 didimi-¹¹⁵
273 3532 409 3592 Ecclesia
438 3534 591 3595 catholica
622 3549 831 3610 conservatas,
864 3537 930 3618 pari
955 3537 1076 3618 pietatis
1099 3538 1219 3599 affectu
1241 3561 1274 3599 ac
1293 3559 1331 3597 ar·

97 3623 187 3650 ⁰¹⁰¹¹¹¹¹¹
205 3616 552 3700 ”revecuriasneciptt'
576 3639 611 3677 ac
633 3632 803 3681 veneratur.
846 3620 1010 3681 Sacrorum
1032 3641 1107 3680 vero
1123 3622 1277 3683 librorum
1295 3625 1332 3680 iu·

95 3672 168 3747 :idoli
181 3668 261 3751 dili?
272 3700 368 3760 dicem
389 3703 461 3762 huic
490 3705 613 3763 decreto
635 3703 872 3763 adscribendum
895 3707 1029 3778 censuit,
1052 3726 1090 3762 ne
1117 3711 1169 3766 eui
1191 3708 1332 3768 dubitatio

20 3768 27 3778 ’
96 3755 189 3797 (lentina
207 3760 247 3812 Sy.

94 3805 157 3846 noao
172 3818 224 3860 pm.
270 3783 530 3869 suboriri-possit,
554 3791 677 3869 quinam
701 3791 777 3859 sint,
802 3791 856 3871 qui
874 3788 912 3847 ab
930 3791 995 3870 ipsa
1014 3788 1149 3865 Synodo
1167 3795 1332 3875 suscipiun·
1364 3800 1373 3823 ³

95 3856 217 3910 ''¹⁸²⁰'‘
269 3879 339 3928 tur:
370 3869 540 3933 Suntrero
567 3873 794 3954 infrascripti:
827 3873 1011 3934 Testamenti
1052 3878 1165 3934 veteris
1206 3881 1332 3958 quinque

268 3954 382 4029 Moysi,
414 3956 527 4027 idest,
557 3959 701 4032 Genesis,
724 3957 869 4032 Euodus,
892 3960 1061 4033 Leviticus,
1084 3958 1232 4036 Numeri,
1255 3963 1331 4019 Dea·

267 4040 478 4098 temuomium.
521 4043 631 4116 Josnr,
656 4042 815 4119 iudicum,
837 4041 938 4115 Ruth,
961 4056 1099 4123 qrratuor
1114 4043 1253 4129 Regum,
1275 4045 1330 4103 duo

261 4120 538 4204 Paralipomenon,
573 4126 689 4187 Esdrae
741 4129 834 4187 rimus
868 4139 898 4187 ct
922 4129 1094 4202 secandus,
1133 4134 1192 4209 qui
1224 4131 1332 4191 elicitur

259 4205 438 4268 Nehcmias:
468 4206 599 4281 Tobios,
628 4149 753 4287 Juditll,
776 4210 926 4285 Hcstber,
949 4210 1031 4291 Job,
1053 4209 1243 4274 Psalteritnn
1270 4213 1330 4272 Da·
1371 4218 1374 4241 ¹

257 4292 398 4357 vidicum·
420 4296 542 4353 ceu'tum
567 4294 1031 4376 quinquagintaPsalmarum,
1051 4294 1247 4376 Dardaniae,
1268 4297 1330 4356 Ee·
