2768 4762
370 377 821 451 mnae-eacan.
1062 386 1141 461 m

10 567 12 572 ’
53 584 144 645 etiam
182 594 282 659 super
312 582 456 635 amotum
493 589 611 654 corpus
646 570 792 644 martyris
828 564 867 628 ad
893 567 953 630 Dei
983 563 1140 631 honorem

53 667 237 744 cultumque
271 670 509 732 constructum,
543 656 648 715 dicere
674 656 709 713 ln
739 652 901 736 preeihusz
942 653 1052 716 Offero
1077 652 1137 715 tibi
1219 717 1225 729 ‚
1258 719 1265 731 .

54 746 251 820 sacrificium,
278 744 371 804 Petre
391 740 440 800 vel
460 740 576 818 Paule,
606 737 655 801 rel
680 738 849 820 Cypriane,
874 759 944 800 cum
971 739 1055 823 apud
1081 761 1138 801 eo·
1147 714 1306 810 lpiqqppeffi

56 857 125 897 rum
146 831 308 893 memorias
330 826 483 888 offeratur
515 827 604 900 Deo,
636 827 692 905 qui
714 845 767 884 eos
787 836 818 883 ct
831 824 979 888 homines
1001 837 1033 887 et
1052 847 1137 895 mar·
1146 818 1251 910 ξξζζζξῐ
1259 823 1316 911 231¹

55 918 139 998 tyres
162 918 255 991 fecit,
277 926 307 973 et
328 913 441 973 sanctis
466 911 528 970 suis
552 908 667 992 angelis
692 909 813 969 caelesti
836 908 961 971 honore
983 912 1135 975 sociavit:
1150 929 1226 970 qum.

56 1020 91 1067 ut
111 1026 146 1065 ea
173 1000 378 1074 celebritate,
411 1007 442 1056 et
463 995 532 1055 Deo
554 1017 629 1055 vcro
652 993 691 1053 de
714 994 840 1054 illorum
862 998 1001 1057 victoriis
1024 999 1136 1085 gratias

58 1109 204 1174 agamus,
239 1098 270 1145 ct
299 1104 356 1143 nos
388 1081 428 1141 ad
458 1082 660 1141 imitationem
691 1079 799 1140 talium
834 1087 1020 1141 coronarum
1042 1095 1137 1162 atque

54 1176 228 1260 palmarum
251 1167 359 1229 eodem
382 1169 527 1226 invocato
542 1168 575 1225 in
597 1163 765 1239 auxilium,
795 1185 829 1224 er
853 1185 961 1223 eorum
982 1170 1137 1231 memoriae

55 1261 258 1320 renovatione
289 1250 510 1313 adhortemur?
565 1251 777 1329 Quaecunque
816 1249 913 1330 igitur
948 1239 1244 1341 adhibentur,}³„22ss‘
1259 1252 1317 1283 ¹³⁸¹·

56 1345 278 1425 religiosorum
314 1336 464 1417 obsequia
488 1338 521 1393 in
542 1348 712 1408 martyrum
734 1333 829 1407 locis,
863 1345 1042 1393 ornamenta
1060 1346 1140 1394 sunt
1224 1360 1227 1365 ·
1312 1362 1313 1366 ¹

56 1445 299 1497 memoriarum,
329 1442 395 1479 non
414 1441 501 1479 sacra
531 1419 579 1477 vel
601 1415 752 1476 sacrificia
777 1430 974 1477 mortuorum
993 1430 1140 1498 tanquam

56 1514 191 1572 deorum
245 1509 433 1585 Quicunque
468 1506 558 1563 etiam
581 1502 688 1583 epulas
709 1521 778 1561 suas
797 1524 835 1561 eo
855 1503 1022 1577 deferunt,
1054 1503 1141 1583 quod

57 1597 185 1677 quidem
223 1613 240 1651 a
271 1590 455 1648 Christianis
487 1585 669 1647 melioribus
690 1606 753 1645 non
775 1584 833 1661 fit,
868 1600 899 1647 et
926 1589 959 1645 in
980 1586 1163 1669 plerisque.
1214 1622 1221 1633 ·

56 1694 215 1739 terrarum
250 1673 338 1733 nulla
370 1685 415 1732 est
440 1671 509 1731 talis
532 1671 743 1731 consuetudo:
778 1684 878 1755 tamen
903 1674 1084 1753 quicunque
1106 1671 1140 1731 id
1225 1740 1230 1751 Ι

60 1766 195 1835 faciunt,
235 1779 311 1840 quas
343 1778 414 1816 cum
441 1758 661 1840 apposuerint,
694 1760 800 1833 orant,
839 1771 869 1818 et
904 1755 1068 1831 auferunt,
1104 1737 1319 1842 utfffb'lfiulfffl

58 1858 240 1903 vescantur:
264 1840 311 1901 vel
339 1850 373 1901 ex
397 1841 438 1901 eis
463 1843 553 1901 etiam
574 1839 784 1922 indigentibus
810 1841 1003 1924 largiantur,
1024 1838 1313 1928 sancti-{ffgnuu‘

58 1929 148 1988 ficari
183 1928 227 1987 ibi
250 1948 298 1986 eas
319 1925 431 1985 volunt
460 1946 518 2007 per
547 1928 655 1984 merita
676 1938 847 1998 martyrum
870 1930 901 1985 in
923 1929 1048 1986 nomine
1070 1927 1141 1986 Do-

56 2015 133 2073 mini
161 2025 340 2085 martyrum.
397 2008 468 2068 Non
490 2022 591 2069 autem
626 2009 684 2068 ista
706 2029 769 2068 esse
791 2009 942 2071 sacrificia
967 2025 1139 2088 martyrum
1164 2016 1313 2082 aneriacum

58 2099 167 2168 novit,
204 2097 259 2176 qui
283 2096 370 2154 novit
392 2113 505 2172 unum,
536 2092 623 2176 quod
651 2093 721 2153 Deo
742 2092 809 2155 illic
832 2095 989 2175 offertur,
1018 2072 1297 2163 sacrifi-fdnf‘m'm'

58 2184 140 2244 cium
162 2179 383 2239 Christianum.

145 2278 174 2332 1.
195 2264 231 2323 F.
255 2265 351 2323 Cone.
360 2261 452 2321 Trid.·
463 2283 534 2324 sess.
548 2276 600 2329 25.
614 2265 646 2322 in
657 2261 740 2323 decr.
750 2262 789 2323 de
811 2266 931 2342 invoc,
953 2282 1087 2328 venerat
1111 2280 1142 2330 et

59 2349 151 2429 reliq.
174 2348 220 2406 Ss.
242 2359 274 2404 et
295 2367 373 2404 sacr.
395 2348 504 2428 imag.:
544 2340 672 2407 Mandat
699 2361 803 2407 sancta
824 2349 971 2422 Synodus
994 2353 1138 2413 omnibus

57 2435 250 2511 Episcopts,
280 2441 311 2486 et
339 2431 466 2486 caeteris
490 2427 623 2487 docendi
655 2451 765 2489 munus
791 2452 960 2513 curamque
982 2439 1139 2495 sustinen-
1173 2436 1296 2477 &⁰¹⁰⁸“0

59 2517 167 2587 tibus,
190 2525 225 2571 ut
240 2514 328 2592 juxta
350 2509 528 2569 Catholicae
553 2524 584 2570 et
602 2511 801 2593 Apostolicac
829 2514 985 2575 Ecclesiae
1008 2541 1098 2578 usum
1121 2494 1275 2578 ali{?⁰'“⁰⁸
1295 2501 1319 2526 '¹‘

57 2599 224 2684 primaevis
251 2595 444 2654 Christianae
461 2594 622 2676 religionis
642 2598 835 2678 temporibus
852 2613 1025 2681 receptum,
1050 2624 1140 2662 sane-

57 2699 228 2762 torumque
257 2680 389 2739 Petrum
410 2680 661 2755 consensionem,
695 2694 725 2739 et
743 2702 902 2741 sacrorum
925 2685 1139 2746 Conciliorum

59 2769 185 2828 decreta
216 2766 358 2847 inprimis
389 2763 428 2823 de
454 2765 641 2823 Sanctorum
663 2765 898 2842 intercessione,
933 2760 1306 2853 invocatione„„³,2¹‡‡‡2ffi‚“¹

58 2852 273 2936 Reliquiarum
295 2848 436 2922 honore,
463 2860 494 2908 et
518 2847 654 2931 legitimo
677 2851 840 2932 imaginum
863 2873 936 2928 usu,
960 2850 1065 2913 fideles
1089 2842 1296 2941 dhlnvocauo'

60 2939 192 3020 ligentur
214 2937 386 3009 instruant,
427 2931 573 2994 docentes
599 2955 671 3010 eos,
692 2933 823 2994 Sanctos
839 2958 899 2996 una
920 2959 989 2996 eum
1010 2938 1136 3001 Christo
1148 2986 1181 3025 ,m
1199 2926 1310 3028 ,ome'eo

61 3033 247 3104 regnantes,
270 3021 427 3078 orationes
443 3038 515 3078 suas
537 3040 597 3100 pro
618 3020 798 3079 hominibus
824 3022 892 3081 Deo
916 3022 1043 3083 offerre:
1077 3000 1199 3084 boardi
1220 3011 1321 3076 canitis

61 3128 136 3165 num
156 3117 249 3186 atque
271 3103 347 3163 utile
365 3123 429 3162 esse
445 3104 630 3186 suppliciter
652 3125 704 3165 eos
725 3107 890 3164 invocare:
925 3121 955 3166 et
977 3108 1020 3167 oh
1042 3098 1195 3168 bene-¹¹¹²*

59 3190 132 3251 ficia
156 3188 349 3271 impetranda
374 3207 392 3246 a
411 3187 479 3248 Deo
503 3209 559 3270 per
581 3187 680 3248 filium
694 3191 762 3270 ejus
776 3191 791 3248 J
798 3190 907 3249 ESUM
929 3175 1220 3252 cflalstuM¹¹⁰⁹³⁶
1246 3176 1318 3215 ’⁶³¹³‘

1150 3233 1190 3263 uut
1215 3225 1259 3268 illi.
1296 3226 1320 3265 ni

59 3277 231 3335 Dominum
266 3285 425 3348 nostrum,
461 3275 517 3352 qui
546 3273 629 3332 solus
652 3289 757 3354 noster
779 3276 959 3358 redemptor
980 3291 1011 3337 et
1033 3239 1298 3337 Salva-¹⁰“‘⁰⁰⁵⁸l‘l·

1150 3335 1200 3361 narn
1213 3330 1235 3361 et
1254 3324 1319 3363 iuvo·
1355 3368 1359 3375 ἱ

58 3374 114 3420 tor
135 3372 197 3434 est,
220 3357 260 3418 ad
283 3377 392 3417 eorum
411 3359 593 3434 orationes,
616 3379 726 3440 opem,
758 3359 966 3442 auxiliumque
988 3362 1265 3445 confuge-emonem

59 3467 114 3505 re:
149 3442 220 3504 illos
251 3463 344 3519 vero,
385 3443 438 3523 qui
469 3453 583 3525 negant
606 3443 755 3520 Sanetos,
789 3457 917 3504 aeterna·
937 3447 1085 3507 felicitate
1107 3422 1311 3525 iniiffilifm

59 3527 147 3589 caelo
164 3530 330 3604 fruentes,
353 3527 645 3588 invocandosesse:
679 3542 733 3588 aut
757 3550 812 3609 qur
834 3543 995 3606 asserunt,
1028 3531 1078 3590 vel
1100 3530 1141 3591 il-

60 3614 108 3674 los
142 3633 204 3694 pro
242 3611 422 3669 hominihus
458 3632 521 3670 non
545 3633 658 3687 orare,
686 3612 735 3671 vel
756 3630 884 3688 eorum,
908 3627 943 3673 ut
965 3637 1026 3698 pro
1047 3614 1140 3676 nohis

60 3701 151 3757 ctiam
189 3696 317 3778 singulis
339 3707 449 3769 orent,
485 3697 712 3756 invocationem
734 3718 798 3757 esse
829 3697 1062 3775 idololatriam,
1091 3699 1140 3760 vel

61 3802 203 3863 pugnare
225 3801 296 3841 curn
320 3777 418 3839 verbo
440 3781 521 3855 Dei,
543 3782 762 3862 adversarique
775 3781 889 3842 honori
912 3787 1001 3844 unius
1024 3785 1142 3846 media·

62 3877 141 3925 tores
173 3867 232 3924 Dei
255 3877 286 3924 et
316 3862 476 3925 hominum
496 3865 596 3925 JESU
623 3866 805 3925 CHRISTl:
841 3866 889 3926 vel
912 3869 1043 3930 stultum
1066 3891 1139 3946 esse,

63 3950 96 4007 in
128 3949 215 4010 caelo
249 3947 448 4032 regnantibus
479 3969 557 4010 voce
588 3951 636 4010 vel
678 3964 778 4010 mente
812 3950 1007 4034 supplicare:
1048 3957 1141 4038 impie
1152 3933 1299 4045 elffii?

62 4037 177 4095 sentire
198 4047 258 4099 etc.
308 4033 342 4093 Si
363 4034 434 4116 quis
454 4047 556 4095 autem
577 4034 626 4095 his
656 4034 787 4096 decretis
809 4041 967 4099 contraria
987 4040 1143 4120 docuerit,
1154 4035 1213 4077 ⁰¹¹¹*

63 4131 121 4179 aut
140 4123 289 4191 senserit,
312 4119 470 4179 anathema
494 4124 542 4180 sit.

149 4217 186 4287 2.-
223 4203 559 4264 CHRYSOSTOMUS
588 4203 671 4264 hom.
709 4214 738 4271 a.
762 4152 793 4264 ih
815 4204 897 4265 Psal.
921 4220 990 4275 50.:
1020 4208 1144 4271 Videtis

59 4287 235 4369 carissimi,
276 4299 393 4371 quauta
425 4300 475 4351 est
497 4290 713 4375 ¹poeniteutiae
734 4291 850 4368 virtus,
876 4298 908 4352 et
929 4295 1143 4355 conversionis
