<?xml version="1.0" encoding="UTF-8"?>
<!DOCTYPE html PUBLIC "-//W3C//DTD XHTML 1.0 Transitional//EN"
    "http://www.w3.org/TR/xhtml1/DTD/xhtml1-transitional.dtd">
<html xmlns="http://www.w3.org/1999/xhtml" xml:lang="en" lang="en">
 <head>
  <title>
</title>
<meta http-equiv="Content-Type" content="text/html;charset=utf-8" />
  <meta name='ocr-system' content='tesseract 3.04.00' />
  <meta name='ocr-capabilities' content='ocr_page ocr_carea ocr_par ocr_line ocrx_word'/>
</head>
<body>
  <div class='ocr_page' id='page_1' title='image "./summadoctrinaec00kanigoog_0267.png"; bbox 0 0 2768 4762; ppageno 0'>
   <div class='ocr_carea' id='block_1_1' title="bbox 261 292 1188 425">
    <p class='ocr_par' dir='ltr' id='par_1_1' title="bbox 261 292 1188 425">
     <span class='ocr_line' id='line_1_1' title="bbox 261 292 1188 425; baseline -0.022 1"><span class='ocrx_word' id='word_1_1' title='bbox 261 357 338 425; x_wconf 80' lang='lat' dir='ltr'><strong>ers</strong></span> <span class='ocrx_word' id='word_1_2' title='bbox 410 419 413 423; x_wconf 71' lang='grc'>,</span> <span class='ocrx_word' id='word_1_3' title='bbox 489 404 494 422; x_wconf 75' lang='grc'><strong><em>,</em></strong></span> <span class='ocrx_word' id='word_1_4' title='bbox 560 350 628 412; x_wconf 83' lang='lat' dir='ltr'><strong>ns</strong></span> <span class='ocrx_word' id='word_1_5' title='bbox 664 348 922 423; x_wconf 73' lang='lat' dir='ltr'><strong>csu1rsru</strong></span> <span class='ocrx_word' id='word_1_6' title='bbox 954 298 1079 411; x_wconf 30' lang='lat' dir='ltr'><strong>nr*</strong></span> <span class='ocrx_word' id='word_1_7' title='bbox 1177 292 1188 309; x_wconf 40' lang='lat'><strong>⁸</strong></span> 
     </span>
    </p>
   </div>
   <div class='ocr_carea' id='block_1_2' title="bbox 93 533 1342 1713">
    <p class='ocr_par' dir='ltr' id='par_1_2' title="bbox 93 533 1342 1713">
     <span class='ocr_line' id='line_1_2' title="bbox 264 533 1342 619; baseline 0.006 -25"><span class='ocrx_word' id='word_1_8' title='bbox 264 555 326 619; x_wconf 87' lang='lat' dir='ltr'><strong>qna</strong></span> <span class='ocrx_word' id='word_1_9' title='bbox 346 537 525 598; x_wconf 73' lang='lat' dir='ltr'><strong>necessitate</strong></span> <span class='ocrx_word' id='word_1_10' title='bbox 540 533 721 618; x_wconf 86' lang='lat' dir='ltr'><strong>prohibitus</strong></span> <span class='ocrx_word' id='word_1_11' title='bbox 733 555 820 612; x_wconf 83' lang='lat' dir='ltr'><strong>„nec</strong></span> <span class='ocrx_word' id='word_1_12' title='bbox 843 534 950 598; x_wconf 78' lang='lat' dir='ltr'><strong>trudit.</strong></span> <span class='ocrx_word' id='word_1_13' title='bbox 964 535 1081 618; x_wconf 82' lang='lat' dir='ltr'><strong>corpus</strong></span> <span class='ocrx_word' id='word_1_14' title='bbox 1098 555 1210 609; x_wconf 79' lang='lat' dir='ltr'><strong>sunm,</strong></span> <span class='ocrx_word' id='word_1_15' title='bbox 1231 548 1269 599; x_wconf 89' lang='lat' dir='ltr'><strong>nt</strong></span> <span class='ocrx_word' id='word_1_16' title='bbox 1284 559 1342 600; x_wconf 51' lang='lat' dir='ltr'><strong>sss</strong></span> 
     </span>
     <span class='ocr_line' id='line_1_3' title="bbox 263 619 1342 708; baseline 0.004 -26"><span class='ocrx_word' id='word_1_17' title='bbox 263 621 352 697; x_wconf 86' lang='lat' dir='ltr'><strong>dent,</strong></span> <span class='ocrx_word' id='word_1_18' title='bbox 372 623 397 680; x_wconf 88' lang='lat' dir='ltr'><strong>si</strong></span> <span class='ocrx_word' id='word_1_19' title='bbox 419 620 489 681; x_wconf 82' lang='lat' dir='ltr'><strong>talis</strong></span> <span class='ocrx_word' id='word_1_20' title='bbox 513 621 664 702; x_wconf 76' lang='lat' dir='ltr'><strong>passionis</strong></span> <span class='ocrx_word' id='word_1_21' title='bbox 683 619 770 680; x_wconf 79' lang='lat' dir='ltr'><strong>nulls</strong></span> <span class='ocrx_word' id='word_1_22' title='bbox 794 621 923 682; x_wconf 86' lang='lat' dir='ltr'><strong>tentatio</strong></span> <span class='ocrx_word' id='word_1_23' title='bbox 944 632 1014 696; x_wconf 85' lang='lat' dir='ltr'><strong>est,</strong></span> <span class='ocrx_word' id='word_1_24' title='bbox 1044 620 1190 701; x_wconf 84' lang='lat' dir='ltr'><strong>perducit</strong></span> <span class='ocrx_word' id='word_1_25' title='bbox 1206 621 1245 682; x_wconf 83' lang='lat' dir='ltr'><strong>ad</strong></span> <span class='ocrx_word' id='word_1_26' title='bbox 1265 645 1342 708; x_wconf 77' lang='lat' dir='ltr'><strong>reg·</strong></span> 
     </span>
     <span class='ocr_line' id='line_1_4' title="bbox 263 702 1342 787; baseline 0.004 -22"><span class='ocrx_word' id='word_1_27' title='bbox 263 725 361 780; x_wconf 85' lang='lat' dir='ltr'><strong>num,</strong></span> <span class='ocrx_word' id='word_1_28' title='bbox 383 706 426 764; x_wconf 80' lang='lat' dir='ltr'><strong>its</strong></span> <span class='ocrx_word' id='word_1_29' title='bbox 445 717 482 764; x_wconf 88' lang='lat' dir='ltr'><strong>ut</strong></span> <span class='ocrx_word' id='word_1_30' title='bbox 496 706 591 787; x_wconf 81' lang='lat' dir='ltr'><strong>ipsam</strong></span> <span class='ocrx_word' id='word_1_31' title='bbox 614 702 708 765; x_wconf 89' lang='lat' dir='ltr'><strong>fidem</strong></span> <span class='ocrx_word' id='word_1_32' title='bbox 724 725 788 764; x_wconf 91' lang='lat' dir='ltr'><strong>non</strong></span> <span class='ocrx_word' id='word_1_33' title='bbox 811 703 903 763; x_wconf 83' lang='lat' dir='ltr'><strong>faciat</strong></span> <span class='ocrx_word' id='word_1_34' title='bbox 922 703 1028 763; x_wconf 87' lang='lat' dir='ltr'><strong>utilem</strong></span> <span class='ocrx_word' id='word_1_35' title='bbox 1045 706 1104 763; x_wconf 90' lang='lat' dir='ltr'><strong>nisi</strong></span> <span class='ocrx_word' id='word_1_36' title='bbox 1122 707 1247 766; x_wconf 77' lang='lat' dir='ltr'><strong>caritas.</strong></span> <span class='ocrx_word' id='word_1_37' title='bbox 1286 709 1342 769; x_wconf 81' lang='lat' dir='ltr'><strong>si·</strong></span> 
     </span>
     <span class='ocr_line' id='line_1_5' title="bbox 253 786 1342 871; baseline 0.005 -22"><span class='ocrx_word' id='word_1_38' title='bbox 253 809 305 849; x_wconf 63' lang='lat' dir='ltr'><strong>‘ne</strong></span> <span class='ocrx_word' id='word_1_39' title='bbox 332 791 458 849; x_wconf 78' lang='lat' dir='ltr'><strong>caritate</strong></span> <span class='ocrx_word' id='word_1_40' title='bbox 488 790 606 871; x_wconf 87' lang='lat' dir='ltr'><strong>quippe</strong></span> <span class='ocrx_word' id='word_1_41' title='bbox 641 786 717 849; x_wconf 87' lang='lat' dir='ltr'><strong>fides</strong></span> <span class='ocrx_word' id='word_1_42' title='bbox 752 800 856 870; x_wconf 86' lang='lat' dir='ltr'><strong>potest</strong></span> <span class='ocrx_word' id='word_1_43' title='bbox 886 787 1011 869; x_wconf 88' lang='lat' dir='ltr'><strong>quidem</strong></span> <span class='ocrx_word' id='word_1_44' title='bbox 1035 808 1115 863; x_wconf 88' lang='lat' dir='ltr'><strong>esse,</strong></span> <span class='ocrx_word' id='word_1_45' title='bbox 1146 790 1199 848; x_wconf 87' lang='lat' dir='ltr'><strong>sed</strong></span> <span class='ocrx_word' id='word_1_46' title='bbox 1220 812 1285 850; x_wconf 93' lang='lat' dir='ltr'><strong>non</strong></span> <span class='ocrx_word' id='word_1_47' title='bbox 1308 805 1342 854; x_wconf 85' lang='lat' dir='ltr'><strong>et</strong></span> 
     </span>
     <span class='ocr_line' id='line_1_6' title="bbox 95 871 1339 955; baseline 0.005 -24"><span class='ocrx_word' id='word_1_48' title='bbox 95 889 150 931; x_wconf 73' lang='lat' dir='ltr'><strong>stu·</strong></span> <span class='ocrx_word' id='word_1_49' title='bbox 159 887 256 930; x_wconf 60' lang='lat' dir='ltr'><strong>castrat·</strong></span> <span class='ocrx_word' id='word_1_50' title='bbox 267 873 424 955; x_wconf 86' lang='lat' dir='ltr'><strong>prodesse.</strong></span> <span class='ocrx_word' id='word_1_51' title='bbox 446 871 582 955; x_wconf 85' lang='lat' dir='ltr'><strong>Propter</strong></span> <span class='ocrx_word' id='word_1_52' title='bbox 603 871 691 953; x_wconf 84' lang='lat' dir='ltr'><strong>qnod</strong></span> <span class='ocrx_word' id='word_1_53' title='bbox 712 884 743 932; x_wconf 86' lang='lat' dir='ltr'><strong>et</strong></span> <span class='ocrx_word' id='word_1_54' title='bbox 752 871 921 954; x_wconf 82' lang='lat' dir='ltr'><strong>Apostolus</strong></span> <span class='ocrx_word' id='word_1_55' title='bbox 932 872 1066 932; x_wconf 81' lang='lat' dir='ltr'><strong>Paulus:</strong></span> <span class='ocrx_word' id='word_1_56' title='bbox 1088 872 1125 931; x_wconf 93' lang='lat' dir='ltr'><strong>In</strong></span> <span class='ocrx_word' id='word_1_57' title='bbox 1148 874 1339 953; x_wconf 85' lang='lat' dir='ltr'><strong>CHRISTO,</strong></span> 
     </span>
     <span class='ocr_line' id='line_1_7' title="bbox 93 937 1341 1040; baseline 0.003 -25"><span class='ocrx_word' id='word_1_58' title='bbox 93 937 391 1038; x_wconf 45' lang='lat' dir='ltr'><strong>¹diff,⁴:212}ssssinquit,</strong></span> <span class='ocrx_word' id='word_1_59' title='bbox 421 956 519 1016; x_wconf 83' lang='lat' dir='ltr'>JESU</span> <span class='ocrx_word' id='word_1_60' title='bbox 547 976 648 1036; x_wconf 89' lang='lat' dir='ltr'><strong>neque</strong></span> <span class='ocrx_word' id='word_1_61' title='bbox 670 958 884 1029; x_wconf 77' lang='lat' dir='ltr'><strong>circumcisio,</strong></span> <span class='ocrx_word' id='word_1_62' title='bbox 918 976 1017 1037; x_wconf 89' lang='lat' dir='ltr'><strong>neque</strong></span> <span class='ocrx_word' id='word_1_63' title='bbox 1047 960 1246 1040; x_wconf 81' lang='lat' dir='ltr'><strong>praeputium</strong></span> <span class='ocrx_word' id='word_1_64' title='bbox 1277 960 1341 1019; x_wconf 81' lang='lat' dir='ltr'><strong>ali-</strong></span> 
     </span>
     <span class='ocr_line' id='line_1_8' title="bbox 94 1035 1341 1130; baseline 0.002 -29"><span class='ocrx_word' id='word_1_65' title='bbox 94 1035 228 1130; x_wconf 54' lang='grc' dir='ltr'><strong>ξᾞῇζξξ··6</strong></span> <span class='ocrx_word' id='word_1_66' title='bbox 271 1042 348 1123; x_wconf 91' lang='lat' dir='ltr'><strong>quid</strong></span> <span class='ocrx_word' id='word_1_67' title='bbox 368 1040 470 1117; x_wconf 69' lang='lat' dir='ltr'><strong>velet,</strong></span> <span class='ocrx_word' id='word_1_68' title='bbox 495 1041 548 1101; x_wconf 87' lang='lat' dir='ltr'><strong>sed</strong></span> <span class='ocrx_word' id='word_1_69' title='bbox 568 1038 762 1120; x_wconf 32' lang='lat' dir='ltr'><strong>fides,1quae</strong></span> <span class='ocrx_word' id='word_1_70' title='bbox 784 1059 841 1122; x_wconf 91' lang='lat' dir='ltr'><strong>per</strong></span> <span class='ocrx_word' id='word_1_71' title='bbox 862 1039 1059 1100; x_wconf 88' lang='lat' dir='ltr'><strong>dilectionem</strong></span> <span class='ocrx_word' id='word_1_72' title='bbox 1088 1054 1257 1124; x_wconf 82' lang='lat' dir='ltr'><strong>operatur:</strong></span> <span class='ocrx_word' id='word_1_73' title='bbox 1292 1046 1341 1105; x_wconf 92' lang='lat' dir='ltr'><strong>sic</strong></span> 
     </span>
     <span class='ocr_line' id='line_1_9' title="bbox 95 1112 1342 1204; baseline 0.003 -18"><span class='ocrx_word' id='word_1_74' title='bbox 95 1112 247 1203; x_wconf 40' lang='lat' dir='ltr'><strong>tacendis.</strong></span> <span class='ocrx_word' id='word_1_75' title='bbox 272 1147 337 1186; x_wconf 81' lang='lat' dir='ltr'><strong>earn</strong></span> <span class='ocrx_word' id='word_1_76' title='bbox 365 1125 540 1186; x_wconf 88' lang='lat' dir='ltr'><strong>discernens</strong></span> <span class='ocrx_word' id='word_1_77' title='bbox 568 1123 608 1184; x_wconf 81' lang='lat' dir='ltr'><strong>ab</strong></span> <span class='ocrx_word' id='word_1_78' title='bbox 640 1144 675 1184; x_wconf 81' lang='lat' dir='ltr'><strong>eo</strong></span> <span class='ocrx_word' id='word_1_79' title='bbox 696 1121 778 1198; x_wconf 85' lang='lat' dir='ltr'><strong>fide,</strong></span> <span class='ocrx_word' id='word_1_80' title='bbox 813 1144 874 1204; x_wconf 83' lang='lat' dir='ltr'><strong>qua</strong></span> <span class='ocrx_word' id='word_1_81' title='bbox 909 1137 940 1184; x_wconf 92' lang='lat' dir='ltr'><strong>et</strong></span> <span class='ocrx_word' id='word_1_82' title='bbox 968 1124 1128 1186; x_wconf 87' lang='lat' dir='ltr'><strong>daemones</strong></span> <span class='ocrx_word' id='word_1_83' title='bbox 1154 1126 1286 1187; x_wconf 87' lang='lat' dir='ltr'><strong>credunt</strong></span> <span class='ocrx_word' id='word_1_84' title='bbox 1307 1140 1342 1190; x_wconf 89' lang='lat' dir='ltr'><strong>et</strong></span> 
     </span>
     <span class='ocr_line' id='line_1_10' title="bbox 270 1207 1341 1290; baseline 0.001 -19"><span class='ocrx_word' id='word_1_85' title='bbox 270 1211 522 1271; x_wconf 78' lang='lat' dir='ltr'><strong>contremiscunt</strong></span> <span class='ocrx_word' id='word_1_86' title='bbox 564 1207 834 1290; x_wconf 76' lang='lat' dir='ltr'><strong>Dilectroigitur,</strong></span> <span class='ocrx_word' id='word_1_87' title='bbox 858 1229 937 1289; x_wconf 80' lang='lat' dir='ltr'><strong>quse</strong></span> <span class='ocrx_word' id='word_1_88' title='bbox 957 1229 992 1268; x_wconf 81' lang='lat' dir='ltr'><strong>ex</strong></span> <span class='ocrx_word' id='word_1_89' title='bbox 1021 1209 1089 1268; x_wconf 90' lang='lat' dir='ltr'><strong>Deo</strong></span> <span class='ocrx_word' id='word_1_90' title='bbox 1112 1223 1179 1286; x_wconf 84' lang='lat' dir='ltr'><strong>est,</strong></span> <span class='ocrx_word' id='word_1_91' title='bbox 1202 1224 1233 1271; x_wconf 91' lang='lat' dir='ltr'><strong>et</strong></span> <span class='ocrx_word' id='word_1_92' title='bbox 1253 1212 1341 1272; x_wconf 81' lang='lat' dir='ltr'><strong>Dens</strong></span> 
     </span>
     <span class='ocr_line' id='line_1_11' title="bbox 271 1286 1339 1375; baseline 0.002 -21"><span class='ocrx_word' id='word_1_93' title='bbox 271 1307 333 1371; x_wconf 82' lang='lat' dir='ltr'><strong>est.</strong></span> <span class='ocrx_word' id='word_1_94' title='bbox 355 1294 485 1375; x_wconf 85' lang='lat' dir='ltr'><strong>proprie</strong></span> <span class='ocrx_word' id='word_1_95' title='bbox 505 1293 633 1374; x_wconf 87' lang='lat' dir='ltr'><strong>spiritus</strong></span> <span class='ocrx_word' id='word_1_96' title='bbox 659 1304 781 1352; x_wconf 83' lang='lat' dir='ltr'><strong>sanctus</strong></span> <span class='ocrx_word' id='word_1_97' title='bbox 801 1293 863 1368; x_wconf 81' lang='lat' dir='ltr'><strong>est,</strong></span> <span class='ocrx_word' id='word_1_98' title='bbox 886 1313 943 1374; x_wconf 91' lang='lat' dir='ltr'><strong>per</strong></span> <span class='ocrx_word' id='word_1_99' title='bbox 968 1312 1057 1373; x_wconf 88' lang='lat' dir='ltr'><strong>qnern</strong></span> <span class='ocrx_word' id='word_1_100' title='bbox 1085 1286 1272 1357; x_wconf 77' lang='lat' dir='ltr'><strong>diffunditur</strong></span> <span class='ocrx_word' id='word_1_101' title='bbox 1304 1298 1339 1356; x_wconf 92' lang='lat' dir='ltr'><strong>in</strong></span> 
     </span>
     <span class='ocr_line' id='line_1_12' title="bbox 95 1376 1338 1458; baseline 0.006 -24"><span class='ocrx_word' id='word_1_102' title='bbox 95 1383 227 1435; x_wconf 64' lang='lat' dir='ltr'><strong>Romus</strong></span> <span class='ocrx_word' id='word_1_103' title='bbox 271 1376 423 1438; x_wconf 88' lang='lat' dir='ltr'><strong>cordibus</strong></span> <span class='ocrx_word' id='word_1_104' title='bbox 441 1378 556 1436; x_wconf 87' lang='lat' dir='ltr'><strong>nostris</strong></span> <span class='ocrx_word' id='word_1_105' title='bbox 573 1377 632 1435; x_wconf 92' lang='lat' dir='ltr'><strong>Dei</strong></span> <span class='ocrx_word' id='word_1_106' title='bbox 658 1376 787 1449; x_wconf 79' lang='lat' dir='ltr'><strong>ceritas,</strong></span> <span class='ocrx_word' id='word_1_107' title='bbox 820 1396 992 1458; x_wconf 84' lang='lat' dir='ltr'><strong>perquam</strong></span> <span class='ocrx_word' id='word_1_108' title='bbox 1014 1397 1070 1437; x_wconf 91' lang='lat' dir='ltr'><strong>nos</strong></span> <span class='ocrx_word' id='word_1_109' title='bbox 1092 1389 1159 1439; x_wconf 82' lang='lat' dir='ltr'><strong>tota</strong></span> <span class='ocrx_word' id='word_1_110' title='bbox 1182 1378 1338 1442; x_wconf 77' lang='lat' dir='ltr'><strong>inhabitat</strong></span> 
     </span>
     <span class='ocr_line' id='line_1_13' title="bbox 269 1460 1342 1542; baseline 0.001 -20"><span class='ocrx_word' id='word_1_111' title='bbox 269 1461 414 1522; x_wconf 80' lang='lat' dir='ltr'><strong>Trinitas.</strong></span> <span class='ocrx_word' id='word_1_112' title='bbox 446 1460 629 1539; x_wconf 62' lang='lat' dir='ltr'><strong>&gt;Quocirca</strong></span> <span class='ocrx_word' id='word_1_113' title='bbox 662 1461 829 1519; x_wconf 89' lang='lat' dir='ltr'><strong>rectissime</strong></span> <span class='ocrx_word' id='word_1_114' title='bbox 866 1462 1005 1542; x_wconf 68' lang='lat' dir='ltr'><strong>spiritus.</strong></span> <span class='ocrx_word' id='word_1_115' title='bbox 1029 1473 1151 1522; x_wconf 83' lang='lat' dir='ltr'><strong>sanctus</strong></span> <span class='ocrx_word' id='word_1_116' title='bbox 1187 1483 1258 1523; x_wconf 91' lang='lat' dir='ltr'><strong>cum</strong></span> <span class='ocrx_word' id='word_1_117' title='bbox 1296 1467 1342 1524; x_wconf 91' lang='lat' dir='ltr'><strong>sit</strong></span> 
     </span>
     <span class='ocr_line' id='line_1_14' title="bbox 269 1543 1337 1629; baseline 0.003 -24"><span class='ocrx_word' id='word_1_118' title='bbox 269 1547 371 1623; x_wconf 88' lang='lat' dir='ltr'><strong>Deus,</strong></span> <span class='ocrx_word' id='word_1_119' title='bbox 405 1558 536 1606; x_wconf 82' lang='lat' dir='ltr'><strong>vocatur</strong></span> <span class='ocrx_word' id='word_1_120' title='bbox 567 1545 656 1605; x_wconf 82' lang='lat' dir='ltr'><strong>etiam</strong></span> <span class='ocrx_word' id='word_1_121' title='bbox 682 1543 799 1605; x_wconf 90' lang='lat' dir='ltr'><strong>donum</strong></span> <span class='ocrx_word' id='word_1_122' title='bbox 826 1544 895 1605; x_wconf 89' lang='lat' dir='ltr'><strong>Dei.</strong></span> <span class='ocrx_word' id='word_1_123' title='bbox 944 1544 1039 1620; x_wconf 89' lang='lat' dir='ltr'><strong>Quod</strong></span> <span class='ocrx_word' id='word_1_124' title='bbox 1068 1544 1184 1607; x_wconf 89' lang='lat' dir='ltr'><strong>donum</strong></span> <span class='ocrx_word' id='word_1_125' title='bbox 1204 1550 1337 1629; x_wconf 85' lang='lat' dir='ltr'><strong>proprie</strong></span> 
     </span>
     <span class='ocr_line' id='line_1_15' title="bbox 271 1626 1338 1713; baseline 0.002 -24"><span class='ocrx_word' id='word_1_126' title='bbox 271 1629 349 1711; x_wconf 90' lang='lat' dir='ltr'><strong>qnid</strong></span> <span class='ocrx_word' id='word_1_127' title='bbox 373 1631 431 1689; x_wconf 91' lang='lat' dir='ltr'><strong>nisi</strong></span> <span class='ocrx_word' id='word_1_128' title='bbox 452 1631 562 1708; x_wconf 77' lang='lat' dir='ltr'><strong>caritas</strong></span> <span class='ocrx_word' id='word_1_129' title='bbox 584 1626 782 1710; x_wconf 78' lang='lat' dir='ltr'><strong>intelligenda</strong></span> <span class='ocrx_word' id='word_1_130' title='bbox 808 1640 868 1707; x_wconf 88' lang='lat' dir='ltr'><strong>est,</strong></span> <span class='ocrx_word' id='word_1_131' title='bbox 901 1651 980 1713; x_wconf 85' lang='lat' dir='ltr'><strong>quse</strong></span> <span class='ocrx_word' id='word_1_132' title='bbox 996 1629 1141 1711; x_wconf 86' lang='lat' dir='ltr'><strong>perducit</strong></span> <span class='ocrx_word' id='word_1_133' title='bbox 1167 1630 1205 1691; x_wconf 83' lang='lat' dir='ltr'><strong>cd</strong></span> <span class='ocrx_word' id='word_1_134' title='bbox 1218 1632 1338 1708; x_wconf 88' lang='lat' dir='ltr'><strong>Deum,</strong></span> 
     </span>
    </p>
   </div>
   <div class='ocr_carea' id='block_1_3' title="bbox 269 1710 1339 1860">
    <p class='ocr_par' dir='ltr' id='par_1_3' title="bbox 269 1710 1339 1860">
     <span class='ocr_line' id='line_1_16' title="bbox 269 1710 1339 1860; baseline 0.002 -86"><span class='ocrx_word' id='word_1_135' title='bbox 269 1726 310 1860; x_wconf 58' lang='lat' dir='ltr'><strong>eb</strong></span> <span class='ocrx_word' id='word_1_136' title='bbox 331 1715 397 1857; x_wconf 54' lang='lat' dir='ltr'><strong>gne</strong></span> <span class='ocrx_word' id='word_1_137' title='bbox 438 1734 500 1856; x_wconf 66' lang='lat' dir='ltr'><strong>spus</strong></span> <span class='ocrx_word' id='word_1_138' title='bbox 532 1710 699 1796; x_wconf 88' lang='lat' dir='ltr'><strong>quodlibet</strong></span> <span class='ocrx_word' id='word_1_139' title='bbox 738 1710 824 1773; x_wconf 85' lang='lat' dir='ltr'><strong>aliud</strong></span> <span class='ocrx_word' id='word_1_140' title='bbox 857 1713 974 1776; x_wconf 91' lang='lat' dir='ltr'><strong>donum</strong></span> <span class='ocrx_word' id='word_1_141' title='bbox 1004 1713 1064 1775; x_wconf 92' lang='lat' dir='ltr'><strong>Dei</strong></span> <span class='ocrx_word' id='word_1_142' title='bbox 1096 1734 1160 1776; x_wconf 93' lang='lat' dir='ltr'><strong>non</strong></span> <span class='ocrx_word' id='word_1_143' title='bbox 1193 1715 1339 1799; x_wconf 88' lang='lat' dir='ltr'><strong>perducit</strong></span> 
     </span>
     <span class='ocr_line' id='line_1_17' title="bbox 269 1817 433 1860; baseline -0.012 0"><span class='ocrx_word' id='word_1_144' title='bbox 269 1817 288 1860; x_wconf 81' lang='lat' dir='ltr'><strong>u</strong></span> <span class='ocrx_word' id='word_1_145' title='bbox 363 1817 433 1858; x_wconf 90' lang='lat' dir='ltr'><strong>eum</strong></span> 
     </span>
    </p>
   </div>
   <div class='ocr_carea' id='block_1_4' title="bbox 95 1900 1347 3568">
    <p class='ocr_par' dir='ltr' id='par_1_4' title="bbox 95 1900 1347 3568">
     <span class='ocr_line' id='line_1_18' title="bbox 208 1900 1341 1975; baseline 0.004 -13"><span class='ocrx_word' id='word_1_146' title='bbox 208 1968 210 1975; x_wconf 59' lang='grc'>,</span> <span class='ocrx_word' id='word_1_147' title='bbox 354 1917 383 1973; x_wconf 77' lang='lat' dir='ltr'><strong>e.</strong></span> <span class='ocrx_word' id='word_1_148' title='bbox 426 1901 684 1963; x_wconf 84' lang='lat' dir='ltr'>AUGUSTINUS</span> <span class='ocrx_word' id='word_1_149' title='bbox 715 1902 754 1962; x_wconf 91' lang='lat' dir='ltr'><strong>de</strong></span> <span class='ocrx_word' id='word_1_150' title='bbox 787 1900 874 1963; x_wconf 82' lang='lat' dir='ltr'><strong>verb.</strong></span> <span class='ocrx_word' id='word_1_151' title='bbox 906 1902 1000 1968; x_wconf 87' lang='lat' dir='ltr'><strong>Dom.</strong></span> <span class='ocrx_word' id='word_1_152' title='bbox 1022 1924 1109 1965; x_wconf 89' lang='lat' dir='ltr'><strong>serm.</strong></span> <span class='ocrx_word' id='word_1_153' title='bbox 1131 1917 1200 1972; x_wconf 58' lang='lat'><strong>25:</strong></span> <span class='ocrx_word' id='word_1_154' title='bbox 1229 1905 1341 1967; x_wconf 85' lang='lat' dir='ltr'><strong>inten-</strong></span> 
     </span>
     <span class='ocr_line' id='line_1_19' title="bbox 95 1985 1342 2071; baseline 0.002 -22"><span class='ocrx_word' id='word_1_155' title='bbox 95 2007 177 2053; x_wconf 70' lang='lat' dir='ltr'><strong>nun.</strong></span> <span class='ocrx_word' id='word_1_156' title='bbox 188 2006 251 2060; x_wconf 59' lang='lat' dir='ltr'><strong>ssa.</strong></span> <span class='ocrx_word' id='word_1_157' title='bbox 272 2001 340 2050; x_wconf 86' lang='lat' dir='ltr'><strong>tum</strong></span> <span class='ocrx_word' id='word_1_158' title='bbox 360 2008 408 2048; x_wconf 89' lang='lat' dir='ltr'><strong>me</strong></span> <span class='ocrx_word' id='word_1_159' title='bbox 434 1987 509 2047; x_wconf 83' lang='lat' dir='ltr'><strong>fecit</strong></span> <span class='ocrx_word' id='word_1_160' title='bbox 526 1985 725 2068; x_wconf 75' lang='lat' dir='ltr'><strong>Evangelinm</strong></span> <span class='ocrx_word' id='word_1_161' title='bbox 741 1999 888 2046; x_wconf 86' lang='lat' dir='ltr'><strong>sanctum.</strong></span> <span class='ocrx_word' id='word_1_162' title='bbox 932 1987 1042 2052; x_wconf 54' lang='lat' dir='ltr'><strong>Etiam.</strong></span> <span class='ocrx_word' id='word_1_163' title='bbox 1056 1991 1135 2070; x_wconf 82' lang='lat' dir='ltr'><strong>ipsas</strong></span> <span class='ocrx_word' id='word_1_164' title='bbox 1151 1992 1284 2071; x_wconf 76' lang='lat' dir='ltr'><strong>virgines</strong></span> <span class='ocrx_word' id='word_1_165' title='bbox 1310 2001 1342 2050; x_wconf 88' lang='lat' dir='ltr'><strong>ct</strong></span> 
     </span>
     <span class='ocr_line' id='line_1_20' title="bbox 198 2068 1343 2156; baseline 0 -23"><span class='ocrx_word' id='word_1_166' title='bbox 198 2101 200 2103; x_wconf 46' lang='lat'><strong><em>¹</em></strong></span> <span class='ocrx_word' id='word_1_167' title='bbox 273 2075 353 2156; x_wconf 82' lang='lat' dir='ltr'><strong>ipsas</strong></span> <span class='ocrx_word' id='word_1_168' title='bbox 384 2071 515 2131; x_wconf 83' lang='lat' dir='ltr'><strong>serentes</strong></span> <span class='ocrx_word' id='word_1_169' title='bbox 547 2068 723 2152; x_wconf 77' lang='lat' dir='ltr'><strong>lampades,</strong></span> <span class='ocrx_word' id='word_1_170' title='bbox 758 2070 832 2130; x_wconf 82' lang='lat' dir='ltr'><strong>alias</strong></span> <span class='ocrx_word' id='word_1_171' title='bbox 854 2070 930 2132; x_wconf 79' lang='lat' dir='ltr'><strong>duit</strong></span> <span class='ocrx_word' id='word_1_172' title='bbox 948 2070 1133 2153; x_wconf 88' lang='lat' dir='ltr'><strong>prudentes,</strong></span> <span class='ocrx_word' id='word_1_173' title='bbox 1156 2072 1228 2132; x_wconf 82' lang='lat' dir='ltr'><strong>elias</strong></span> <span class='ocrx_word' id='word_1_174' title='bbox 1259 2073 1343 2133; x_wconf 88' lang='lat' dir='ltr'><strong>stul·</strong></span> 
     </span>
     <span class='ocr_line' id='line_1_21' title="bbox 271 2152 1345 2230; baseline -0.002 -12"><span class='ocrx_word' id='word_1_175' title='bbox 271 2170 327 2218; x_wconf 78' lang='lat' dir='ltr'><strong>tas.</strong></span> <span class='ocrx_word' id='word_1_176' title='bbox 370 2154 459 2216; x_wconf 86' lang='lat' dir='ltr'><strong>Unde</strong></span> <span class='ocrx_word' id='word_1_177' title='bbox 488 2155 663 2230; x_wconf 89' lang='lat' dir='ltr'><strong>intuemur,</strong></span> <span class='ocrx_word' id='word_1_178' title='bbox 702 2152 785 2212; x_wconf 92' lang='lat' dir='ltr'><strong>unde</strong></span> <span class='ocrx_word' id='word_1_179' title='bbox 813 2154 1035 2216; x_wconf 77' lang='lat' dir='ltr'><strong>discernimus?</strong></span> <span class='ocrx_word' id='word_1_180' title='bbox 1076 2157 1123 2215; x_wconf 91' lang='lat' dir='ltr'><strong>De</strong></span> <span class='ocrx_word' id='word_1_181' title='bbox 1145 2156 1223 2215; x_wconf 84' lang='lat' dir='ltr'><strong>oleo·</strong></span> <span class='ocrx_word' id='word_1_182' title='bbox 1268 2156 1345 2216; x_wconf 80' lang='lat' dir='ltr'><strong>Ali·</strong></span> 
     </span>
     <span class='ocr_line' id='line_1_22' title="bbox 273 2235 1343 2323; baseline 0 -23"><span class='ocrx_word' id='word_1_183' title='bbox 273 2240 349 2323; x_wconf 92' lang='lat' dir='ltr'><strong>quid</strong></span> <span class='ocrx_word' id='word_1_184' title='bbox 369 2256 511 2322; x_wconf 79' lang='lat' dir='ltr'><strong>maguum</strong></span> <span class='ocrx_word' id='word_1_185' title='bbox 531 2235 686 2320; x_wconf 78' lang='lat' dir='ltr'><strong>significet</strong></span> <span class='ocrx_word' id='word_1_186' title='bbox 712 2237 945 2315; x_wconf 77' lang='lat' dir='ltr'><strong>oleum,&#39;·raidc</strong></span> <span class='ocrx_word' id='word_1_187' title='bbox 970 2260 1130 2323; x_wconf 73' lang='lat' dir='ltr'><strong>magnum:</strong></span> <span class='ocrx_word' id='word_1_188' title='bbox 1150 2239 1244 2299; x_wconf 83' lang='lat' dir='ltr'><strong>Putas</strong></span> <span class='ocrx_word' id='word_1_189' title='bbox 1271 2261 1343 2300; x_wconf 92' lang='lat' dir='ltr'><strong>non</strong></span> 
     </span>
     <span class='ocr_line' id='line_1_23' title="bbox 272 2321 1344 2406; baseline 0 -21"><span class='ocrx_word' id='word_1_190' title='bbox 272 2328 385 2386; x_wconf 78' lang='lat' dir='ltr'><strong>caritas</strong></span> <span class='ocrx_word' id='word_1_191' title='bbox 411 2322 476 2383; x_wconf 76' lang='lat' dir='ltr'><strong>est?</strong></span> <span class='ocrx_word' id='word_1_192' title='bbox 519 2321 707 2397; x_wconf 88' lang='lat' dir='ltr'><strong>Quaerendo</strong></span> <span class='ocrx_word' id='word_1_193' title='bbox 742 2323 893 2401; x_wconf 85' lang='lat' dir='ltr'><strong>dicimus,</strong></span> <span class='ocrx_word' id='word_1_194' title='bbox 929 2344 992 2384; x_wconf 87' lang='lat' dir='ltr'><strong>noo</strong></span> <span class='ocrx_word' id='word_1_195' title='bbox 1020 2326 1196 2384; x_wconf 86' lang='lat' dir='ltr'><strong>senteutiam</strong></span> <span class='ocrx_word' id='word_1_196' title='bbox 1215 2327 1344 2406; x_wconf 85' lang='lat' dir='ltr'><strong>praeci-</strong></span> 
     </span>
     <span class='ocr_line' id='line_1_24' title="bbox 114 2405 1343 2493; baseline -0.004 -21"><span class='ocrx_word' id='word_1_197' title='bbox 114 2429 196 2476; x_wconf 66' lang='lat' dir='ltr'><strong>otsm</strong></span> <span class='ocrx_word' id='word_1_198' title='bbox 207 2438 264 2479; x_wconf 71' lang='lat' dir='ltr'><strong>carr.</strong></span> <span class='ocrx_word' id='word_1_199' title='bbox 275 2412 419 2493; x_wconf 82' lang='lat' dir='ltr'><strong>pitamus.</strong></span> <span class='ocrx_word' id='word_1_200' title='bbox 462 2405 551 2468; x_wconf 85' lang='lat' dir='ltr'><strong>Unde</strong></span> <span class='ocrx_word' id='word_1_201' title='bbox 572 2405 647 2466; x_wconf 89' lang='lat' dir='ltr'><strong>mihi</strong></span> <span class='ocrx_word' id='word_1_202' title='bbox 667 2405 809 2466; x_wconf 76' lang='lat' dir='ltr'><strong>rideatur</strong></span> <span class='ocrx_word' id='word_1_203' title='bbox 824 2407 925 2468; x_wconf 89' lang='lat' dir='ltr'><strong>oleum</strong></span> <span class='ocrx_word' id='word_1_204' title='bbox 942 2410 1052 2470; x_wconf 78' lang='lat' dir='ltr'><strong>caritas</strong></span> <span class='ocrx_word' id='word_1_205' title='bbox 1073 2406 1254 2491; x_wconf 79' lang='lat' dir='ltr'><strong>significari,</strong></span> <span class='ocrx_word' id='word_1_206' title='bbox 1289 2409 1343 2467; x_wconf 87' lang='lat' dir='ltr'><strong>di-</strong></span> 
     </span>
     <span class='ocr_line' id='line_1_25' title="bbox 95 2485 1342 2578; baseline -0.018 -2"><span class='ocrx_word' id='word_1_207' title='bbox 95 2490 142 2578; x_wconf 49' lang='lat' dir='ltr'><strong>‘rb&#39;</strong></span> <span class='ocrx_word' id='word_1_208' title='bbox 168 2495 188 2532; x_wconf 76' lang='lat'><strong>¹⁹</strong></span> <span class='ocrx_word' id='word_1_209' title='bbox 210 2485 264 2530; x_wconf 76' lang='lat'><strong>⁰⁰¹·</strong></span> <span class='ocrx_word' id='word_1_210' title='bbox 278 2515 342 2554; x_wconf 82' lang='lat' dir='ltr'><strong>cem</strong></span> <span class='ocrx_word' id='word_1_211' title='bbox 371 2491 470 2552; x_wconf 81' lang='lat' dir='ltr'><strong>vobis.</strong></span> <span class='ocrx_word' id='word_1_212' title='bbox 502 2489 674 2572; x_wconf 81' lang='lat' dir='ltr'><strong>Apostolus</strong></span> <span class='ocrx_word' id='word_1_213' title='bbox 698 2490 791 2559; x_wconf 75' lang='lat' dir='ltr'><strong>dicit3</strong></span> <span class='ocrx_word' id='word_1_214' title='bbox 811 2491 925 2552; x_wconf 82' lang='lat' dir='ltr'><strong>Adhuc</strong></span> <span class='ocrx_word' id='word_1_215' title='bbox 942 2495 1266 2574; x_wconf 86' lang='lat' dir='ltr'><strong>supereminentiorem</strong></span> <span class='ocrx_word' id='word_1_216' title='bbox 1280 2513 1342 2553; x_wconf 81' lang='lat' dir='ltr'><strong>vo-</strong></span> 
     </span>
     <span class='ocr_line' id='line_1_26' title="bbox 274 2574 1342 2658; baseline -0.003 -20"><span class='ocrx_word' id='word_1_217' title='bbox 274 2578 324 2639; x_wconf 87' lang='lat' dir='ltr'><strong>bis</strong></span> <span class='ocrx_word' id='word_1_218' title='bbox 352 2579 432 2637; x_wconf 76' lang='lat' dir='ltr'><strong>uiam</strong></span> <span class='ocrx_word' id='word_1_219' title='bbox 467 2575 656 2636; x_wconf 85' lang='lat' dir='ltr'><strong>demonstro.</strong></span> <span class='ocrx_word' id='word_1_220' title='bbox 707 2574 1037 2656; x_wconf 86' lang='lat' dir='ltr'><strong>Supereminentiorem</strong></span> <span class='ocrx_word' id='word_1_221' title='bbox 1062 2580 1156 2653; x_wconf 80' lang='lat' dir='ltr'><strong>viam,</strong></span> <span class='ocrx_word' id='word_1_222' title='bbox 1178 2597 1269 2658; x_wconf 83' lang='lat' dir='ltr'><strong>quam</strong></span> <span class='ocrx_word' id='word_1_223' title='bbox 1284 2576 1342 2636; x_wconf 88' lang='lat' dir='ltr'><strong>de-</strong></span> 
     </span>
     <span class='ocr_line' id='line_1_27' title="bbox 273 2657 1343 2743; baseline -0.003 -20"><span class='ocrx_word' id='word_1_224' title='bbox 273 2658 449 2723; x_wconf 78' lang='lat' dir='ltr'><strong>monstrat?</strong></span> <span class='ocrx_word' id='word_1_225' title='bbox 490 2659 525 2719; x_wconf 82' lang='lat' dir='ltr'><strong>St</strong></span> <span class='ocrx_word' id='word_1_226' title='bbox 546 2659 657 2742; x_wconf 79' lang='lat' dir='ltr'><strong>linguis</strong></span> <span class='ocrx_word' id='word_1_227' title='bbox 692 2657 850 2719; x_wconf 92' lang='lat' dir='ltr'><strong>bominum</strong></span> <span class='ocrx_word' id='word_1_228' title='bbox 871 2660 985 2742; x_wconf 81' lang='lat' dir='ltr'><strong>loquar</strong></span> <span class='ocrx_word' id='word_1_229' title='bbox 1011 2673 1041 2720; x_wconf 91' lang='lat' dir='ltr'><strong>et</strong></span> <span class='ocrx_word' id='word_1_230' title='bbox 1058 2661 1257 2743; x_wconf 81' lang='lat' dir='ltr'><strong>angelornm,</strong></span> <span class='ocrx_word' id='word_1_231' title='bbox 1286 2681 1343 2720; x_wconf 84' lang='lat' dir='ltr'><strong>ec-</strong></span> 
     </span>
     <span class='ocr_line' id='line_1_28' title="bbox 272 2742 1339 2821; baseline -0.005 -12"><span class='ocrx_word' id='word_1_232' title='bbox 272 2751 395 2809; x_wconf 84' lang='lat' dir='ltr'><strong>ritatem</strong></span> <span class='ocrx_word' id='word_1_233' title='bbox 414 2756 513 2804; x_wconf 85' lang='lat' dir='ltr'><strong>sutem</strong></span> <span class='ocrx_word' id='word_1_234' title='bbox 528 2765 592 2803; x_wconf 92' lang='lat' dir='ltr'><strong>non</strong></span> <span class='ocrx_word' id='word_1_235' title='bbox 615 2742 760 2821; x_wconf 76' lang='lat' dir='ltr'><strong>habeam,</strong></span> <span class='ocrx_word' id='word_1_236' title='bbox 784 2743 882 2804; x_wconf 81' lang='lat' dir='ltr'><strong>factus</strong></span> <span class='ocrx_word' id='word_1_237' title='bbox 904 2765 971 2804; x_wconf 83' lang='lat' dir='ltr'><strong>sum</strong></span> <span class='ocrx_word' id='word_1_238' title='bbox 992 2758 1196 2806; x_wconf 79' lang='lat' dir='ltr'><strong>aeramentum</strong></span> <span class='ocrx_word' id='word_1_239' title='bbox 1214 2764 1339 2816; x_wconf 78' lang='lat' dir='ltr'><strong>sonans,</strong></span> 
     </span>
     <span class='ocr_line' id='line_1_29' title="bbox 260 2827 1340 2911; baseline -0.006 -17"><span class='ocrx_word' id='word_1_240' title='bbox 260 2844 326 2895; x_wconf 70' lang='lat' dir='ltr'><strong>,snt</strong></span> <span class='ocrx_word' id='word_1_241' title='bbox 347 2827 519 2906; x_wconf 77' lang='lat' dir='ltr'><strong>cymbalum</strong></span> <span class='ocrx_word' id='word_1_242' title='bbox 539 2829 681 2887; x_wconf 87' lang='lat' dir='ltr'><strong>tinniens.</strong></span> <span class='ocrx_word' id='word_1_243' title='bbox 726 2829 797 2911; x_wconf 79' lang='lat' dir='ltr'><strong>Ipsa</strong></span> <span class='ocrx_word' id='word_1_244' title='bbox 822 2841 867 2888; x_wconf 89' lang='lat' dir='ltr'><strong>est</strong></span> <span class='ocrx_word' id='word_1_245' title='bbox 883 2831 1110 2911; x_wconf 86' lang='lat' dir='ltr'><strong>supereminens</strong></span> <span class='ocrx_word' id='word_1_246' title='bbox 1130 2832 1177 2889; x_wconf 82' lang='lat' dir='ltr'><strong>vio</strong></span> <span class='ocrx_word' id='word_1_247' title='bbox 1189 2874 1198 2905; x_wconf 90' lang='lat'>,</span> <span class='ocrx_word' id='word_1_248' title='bbox 1228 2829 1260 2888; x_wconf 91' lang='lat' dir='ltr'><strong>id</strong></span> <span class='ocrx_word' id='word_1_249' title='bbox 1282 2840 1340 2906; x_wconf 85' lang='lat' dir='ltr'><strong>est,</strong></span> 
     </span>
     <span class='ocr_line' id='line_1_30' title="bbox 271 2910 1342 2994; baseline -0.006 -17"><span class='ocrx_word' id='word_1_250' title='bbox 271 2918 404 2988; x_wconf 77' lang='lat' dir='ltr'><strong>ceritas,</strong></span> <span class='ocrx_word' id='word_1_251' title='bbox 428 2932 506 2993; x_wconf 85' lang='lat' dir='ltr'><strong>qnae</strong></span> <span class='ocrx_word' id='word_1_252' title='bbox 529 2914 640 2971; x_wconf 89' lang='lat' dir='ltr'><strong>merito</strong></span> <span class='ocrx_word' id='word_1_253' title='bbox 668 2911 738 2971; x_wconf 84' lang='lat' dir='ltr'><strong>oleo</strong></span> <span class='ocrx_word' id='word_1_254' title='bbox 761 2910 961 2994; x_wconf 80' lang='lat' dir='ltr'><strong>significatur.</strong></span> <span class='ocrx_word' id='word_1_255' title='bbox 1006 2913 1155 2976; x_wconf 84' lang='lat' dir='ltr'><strong>Omnibus</strong></span> <span class='ocrx_word' id='word_1_256' title='bbox 1177 2915 1257 2973; x_wconf 89' lang='lat' dir='ltr'><strong>enim</strong></span> <span class='ocrx_word' id='word_1_257' title='bbox 1278 2911 1342 2972; x_wconf 90' lang='lat' dir='ltr'><strong>bn-</strong></span> 
     </span>
     <span class='ocr_line' id='line_1_31' title="bbox 271 2995 1343 3079; baseline -0.005 -18"><span class='ocrx_word' id='word_1_258' title='bbox 271 2997 412 3061; x_wconf 80' lang='lat' dir='ltr'><strong>moribus</strong></span> <span class='ocrx_word' id='word_1_259' title='bbox 438 2995 541 3057; x_wconf 86' lang='lat' dir='ltr'><strong>oleum</strong></span> <span class='ocrx_word' id='word_1_260' title='bbox 561 2999 775 3078; x_wconf 84' lang='lat' dir='ltr'><strong>supereminet.</strong></span> <span class='ocrx_word' id='word_1_261' title='bbox 818 2997 908 3056; x_wconf 90' lang='lat' dir='ltr'><strong>Mitte</strong></span> <span class='ocrx_word' id='word_1_262' title='bbox 926 3018 1054 3078; x_wconf 81' lang='lat' dir='ltr'><strong>aquam,</strong></span> <span class='ocrx_word' id='word_1_263' title='bbox 1088 3011 1119 3058; x_wconf 87' lang='lat' dir='ltr'><strong>et</strong></span> <span class='ocrx_word' id='word_1_264' title='bbox 1139 2997 1343 3079; x_wconf 87' lang='lat' dir='ltr'><strong>superinfun-</strong></span> 
     </span>
     <span class='ocr_line' id='line_1_32' title="bbox 272 3079 1346 3164; baseline -0.006 -18"><span class='ocrx_word' id='word_1_265' title='bbox 272 3085 312 3146; x_wconf 89' lang='lat' dir='ltr'><strong>de</strong></span> <span class='ocrx_word' id='word_1_266' title='bbox 334 3082 454 3156; x_wconf 87' lang='lat' dir='ltr'><strong>oleum,</strong></span> <span class='ocrx_word' id='word_1_267' title='bbox 477 3080 580 3142; x_wconf 88' lang='lat' dir='ltr'><strong>olenm</strong></span> <span class='ocrx_word' id='word_1_268' title='bbox 601 3081 814 3161; x_wconf 86' lang='lat' dir='ltr'><strong>supereminet.</strong></span> <span class='ocrx_word' id='word_1_269' title='bbox 858 3082 948 3140; x_wconf 91' lang='lat' dir='ltr'><strong>Mitte</strong></span> <span class='ocrx_word' id='word_1_270' title='bbox 973 3079 1090 3154; x_wconf 80' lang='lat' dir='ltr'><strong>oleum,</strong></span> <span class='ocrx_word' id='word_1_271' title='bbox 1114 3081 1346 3164; x_wconf 78' lang='lat' dir='ltr'><strong>superinfunde</strong></span> 
     </span>
     <span class='ocr_line' id='line_1_33' title="bbox 269 3162 1344 3248; baseline 0 -23"><span class='ocrx_word' id='word_1_272' title='bbox 269 3187 381 3248; x_wconf 75' lang='lat' dir='ltr'><strong>aquam</strong></span> <span class='ocrx_word' id='word_1_273' title='bbox 393 3209 403 3241; x_wconf 89' lang='lat'><strong><em>,</em></strong></span> <span class='ocrx_word' id='word_1_274' title='bbox 441 3163 543 3224; x_wconf 89' lang='lat' dir='ltr'><strong>oleum</strong></span> <span class='ocrx_word' id='word_1_275' title='bbox 569 3165 785 3245; x_wconf 79' lang='lat' dir='ltr'><strong>supereminet.</strong></span> <span class='ocrx_word' id='word_1_276' title='bbox 837 3162 869 3223; x_wconf 82' lang='lat' dir='ltr'><strong>si</strong></span> <span class='ocrx_word' id='word_1_277' title='bbox 892 3165 1033 3226; x_wconf 89' lang='lat' dir='ltr'><strong>ordinem</strong></span> <span class='ocrx_word' id='word_1_278' title='bbox 1064 3167 1248 3242; x_wconf 78' lang='lat' dir='ltr'><strong>servaveris,</strong></span> <span class='ocrx_word' id='word_1_279' title='bbox 1268 3167 1344 3225; x_wconf 71' lang='lat' dir='ltr'><strong>tin·</strong></span> 
     </span>
     <span class='ocr_line' id='line_1_34' title="bbox 269 3248 1342 3330; baseline -0.003 -18"><span class='ocrx_word' id='word_1_280' title='bbox 269 3255 330 3312; x_wconf 73' lang='lat' dir='ltr'><strong>citt</strong></span> <span class='ocrx_word' id='word_1_281' title='bbox 365 3251 390 3310; x_wconf 90' lang='lat' dir='ltr'><strong>si</strong></span> <span class='ocrx_word' id='word_1_282' title='bbox 414 3248 554 3309; x_wconf 90' lang='lat' dir='ltr'><strong>ordinem</strong></span> <span class='ocrx_word' id='word_1_283' title='bbox 577 3250 764 3325; x_wconf 83' lang='lat' dir='ltr'><strong>mutaveris,</strong></span> <span class='ocrx_word' id='word_1_284' title='bbox 797 3249 911 3308; x_wconf 80' lang='lat' dir='ltr'><strong>vincit:</strong></span> <span class='ocrx_word' id='word_1_285' title='bbox 933 3250 1050 3313; x_wconf 79' lang='lat' dir='ltr'><strong>Caritas</strong></span> <span class='ocrx_word' id='word_1_286' title='bbox 1069 3256 1225 3330; x_wconf 84' lang='lat' dir='ltr'><strong>nunqnam</strong></span> <span class='ocrx_word' id='word_1_287' title='bbox 1245 3249 1342 3309; x_wconf 80' lang='lat' dir='ltr'><strong>cadit.</strong></span> 
     </span>
     <span class='ocr_line' id='line_1_35' title="bbox 269 3331 1346 3415; baseline -0.004 -19"><span class='ocrx_word' id='word_1_288' title='bbox 269 3335 351 3397; x_wconf 89' lang='lat' dir='ltr'><strong>Ibid.</strong></span> <span class='ocrx_word' id='word_1_289' title='bbox 384 3334 574 3414; x_wconf 79' lang='lat' dir='ltr'><strong>Sapientiam</strong></span> <span class='ocrx_word' id='word_1_290' title='bbox 601 3331 755 3415; x_wconf 68' lang='lat' dir='ltr'><strong>iampudes</strong></span> <span class='ocrx_word' id='word_1_291' title='bbox 788 3333 939 3393; x_wconf 77' lang='lat' dir='ltr'><strong>ardebant</strong></span> <span class='ocrx_word' id='word_1_292' title='bbox 971 3333 1010 3393; x_wconf 91' lang='lat' dir='ltr'><strong>de</strong></span> <span class='ocrx_word' id='word_1_293' title='bbox 1036 3334 1106 3393; x_wconf 88' lang='lat' dir='ltr'><strong>olco</strong></span> <span class='ocrx_word' id='word_1_294' title='bbox 1130 3345 1279 3409; x_wconf 78' lang='lat' dir='ltr'><strong>aeterno,</strong></span> <span class='ocrx_word' id='word_1_295' title='bbox 1303 3332 1346 3392; x_wconf 84' lang='lat' dir='ltr'><strong>de</strong></span> 
     </span>
     <span class='ocr_line' id='line_1_36' title="bbox 271 3414 1347 3504; baseline 0.001 -25"><span class='ocrx_word' id='word_1_296' title='bbox 271 3419 475 3481; x_wconf 86' lang='lat' dir='ltr'><strong>eonscientiae</strong></span> <span class='ocrx_word' id='word_1_297' title='bbox 516 3416 704 3496; x_wconf 79' lang='lat' dir='ltr'><strong>securitate„</strong></span> <span class='ocrx_word' id='word_1_298' title='bbox 744 3414 784 3480; x_wconf 88' lang='lat' dir='ltr'><strong>de</strong></span> <span class='ocrx_word' id='word_1_299' title='bbox 813 3419 968 3482; x_wconf 88' lang='lat' dir='ltr'><strong>interiore</strong></span> <span class='ocrx_word' id='word_1_300' title='bbox 1000 3417 1124 3504; x_wconf 73' lang='lat' dir='ltr'><strong>gioria,</strong></span> <span class='ocrx_word' id='word_1_301' title='bbox 1164 3417 1204 3480; x_wconf 91' lang='lat' dir='ltr'><strong>de</strong></span> <span class='ocrx_word' id='word_1_302' title='bbox 1236 3418 1347 3480; x_wconf 72' lang='lat' dir='ltr'><strong>intime</strong></span> 
     </span>
     <span class='ocr_line' id='line_1_37' title="bbox 272 3506 408 3568; baseline -0.007 0"><span class='ocrx_word' id='word_1_303' title='bbox 272 3506 408 3568; x_wconf 79' lang='lat' dir='ltr'><strong>caritate</strong></span> 
     </span>
    </p>
   </div>
   <div class='ocr_carea' id='block_1_5' title="bbox 98 2703 260 2759">
    <p class='ocr_par' dir='ltr' id='par_1_5' title="bbox 98 2703 260 2759">
     <span class='ocr_line' id='line_1_38' title="bbox 98 2703 260 2759; baseline 0.006 -6"><span class='ocrx_word' id='word_1_304' title='bbox 98 2714 108 2753; x_wconf 80' lang='lat' dir='ltr'><strong>s</strong></span> <span class='ocrx_word' id='word_1_305' title='bbox 118 2703 179 2758; x_wconf 69' lang='lat' dir='ltr'><strong>tons.</strong></span> <span class='ocrx_word' id='word_1_306' title='bbox 189 2715 260 2759; x_wconf 76' lang='lat' dir='ltr'><strong>sun.</strong></span> 
     </span>
    </p>
   </div>
   <div class='ocr_carea' id='block_1_6' title="bbox 774 3717 822 3794">
    <p class='ocr_par' dir='ltr' id='par_1_6' title="bbox 774 3717 822 3794">
     <span class='ocr_line' id='line_1_39' title="bbox 774 3717 822 3794; baseline -0.063 0"><span class='ocrx_word' id='word_1_307' title='bbox 774 3717 822 3794; x_wconf 90' lang='lat'><strong>11.</strong></span> 
     </span>
    </p>
   </div>
   <div class='ocr_carea' id='block_1_7' title="bbox 535 3893 1092 4003">
    <p class='ocr_par' dir='ltr' id='par_1_7' title="bbox 535 3893 1092 4003">
     <span class='ocr_line' id='line_1_40' title="bbox 535 3893 1092 4003; baseline 0.009 -27"><span class='ocrx_word' id='word_1_308' title='bbox 535 3893 647 4003; x_wconf 86' lang='lat' dir='ltr'><strong>Quid</strong></span> <span class='ocrx_word' id='word_1_309' title='bbox 678 3925 776 3981; x_wconf 85' lang='lat' dir='ltr'><strong>vero</strong></span> <span class='ocrx_word' id='word_1_310' title='bbox 815 3916 876 3980; x_wconf 86' lang='lat' dir='ltr'><strong>est</strong></span> <span class='ocrx_word' id='word_1_311' title='bbox 911 3899 1092 3981; x_wconf 78' lang='lat' dir='ltr'><strong>coritas?</strong></span> 
     </span>
    </p>
   </div>
   <div class='ocr_carea' id='block_1_8' title="bbox 92 4096 1345 4337">
    <p class='ocr_par' dir='ltr' id='par_1_8' title="bbox 92 4096 1345 4337">
     <span class='ocr_line' id='line_1_41' title="bbox 99 4096 1345 4215; baseline -0.004 -36"><span class='ocrx_word' id='word_1_312' title='bbox 99 4196 113 4215; x_wconf 67' lang='lat'><strong>‚‚</strong></span> <span class='ocrx_word' id='word_1_313' title='bbox 149 4171 155 4183; x_wconf 88' lang='lat'><strong>.</strong></span> <span class='ocrx_word' id='word_1_314' title='bbox 211 4173 255 4194; x_wconf 82' lang='grc'><strong>,,</strong></span> <span class='ocrx_word' id='word_1_315' title='bbox 367 4096 412 4167; x_wconf 76' lang='grc' dir='ltr'><strong>Α·</strong></span> <span class='ocrx_word' id='word_1_316' title='bbox 463 4100 591 4177; x_wconf 85' lang='lat' dir='ltr'><strong>Virtus</strong></span> <span class='ocrx_word' id='word_1_317' title='bbox 610 4105 734 4180; x_wconf 83' lang='lat' dir='ltr'><strong>infuse</strong></span> <span class='ocrx_word' id='word_1_318' title='bbox 760 4106 937 4183; x_wconf 86' lang='lat' dir='ltr'><strong>divinitus</strong></span> <span class='ocrx_word' id='word_1_319' title='bbox 946 4162 958 4200; x_wconf 92' lang='lat'><strong><em>,</em></strong></span> <span class='ocrx_word' id='word_1_320' title='bbox 986 4133 1060 4208; x_wconf 82' lang='lat' dir='ltr'><strong>qna</strong></span> <span class='ocrx_word' id='word_1_321' title='bbox 1087 4106 1233 4179; x_wconf 84' lang='lat' dir='ltr'><strong>sincere</strong></span> <span class='ocrx_word' id='word_1_322' title='bbox 1256 4100 1345 4188; x_wconf 76' lang='lat' dir='ltr'><strong>dili.</strong></span> 
     </span>
     <span class='ocr_line' id='line_1_42' title="bbox 92 4195 1342 4337; baseline 0.01 -48"><span class='ocrx_word' id='word_1_323' title='bbox 92 4195 255 4292; x_wconf 60' lang='grc' dir='ltr'><strong>ἷῖῐιῗόῖῗῖἱ</strong></span> <span class='ocrx_word' id='word_1_324' title='bbox 267 4213 365 4314; x_wconf 76' lang='lat' dir='ltr'><strong>gitur</strong></span> <span class='ocrx_word' id='word_1_325' title='bbox 388 4240 544 4323; x_wconf 80' lang='lat' dir='ltr'><strong>propter</strong></span> <span class='ocrx_word' id='word_1_326' title='bbox 561 4253 602 4303; x_wconf 85' lang='lat' dir='ltr'><strong>ee</strong></span> <span class='ocrx_word' id='word_1_327' title='bbox 625 4231 742 4325; x_wconf 86' lang='lat' dir='ltr'><strong>Deus,</strong></span> <span class='ocrx_word' id='word_1_328' title='bbox 768 4251 807 4308; x_wconf 85' lang='lat' dir='ltr'><strong>et</strong></span> <span class='ocrx_word' id='word_1_329' title='bbox 824 4254 981 4337; x_wconf 88' lang='lat' dir='ltr'><strong>propter</strong></span> <span class='ocrx_word' id='word_1_330' title='bbox 996 4235 1116 4305; x_wconf 90' lang='lat' dir='ltr'><strong>Deum</strong></span> <span class='ocrx_word' id='word_1_331' title='bbox 1134 4226 1342 4330; x_wconf 81' lang='lat' dir='ltr'><strong>proximus.</strong></span> 
     </span>
    </p>
   </div>
   <div class='ocr_carea' id='block_1_9' title="bbox 0 0 1395 4762">
    <p class='ocr_par' dir='ltr' id='par_1_9' title="bbox 0 0 1395 4762">
     <span class='ocr_line' id='line_1_43' title="bbox 0 0 1395 4762; baseline 0 0"><span class='ocrx_word' id='word_1_332' title='bbox 0 0 1395 4762; x_wconf 95' lang='lat' dir='ltr'><strong> </strong></span> 
     </span>
    </p>
   </div>
  </div>
 </body>
</html>
