2768 4762
409 413 747 480 sunnone
1076 418 1127 494 ῃ

58 616 145 666 sunt:
167 602 326 680 Quoniam
345 605 412 686 ipse
434 600 588 663 Dominus
605 603 638 662 in
656 604 746 685 jussu
764 609 797 660 ct
818 598 852 661 in
882 618 959 662 voce
986 590 1133 665 Archan-

57 711 115 797 geli
138 723 170 773 et
188 707 315 773 intuba
348 709 408 770 Dei
437 706 602 771 descendet
619 708 662 771 de
678 706 786 771 coelos
819 717 852 769 et
865 710 1000 788 mortui,
1022 712 1076 794 qui
1098 712 1132 774 iu

57 817 232 882 CHRISTO
270 830 360 895 sunt,
394 829 557 901 resurgent
575 819 680 902 primi.
729 813 851 877 Deinde
875 836 953 895 nos,
976 818 1031 900 qui
1053 820 1133 880 riri-

55 948 140 1005 mus,
162 928 217 1010 qui
246 920 478 1006 relinquimur,
509 919 602 985 simul
624 924 783 1008 rapiemur
799 942 880 987 cum
905 925 967 986 illis
983 927 1015 987 iu
1034 926 1132 990 nubi-

56 1034 116 1095 bus
141 1032 265 1095 obviam
287 1027 465 1093 CllRlSTO
491 1031 524 1091 in
549 1035 699 1109 aira„et
713 1032 760 1091 sic
779 1050 900 1115 semper
921 1052 993 1094 essm
1019 1033 1132 1097 Domi-

56 1162 99 1204 no
117 1143 241 1203 erimus.
284 1136 394 1223 itaque
417 1135 620 1201 consolamini
645 1140 778 1201 invicem
800 1138 834 1200 iu
854 1138 957 1200 verbis
985 1142 1060 1202 istis.

141 1267 245 1334 Ibid.
266 1266 325 1332 Vm
343 1266 418 1331 Dies
439 1267 567 1330 Domini
588 1270 671 1330 sieut
688 1268 742 1329 fur
764 1269 797 1326 iu
816 1277 928 1344 nocte,
960 1271 1004 1328 ita
1016 1260 1134 1333 ¹reniet

57 1376 138 1440 con
169 1380 251 1440 enim
281 1377 433 1455 dixerint,
460 1397 520 1459 pax
547 1387 580 1437 et
598 1376 762 1451 securitas,
793 1384 871 1433 tunc
889 1376 1068 1456 repentinus
1093 1378 1136 1437 cia

57 1486 255 1569 superveniet
278 1485 439 1559 interitus,
462 1484 544 1543 sicut
564 1480 659 1543 dolor
673 1483 706 1541 in
727 1491 818 1542 utero
845 1476 994 1558 habenti,
1016 1493 1046 1542 ct
1071 1502 1136 1543 nou

57 1591 218 1675 effugient.
259 1586 449 1663 vosautem
467 1590 601 1664 fratres,
624 1607 689 1648 uon
711 1587 784 1647 estis
809 1587 841 1648 in
863 1584 1011 1666 tenebris,
1032 1586 1136 1651 ut'vut

60 1697 127 1759 dics
149 1696 204 1755 illa
220 1705 368 1775 tanquam
386 1696 438 1756 for
457 1694 710 1779 comprehendat:

147 1802 174 1862 1.
199 1800 385 1862 Corinth.
417 1801 507 1865 Νη
526 1802 608 1863 Ecce
628 1802 808 1879 mysterium
829 1799 919 1865 vobis
942 1798 1025 1864 dico.
1059 1800 1139 1865 Om-

58 1930 115 1971 nes
141 1908 265 1992 quidem
289 1926 504 1994 resurgemus,
527 1907 581 1971 sed
596 1914 790 1974 non‘orlsnes
815 1886 1055 1972 immutabimur.
1098 1904 1141 1973 ln'

57 2028 239 2093 momento,
272 2017 304 2076 in
333 2018 397 2078 letu
430 2016 540 2094 oculi,
570 2018 603 2078 in
634 2018 802 2081 norissima
827 2014 904 2079 tuba
924 2012 1033 2100 (cunct
1054 2020 1137 2080 enim

58 2122 151 2207 tuba)
169 2135 201 2186 et
217 2124 335 2184 mortui
356 2135 519 2208 resurgent
536 2126 738 2210 incorrupti,
762 2136 795 2187 et
810 2145 869 2191 uos
890 2108 1134 2188 immutabimur.

140 2232 165 2293 1.
184 2229 325 2291 These
355 2230 414 2292 11.=
448 2231 522 2293 lion
544 2234 608 2295 cito
630 2233 814 2295 moveamini
846 2248 995 2297 avestro
1023 2254 1116 2297 sensu
1128 2277 1137 2311 ,

56 2360 158 2422 neque
179 2338 381 2414 terreamini,
403 2359 505 2419 neque
526 2359 586 2423 per
609 2342 779 2423 spiritum,
806 2330 920 2423 neqne'
932 2362 991 2427 per
1016 2362 1136 2405 sermo·

54 2469 145 2521 nero,
166 2462 269 2523 neque
289 2462 348 2523 pcr
369 2443 533 2522 epistolam
554 2456 702 2525 tanquam
721 2466 779 2527 per
813 2464 872 2506 nos
891 2453 1033 2526 mis'sam,
1056 2470 1136 2532 qua-

54 2558 84 2618 si
112 2556 208 2612 instct
230 2547 296 2608 dies
332 2547 470 2607 Domini.
524 2545 573 2607 lle
610 2550 760 2630 quis²vos
787 2549 1004 2612 seducatullo·
1023 2553 1135 2632 modo,

59 2661 212 2746 quoniam
233 2656 293 2716 nisi
317 2656 436 2717 venerit
463 2653 611 2716 discessio
629 2656 765 2739 primum
776 2701 786 2733 ,
808 2667 841 2717 et
860 2646 1022 2741 rerelal'u's'
1040 2658 1138 2722 luerit

59 2771 157 2832 lsomo
174 2765 314 2850 pcccati,
338 2761 421 2823 filius
442 2762 647 2846 perditionis,
671 2766 726 2849 qui
747 2763 992 2845 adversetur,'ct
1013 2766 1138 2829 extolli-

59 2891 115 2940 tur
128 2894 225 2957 supra
248 2891 359 2948 omne,
378 2870 467 2946 quod
481 2870 600 2935 dicitur
616 2872 721 2950 Deus,
740 2886 795 2934 aut
816 2871 903 2956 quud
932 2873 1073 2953 colitur,
1094 2875 1139 2937 ita

62 2998 99 3046 ut
124 2986 156 3043 in
181 2977 300 3063 templo
326 2977 387 3037 Dei
416 2976 539 3050 sedeat,
568 2978 735 3042 ostendeus
759 3001 792 3041 se
814 2993 961 3064 tanquam
979 2982 1021 3043 sit
1038 2981 1165 3051 nem·

62 3092 106 3152 Et
122 3103 195 3150 tunc
224 3082 416 3148 revelabitur
437 3083 491 3145 ille
513 3087 657 3170 iniquus,
687 3108 781 3170 quem
803 3087 960 3150 Dominus
979 3087 1066 3151 iesus
1085 3088 1139 3149 -in-

62 3193 198 3259 terfieiet
216 3195 333 3280 spiritu
352 3193 417 3255 oris
436 3192 503 3272 sni,
528 3205 561 3255 et
588 3193 730 3257 destruet
754 3194 969 3259 illustratione
987 3192 1138 3256 adrentus

62 3306 114 3367 sui
134 3323 219 3380 eum,
249 3304 340 3386 cujus
365 3312 411 3363 est
435 3301 587 3364 adrentus
619 3303 789 3365 secundum
812 3305 1027 3390 operationem
1048 3300 1140 3365 Sata-

59 3434 121 3477 nac
143 3413 176 3473 in
195 3413 279 3475 omni
300 3412 442 3489 vinum,
464 3423 496 3472 et
518 3411 615 3496 signis
641 3423 673 3472 ct
690 3412 844 3496 prodigiis
865 3410 1088 3490 mendaeibus,
1107 3422 1140 3475 et

60 3526 93 3585 in
119 3521 207 3584 omni
230 3518 414 3582 seductione
438 3519 611 3601 iniqnitatis
642 3520 697 3598 iis,
729 3522 785 3603 qui
810 3530 963 3606 pereunt,
991 3540 1030 3582 eo
1049 3517 1139 3603 quud

62 3631 223 3690 caritatem
252 3626 391 3687 veritatis
416 3646 481 3687 nou
507 3639 712 3712 recqiorunt,
745 3640 781 3689 ut
800 3628 876 3689 salvi
897 3626 1018 3690 lieront.
1050 3627 1138 3688 ideo

62 3739 164 3797 mittet
184 3733 248 3797 illis
264 3734 351 3795 Deus
374 3736 590 3818 operationem
610 3737 748 3813 erroris,
772 3748 809 3797 ut
824 3736 953 3798 credaut
964 3736 1139 3813 mendacio,

65 3854 101 3903 ut
132 3840 318 3925 judicentur
345 3862 475 3919 omues,
510 3844 566 3926 qui
600 3863 666 3905 non
692 3842 895 3907 erediderunt
920 3846 1060 3922 veritati,
1083 3841 1137 3905 scd

66 3961 288 4013 consenserunt
311 3950 478 4031 iniquitati.

147 4056 405 4120 trees-,1112
429 4058 499 4119 Hoc
520 4060 655 4143 primum
674 4062 804 4123 scientes
815 4104 825 4141 ,
846 4060 935 4146 quod
957 4062 1080 4123 venient
1103 4062 1136 4120 iu
1158 4108 1163 4123 .

59 4166 234 4229 novissimis
260 4164 372 4228 diebus
397 4167 429 4225 in
457 4165 641 4252 deceptione
675 4167 837 4248 illusores,
873 4170 961 4252 juxta
988 4168 1135 4253 proprias

59 4275 330 4360 concupiscentias
355 4271 585 4356 ambulantes,
610 4276 763 4341 diceutes:
808 4276 870 4339 Ubi
900 4288 947 4340 est
967 4274 1135 4362 promissio
