2768 4762
271 922 393 1036 DE
442 921 728 1036 HUIUS
784 923 1100 1039 OPERIS

123 1120 353 1202 RATIONE
380 1121 446 1200 AC
475 1120 1071 1258 UT1L1TATEPRaEFau10
1101 1122 1259 1206 PETRI

420 1257 946 1407 Busan-NOVIOMAGI.
1018 1262 1020 1268 '
1309 1263 1311 1267 ’

65 1928 278 2060 AMICUS
312 1980 464 2084 quidam
491 2000 621 2056 noster
650 1985 850 2086 prudentia
885 2013 929 2061 aa
965 1984 1145 2091 dignitate

64 2126 280 2211 praestans,
309 2133 392 2180 cnm
415 2107 515 2180 hunc
545 2110 819 2182 Catachismnm
841 2112 1019 2184 Doctoais
1045 2113 1147 2186 Petri

67 2233 207 2308 Caninii
227 2233 292 2306 diu
315 2256 359 2307 aa
378 2234 533 2305 multum
560 2233 781 2319 evolvisset,
807 2235 985 2333 majoram
1010 2235 1049 2307 in
1065 2264 1146 2310 mo·
1173 2312 1178 2323 ,

65 2355 154 2427 (lum
166 2356 326 2454 optavit,
351 2373 403 2446 ut,
430 2381 526 2455 quaa
545 2357 659 2428 variis
678 2382 722 2428 ax
734 2357 907 2430 Patribus
924 2357 964 2428 in
983 2358 1050 2431 ilto
1068 2360 1147 2432 col·

64 2478 167 2551 lacta
202 2479 437 2576 breviterque
477 2479 616 2552 tradita
650 2481 906 2569 continentur,
955 2479 1148 2577 aliquanto
1181 2459 1185 2467 '

64 2602 197 2693 fusius,
225 2601 446 2700 praesertim
466 2601 504 2671 in
524 2602 719 2674 radiorum
735 2604 901 2702 gratiam,
920 2601 1151 2700 explicaren-

66 2743 138 2797 tur.
188 2726 270 2797 Nec
299 2724 399 2798 enim
431 2723 521 2797 satis
548 2724 631 2797 fore
661 2725 823 2824 putavit,
858 2752 902 2798 ax
928 2724 1013 2797 aliis
1044 2722 1150 2799 Cata·

67 2847 239 2936 chismia,
266 2849 428 2947 quinon
457 2848 568 2949 pauci
591 2866 629 2921 at
651 2864 839 2946 utcunque
863 2847 1046 2921 elaborati
1078 2849 1151 2924 cir·

68 2971 347 3051 cumseruntur,
383 2972 458 3045 huc
496 2954 619 3046 lucam
656 2970 835 3066 majorem
877 2970 1047 3056 adferre,
1083 2969 1152 3044 aed
1185 3048 1188 3053 ,

16 3136 19 3140 1
66 3096 140 3168 hoc
157 3096 362 3195 postulavit
376 3095 557 3182 maxime,
582 3114 625 3169 ut
646 3096 693 3169 ad
713 3093 868 3169 verbum
886 3092 985 3167 libro
1008 3093 1151 3168 adscri-
1209 3134 1210 3137 ¹

69 3219 273 3305 herentur,
305 3242 402 3318 quaa
424 3218 560 3318 partim
578 3245 623 3291 ax
644 3219 761 3323 sacris
786 3218 925 3300 literis,
951 3219 1087 3318 partim
1107 3245 1152 3295 ax

68 3348 216 3417 Patrum
243 3343 494 3416 monumentis
524 3341 666 3443 petita,
693 3336 794 3416 airon
822 3341 1026 3441 marginem
1057 3343 1151 3417 dun·

69 3485 186 3553 taxat,
210 3485 252 3540 ut
276 3467 337 3554 fit,
363 3454 554 3542 succincte
589 3466 860 3541 indicabantur.
930 3469 1062 3567 Neque
1085 3470 1150 3545 illa

69 3619 159 3666 vero
180 3608 319 3664 temera
344 3591 544 3690 cogitavit,
582 3591 653 3664 hac
676 3592 826 3691 quidem
847 3593 1009 3678 ratione,
1037 3612 1074 3666 at
1095 3613 1150 3668 te·

66 3718 352 3803 atimoniorum,
401 3741 497 3814 quaa
535 3715 717 3809 diximus,
757 3716 901 3791 adiecta
929 3717 1032 3809 luca,
1069 3717 1151 3792 fieri

64 3865 203 3941 posse,
239 3859 289 3928 ut,
311 3840 413 3938 quod
441 3865 536 3940 opus
562 3841 760 3914 multorum
781 3870 881 3917 nunc
904 3842 1074 3917 manibus
1094 3863 1151 3918 ta·

65 3966 183 4055 nitur,
210 3965 388 4063 majoram
413 3989 565 4062 quoque
592 3963 773 4058 fructum,
801 3985 839 4041 et
862 3968 1054 4068 plerisque
1080 3968 1152 4040 sin·
1248 4045 1251 4052 „

31 4158 38 4172 ,
73 4088 235 4181 gularem
261 4086 560 4162 commoditatem
588 4090 812 4190 exhiberet..
856 4091 1019 4163 Primum
1051 4091 1151 4165 enim

65 4203 120 4282 ita
133 4211 356 4295 ¹consulitur
386 4211 627 4299 Catachiatia,
666 4214 732 4312 qui
762 4214 839 4290 siva
878 4213 1153 4289 catechismum

1230 3034 1238 3068 i

420 4414 453 4479 *a
