2768 4762
262 388 341 461 ³44
373 336 377 354 ι
564 383 636 450 DE
670 378 939 497 cautritur
968 378 1037 443 ET

269 579 467 629 surrecturos
496 569 529 630 iu
561 569 729 633 novissimo
767 568 817 630 die
841 587 1009 652 speramus.
1062 566 1203 649 Apparet
1235 572 1352 636 autem,

189 710 192 715 ,
271 653 357 714 bunc
387 654 478 712 etiam
499 655 531 712 iu
552 655 716 736 scripturis
735 654 848 741 sanctis
871 673 935 714 esse
956 650 1129 718 solemnem.
1172 651 1246 731 lpse
1269 668 1352 729 enim

95 766 214 815 «ΜΗ
274 749 321 798 est
351 738 470 818 primus
502 738 567 797 dies
597 739 733 816 saeculi,
770 740 801 798 iu'
834 738 1064 821 ipsoformata
1094 745 1165 794 sunt
1199 731 1351 793 elementa

274 821 406 897 mundi,
431 823 464 880 in
490 823 559 905 ipso
585 825 678 883 creati
701 836 775 883 sunt
796 822 913 905 angeli»,
937 824 967 881 in
992 822 1060 904 ipso
1078 838 1205 901 quoque
1225 838 1242 876 a
1266 837 1351 876 mor·

99 933 217 984 mm,
276 908 338 967 tuis
366 908 534 966 resurrexit
555 905 770 983 CHRISTUS,
805 909 836 966 in
853 909 923 989 ipso
939 906 978 966 de
995 906 1085 966 caelis
1103 905 1240 986 Spiritus
1264 923 1350 960 sanc·

99 987 171 1030 ⁸¹⁰⁶·
180 992 266 1034 ΝΜ·
276 1003 327 1052 tus
345 1010 441 1072 super
460 988 632 1073 Apostolos
650 991 829 1063 descendit,
852 1011 961 1050 manna
985 993 1017 1048 iu
1041 989 1158 1063 eodem,
1187 1008 1218 1046 in
1245 1006 1349 1046 eremo

224 1150 226 1155 Ι
301 1077 411 1149 simum
434 1072 473 1133 de
509 1074 595 1136 caclo
619 1074 725 1135 datum
749 1087 802 1136 est
856 1077 911 1137 His
934 1077 1013 1133 enim
1035 1072 1196 1155 speciebus
1226 1070 1349 1131 actali-

101 1096 336 1220 saiuaunn-bus
369 1157 491 1218 indiciis
520 1159 675 1220 dominica
708 1160 772 1222 dies
799 1172 895 1220 exstat
911 1161 1045 1242 insignis.
1091 1156 1226 1215 alciden
1256 1157 1350 1214 saneti

16 1232 18 1237 ⁴
100 1229 177 1269 bracio
186 1229 253 1269 ebro·

99 1284 161 1332 3²⁸*
278 1243 424 1304 doctores
447 1242 604 1303 Ecclesiae
630 1244 835 1304 decreverunt
853 1265 972 1316 omnem
994 1242 1122 1326 gloriam
1134 1240 1259 1321 judaici
1275 1237 1349 1297 Sab-

277 1327 400 1388 batismi
436 1327 468 1385 in
498 1327 579 1388 illam
601 1328 791 1405 transferre,
823 1339 878 1403 ut,
899 1327 988 1408 quod
1009 1329 1067 1408 ipsi
1091 1328 1121 1386 in
1143 1322 1274 1406 figura,
1297 1342 1350 1382 nos

277 1411 503 1474 celebraremus
533 1418 565 1470 in
593 1413 742 1472 veritate:
791 1413 865 1494 quia
893 1424 970 1471 tunc
996 1415 1056 1471 erit
1081 1411 1202 1490 requies
1244 1420 1350 1468 nostra

277 1516 373 1570 vera,
395 1496 521 1576 quando
542 1498 729 1556 resurrectio
754 1495 850 1556 fuerit
869 1507 1062 1579 perpetrata,
1089 1506 1120 1554 et
1139 1494 1350 1554 remuneratio

279 1583 311 1641 iu
337 1571 436 1640 anima
468 1593 499 1639 et
534 1601 670 1663 corpore
701 1579 793 1641 simul
825 1581 976 1663 perfecta.
1030 1578 1238 1639 observemus
1279 1597 1350 1658 ergo

100 1653 165 1731 dna
180 1665 361 1738 ιὼς-ὀίεαι
389 1663 574 1724 dominicam
604 1665 738 1740 fratres,
768 1677 799 1724 et
821 1661 1042 1724 sanctificemus
1069 1662 1173 1736 illam,
1195 1662 1281 1722 sicut
1301 1682 1354 1720 un·

51 1765 54 1773 '
98 1739 377 1831 ¹²¹¹⁴⁸'·²⁸·³²'tiquis
410 1762 609 1831 praeceptum
634 1763 678 1810 est
706 1748 745 1809 de
781 1747 936 1824 Sabbuto,
953 1749 1089 1807 'dicente
1115 1745 1353 1828 legislatore,a

278 1853 405 1916 vespera
439 1854 539 1915 usque
584 1833 623 1893 ad
657 1848 813 1916 vesperum
845 1831 1041 1894 celebrabitis
1071 1829 1210 1890 Sabbata
1246 1843 1353 1890 vestra.

278 1917 468 1994 Videamus,
507 1938 545 1976 ne
578 1920 676 1977 otium
703 1931 843 1978 nostrum
868 1939 981 1978 vanum
1003 1920 1064 1991 sit,
1095 1915 1150 1974 sed
1181 1935 1199 1975 a
1228 1935 1353 1997 vespera

279 2000 341 2061 diei
368 1998 497 2061 sabbati
518 2020 617 2082 usque
650 2004 680 2060 in
696 2022 853 2085 vesperam
877 2002 939 2062 diei
963 2001 1130 2075 dominici,
1168 2001 1353 2081 sequestrati

278 2104 297 2144 a
320 2084 419 2144 rurali
436 2105 532 2167 opere
551 2097 582 2144 et
604 2083 642 2146 ab
669 2088 753 2146 omni
778 2088 930 2168 negotio,
964 2085 1024 2148 soli
1049 2085 1157 2144 divino
1178 2084 1276 2144 cultui
1300 2105 1355 2141 ra-

238 2167 241 2173 ’
281 2188 394 2234 cemus.
437 2168 489 2228 Sic
520 2189 649 2252 quoque
671 2167 893 2230 sanctificamus
927 2172 987 2230 rite
1017 2169 1184 2229 Sabbatum
1210 2168 1351 2240 Domini,

285 2252 407 2313 dicente
436 2254 588 2315 Domino:
618 2255 717 2316 Omne
746 2260 824 2337 o'pus
852 2275 916 2315 non
939 2255 1056 2314 facietis
1085 2259 1116 2313 in
1141 2274 1189 2317 eo.
1236 2249 1349 2309 Veniat

33 2341 36 2356 ’
101 2344 201 2436 aquibus
219 2355 268 2393 stu·
288 2358 381 2421 crgo,
411 2339 587 2419 cuicunque
609 2337 759 2422 possibile
784 2341 841 2415 sit,
873 2338 912 2400 ad
940 2341 1144 2421 vespertinam
1166 2351 1253 2416 atque
1272 2355 1346 2392 noc-

104 2410 244 2488 aliialii&
279 2436 403 2482 turoam
436 2421 690 2500 celebrationem,
726 2436 757 2484 et
786 2435 856 2484 oret
890 2424 934 2484 ibi
957 2426 988 2483 iu
1017 2435 1172 2483 conventu
1196 2419 1344 2481 Ecclesiae

103 2496 235 2541 mmm·
279 2528 340 2590 pro
369 2509 503 2589 peccatis
530 2509 593 2568 suis
612 2509 712 2568 Deum
765 2509 829 2585 Qui
846 2529 920 2569 vero
941 2508 1002 2567 boc
1019 2529 1081 2568 non
1104 2508 1226 2589 possit,
1248 2504 1347 2564 saltem

279 2593 312 2650 in
344 2589 439 2652 domo
463 2613 518 2652 sua
540 2605 626 2668 oret,
662 2604 692 2652 et
708 2613 772 2652 non
792 2591 926 2676 negligat
941 2594 1010 2651 Deo
1032 2592 1153 2651 solvere
1167 2604 1296 2663 votum,
1317 2608 1350 2646 ac

279 2673 409 2735 reddere
436 2697 565 2759 pensum
599 2679 764 2737 servitutis.
820 2676 855 2736 lu
879 2678 929 2759 die
952 2698 1026 2736 vero
1051 2675 1154 2735 nullus
1175 2695 1211 2735 se
1232 2696 1249 2735 a
1268 2693 1350 2734 sacra

274 2760 437 2820 Missarum
472 2759 680 2821 celebratione
711 2773 850 2843 separet,
890 2782 992 2842 neque
1025 2761 1146 2819 otiosus
1167 2761 1244 2842 quis
1269 2758 1349 2817 domi

274 2856 445 2922 remaneat,
490 2847 616 2905 caeteris
655 2845 694 2904 ad
726 2845 895 2905 Ecclesiam
925 2843 1140 2928 pergentibus,
1186 2865 1291 2925 neque
1322 2845 1350 2900 in

273 2930 435 2988 venatione
457 2950 489 2988 se
511 2941 661 3011 occupet,
684 2941 716 2988 et
740 2928 899 2990 diabolico
919 2932 1112 3010 mancipetur
1131 2927 1269 3002 officio,
1293 2930 1352 2986 cir·

275 3012 485 3096 cumvagaudo
507 3034 632 3096 campos
654 3026 685 3073 et
708 3012 825 3089 sylvas,
848 3013 1012 3074 clamorem
1040 3025 1070 3072 ct
1089 3011 1277 3073 cachinnum
1299 3031 1350 3070 ore

275 3096 423 3174 exaltans,
459 3118 522 3157 non
553 3099 688 3180 genitum
717 3118 773 3158 nec
793 3099 943 3160 orationis
974 3095 1068 3157 verba
1086 3118 1122 3157 cx
1144 3099 1259 3157 intimo
1280 3116 1350 3180 pec·

166 3223 170 3234 .
273 3191 343 3240 tore
365 3181 404 3241 ad
422 3182 522 3241 Deum
541 3182 713 3265 proferens.

358 3292 388 3379 ⁰7.
410 3323 439 3379 a.
464 3325 495 3381 9.
520 3323 568 3379 10.
613 3308 841 3373 correnum
862 3313 1003 3396 nogant.
1036 3329 1102 3370 ean.
1123 3321 1176 3393 aa.
1205 3309 1251 3369 11.
1284 3309 1349 3368 au-

275 3393 385 3453 tiscon.
409 3418 474 3456 cau.
501 3409 527 3464 1.
551 3406 581 3455 et
602 3392 713 3478 Agath.
739 3415 805 3456 can.
828 3410 879 3464 21.
901 3411 932 3459 et
953 3408 1004 3465 47.
1027 3392 1090 3454 vid.
1112 3382 1187 3455 inlr.
1209 3395 1244 3454 in
1268 3406 1351 3455 trac*

274 3487 329 3537 tat.
351 3479 389 3539 de
425 3491 584 3565 praecept.
605 3478 690 3539 Eccl.
713 3494 829 3562 quaest.
853 3493 901 3552 14.

747 3845 752 3852 .
770 3751 857 3828 Xll.

274 3930 389 4034 Quae
413 3958 575 4015 summa
598 3950 659 4015 est
677 3932 829 4015 borum
853 3933 978 4014 trium
996 3935 1354 4048 praeceptorum?

371 4117 413 4185 A.
465 4119 566 4190 Haec
588 4122 660 4193 tria
679 4121 812 4220 priore
834 4122 984 4217 quidem
1005 4135 1222 4220 praecepta,
1254 4144 1355 4218 quae

91 4227 356 4326 ilssffig'ssgsunt
379 4243 391 4278 ¹
402 4239 544 4338 primae
565 4242 734 4336 tabulae,
764 4269 833 4317 nos
858 4245 1133 4329 constituunt,
1156 4259 1200 4314 ut
1219 4221 1358 4319 verum
