2768 4762
280 370 358 445 Μ
582 369 649 433 DE
683 315 945 434 castrare
975 370 1037 436 ΕΤ

205 579 207 582 ’
279 569 310 616 ct
330 566 439 618 eontra
456 568 635 640 peccantem
653 559 799 641 protinus
828 558 897 618 rice
923 558 1049 619 Domini
1070 558 1229 621 irascentis
1242 562 1354 626 'saeri-

103 658 267 716 numestsq.
281 654 336 702 ret.
389 641 471 703 Hae'e
493 640 623 703 Phinees
646 641 809 703 brachium
840 643 872 701 in
893 641 1042 703 ultionem
1067 648 1259 727 peccantium
1279 670 1352 708 ere-

159 762 181 787 «
280 728 340 807 xit,
363 739 400 786 ut
415 738 541 808 arrepto
554 727 657 811 gladio
683 733 829 788 coiuntes
848 724 1058 810 transfigeret,
1087 739 1117 787 ct
1138 730 1215 789 iram
1235 733 1352 792 Domi-

105 813 313 879 toauos.2.eq.ni
339 814 435 871 iratus
453 811 600 895 placaret
633 812 724 871 ¹llaec
741 812 834 871 Josue
850 811 1076 893 exploratorem
1102 812 1227 890 docuit,
1251 829 1287 876 ut
1318 829 1351 878 et

280 898 367 979 prius
393 908 500 955 eontra
530 892 713 977 falsiloquos
739 897 819 955 eires
849 898 1005 956 veritatem
1030 894 1125 956 verba
1154 896 1348 977 defenderet,

87 1056 90 1061 ψ
281 991 311 1039 et
342 980 421 1040 hanc
440 976 639 1063 postmodum
670 979 773 1064 gladio
799 991 908 1039 eontra
943 979 1047 1040 hostes
1068 978 1220 1065 allegaret
1263 984 1350 1046 Hace

105 1076 258 1133 attonsis.
281 1063 401 1124 Samuel
438 1074 469 1123 et
503 1065 535 1123 in
566 1066 743 1147 principatu
775 1062 921 1123 humilem
940 1063 1105 1146 praebuit,
1143 1078 1174 1125 et
1193 1067 1349 1151 integrum

248 1182 253 1192 ·
272 1151 311 1231 ¹in
337 1149 510 1230 dejectione
523 1151 668 1209 serravit:
691 1168 746 1230 qua
766 1156 836 1206 eum
852 1160 1085 1231 persequentem
1104 1169 1134 1209 se
1154 1149 1276 1234 plebem
1295 1152 1350 1213 di·

272 1233 405 1318 ligeret,
437 1233 505 1315 ipse
530 1231 590 1292 sibi
616 1233 824 1294 testimonium
855 1235 990 1310 exstitit,
1029 1234 1103 1313 quia
1134 1233 1274 1310 eulmen,
1311 1240 1350 1298 ex'

152 1319 186 1362 ⁶⁸·
201 1315 344 1400 ²⁴'ique
375 1315 511 1397 dejectus
534 1328 600 1393 est,
632 1339 696 1380 non
718 1317 835 1377 amarit.
879 1317 961 1377 Haec
984 1316 1086 1377 David
1103 1330 1173 1378 ante
1204 1319 1346 1401 iniquum

280 1422 380 1487 regem
406 1412 435 1460 et
457 1399 629 1461 humilitate
648 1402 814 1464 commovit
833 1400 871 1463 ad
890 1402 1007 1485 fugam,
1032 1412 1061 1460 et
1081 1403 1195 1484 pietate
1212 1404 1345 1487 replevit

279 1487 318 1546 ad
346 1486 481 1547 veniam:
525 1487 580 1566 qui
602 1492 831 1571 persecutorem
868 1506 955 1545 suuni
986 1497 1017 1545 et
1048 1485 1185 1546 timendo
1210 1486 1290 1571 fugit
1309 1501 1346 1549 ut

279 1570 436 1632 dominum
450 1612 460 1646 ,
494 1582 524 1629 et
547 1581 736 1631 tamencum
787 1582 946 1630 otestatem
975 1569 1105 1630 feriendi
1126 1574 1256 1653 reperit,
1279 1592 1345 1633 non

279 1657 404 1743 agnovit
434 1654 599 1715 inimicum.
655 1590 883 1737 Haeerllathan
917 1668 947 1715 et
968 1666 1076 1715 contra
1097 1669 1271 1737 peccantem
1292 1679 1349 1716 re-v

103 1755 232 1808 natare
247 1763 267 1803 a.
280 1765 346 1829 gem
372 1743 404 1800 in
436 1741 651 1799 auctoritatem
672 1737 788 1800 liberae
816 1740 1038 1823 increpationis
1060 1739 1208 1817 sustulit,
1229 1751 1344 1802 etcum

106 1815 139 1857 '³'
280 1829 359 1911 regis
384 1824 476 1907 culpa
509 1823 645 1901 deesset,
678 1825 709 1882 in
744 1823 894 1906 petitione
925 1823 1084 1884 humiliter
1101 1828 1218 1887 stravit.
1261 1824 1345 1886 Haec

104 1923 247 1972 emeca,
280 1932 336 1996 per
358 1911 480 1969 Esaiam
498 1908 670 1968 nuditatem
697 1909 796 1968 carnis
819 1910 850 1967 in
873 1908 1103 1990 praedicatione
1125 1930 1186 1969 non
1210 1909 1342 1988 erubuit,

281 2009 311 2056 et
325 1994 481 2055 subducto
504 1991 618 2052 carnali
641 1991 806 2069 velamine,
832 2013 963 2074 superna
991 1995 1135 2066 mysteria
1162 1997 1343 2076 penetrarit.

103 2068 192 2150 ⁸1⁸⁹&
207 2077 257 2118 ²⁹¹·
281 2082 363 2155 Hace
387 2078 526 2154 Heliam,
557 2077 630 2158 quia
652 2077 784 2136 fervoris
806 2076 874 2136 zelo
898 2080 999 2137 vivere
1026 2076 1206 2159 spiritaliter
1223 2077 1346 2159 docuit,

105 2139 165 2182 Μ’
283 2165 429 2225 advitam
451 2181 578 2243 quoque
597 2173 628 2221 et
650 2161 858 2243 corporaliter
876 2161 1037 2222 abstraxit:
1058 2160 1138 2220 llaec
1157 2160 1348 2240 Helisaeum,

283 2251 356 2330 quia
378 2249 555 2330 magistrum
576 2245 757 2327 simpliciter
775 2244 902 2328 diligere
922 2245 1069 2322 instituit,
1094 2247 1228 2328 magistri
1247 2248 1348 2326 spiri-

105 2329 237 2382 ³‘¹⁸·l²·l·
282 2347 318 2394 tu
341 2332 505 2415 dupliciter
523 2330 668 2414 implevit
711 2329 773 2390 Per
791 2330 869 2391 haac'
890 2330 1076 2407 Hieremias,
1109 2349 1147 2389 ne
1167 2331 1199 2389 in
1219 2327 1348 2414 Aegyp-

281 2415 503 2500 tumpopulus
524 2414 749 2492 descenderet,
760 2416 889 2476 restitit:
923 2414 977 2475 sed
995 2427 1095 2475 tamen
1115 2427 1145 2474 et
1162 2413 1347 2474 inobedien-

182 2508 187 2523 ’
282 2515 326 2562 tes
357 2499 506 2583 diligens,
538 2521 601 2581 quo
639 2498 782 2560 descendi
810 2499 992 2583 prohibuit,
1028 2511 1060 2559 et
1093 2501 1158 2583 ipse
1177 2496 1346 2562 deseendit.

106 2589 246 2638 aionon·
281 2588 364 2647 Haec
387 2584 598 2661 Ezechielem,
633 2587 706 2664 quia
729 2585 815 2666 prius
841 2605 858 2643 a
883 2584 1012 2645 terrenis
1029 2582 1189 2645 desideriis
1208 2583 1344 2659 sustulit,

280 2682 353 2754 post
383 2690 439 2752 per
467 2671 640 2731 cincinnum
665 2671 773 2751 capitis
797 2671 829 2727 in
861 2675 931 2728 aiire
952 2662 1086 2728 libravit
1130 2668 1212 2728 Haec
1230 2674 1262 2728 in
1279 2668 1346 2726 Da-

31 2818 35 2829 ,
106 2762 209 2810 vnn-ar·
281 2755 380 2831 niele,
409 2756 480 2835 quia
511 2756 639 2836 aregiis
667 2752 798 2836 dapibus
817 2752 916 2836 gulam
938 2752 1144 2835 compescuit,
1180 2753 1206 2811 ci
1227 2765 1345 2812 etesn-

105 2834 164 2925 {³⁸²-
173 2844 194 2883 θ’
204 2845 224 2881 ¹·
235 2843 268 2882 ⁸¹·
281 2840 423 2899 rientium
451 2859 507 2897 ora
532 2837 656 2898 leonum
677 2837 794 2897 elausit.
851 2837 932 2897 Haec
951 2836 1051 2897 tribus
1072 2838 1195 2921 pueris,
1218 2857 1290 2918 qma
1313 2839 1345 2895 in

104 2897 140 2938 'q'
279 2922 503 3004 tranquillitate
526 2925 635 3006 positis
649 2922 789 2981 incendia
811 2923 960 2982 vitiorum
983 2920 1142 2999 subdidit,
1164 2919 1347 2980 tribulatio·

280 3008 327 3068 nis
360 3021 498 3089 tempore
526 3020 557 3067 et
589 3005 720 3066 flammas
750 3008 782 3087 iu
815 2996 942 3067 fornace
977 3008 1165 3089 temperavit.
1208 3005 1345 3065 Haecin

279 3091 373 3152 Petro
398 3105 427 3151 et
444 3092 532 3150 minis
565 3093 743 3151 terrentium
771 3093 946 3175 principum
968 3092 1092 3153 fortiter
1111 3093 1239 3166 restitit,
1262 3101 1293 3148 et
1314 3092 1346 3149 iu

281 3178 513 3236 circumcisione
539 3175 763 3252 submovenda,
788 3178 942 3236 minorum
961 3176 1054 3236 verba
1078 3173 1237 3235 humiliter
1254 3174 1347 3233 audi-

107 3253 187 3344 ffiffij
203 3262 234 3344 2⁵¹
249 3262 333 3343 {Jvit
377 3260 458 3320 Haec
485 3262 515 3318 in
529 3258 630 3320 Paulo
649 3272 679 3319 et
698 3281 804 3322 manus
828 3262 1077 3345 persequentium
1098 3258 1255 3319 humiliter
1273 3279 1347 3340 pcr-

107 3363 142 3406 ⁸⁸1·
198 3330 228 3357 ”’
281 3345 369 3416 tulit,
405 3356 555 3404 ettamen
584 3347 873 3406 incircumcisionis
910 3349 1035 3431 negotio
1063 3345 1199 3421 longese
1219 3345 1346 3426 imparis

305 3429 397 3488 rioris
435 3450 556 3488 sensum
584 3429 734 3489 audenter
767 3433 947 3513 increparit.
999 3428 1160 3512 Multiplex
1195 3448 1270 3511 ergo
1288 3429 1346 3485 ista

280 3450 329 3572 lix
353 3511 411 3572 Dei
440 3526 484 3573 est
492 3532 501 3590 3
540 3534 618 3596 quae
649 3513 776 3597 singulis
796 3536 899 3574 rerum
926 3514 1065 3578 articulis
1095 3535 1158 3574 non
1172 3522 1347 3596 permutata

283 3599 447 3681 congruit,
486 3611 517 3658 et
534 3599 632 3659 causis
648 3618 680 3659 se
703 3598 893 3660 variantibus
913 3621 977 3662 non
994 3601 1110 3660 variata
1131 3596 1306 3682 conjungit.

773 3763 837 3839 IV.

340 3925 431 4027 Quo
476 3916 626 4002 indicio
663 3948 707 4002 se
743 3919 882 4035 prodit
910 3920 1066 4004 sincera
1106 3915 1290 4004 Caritas?

104 1315 123 1351 l.
132 1307 150 1347 ll

105 1370 139 1410 sq.

108 4115 168 4177 θῦν
195 4117 270 4184 2¹²0m·
381 4107 424 4176 Α.
474 4105 647 4178 Probetio
674 4107 912 4182 ¹dilectiouis
939 4135 1005 4182 seu
1025 4107 1216 4193 caritatis,
1244 4104 1348 4179 exhi·

108 4176 140 4213 ὅσ.
150 4182 172 4208 tn
207 4181 270 4223 nug.

282 4227 375 4304 bitio
407 4230 463 4304 est
496 4227 643 4332 operis,
672 4248 711 4307 et
735 4216 942 4307 divinorum
962 4233 1172 4307 observatio
1196 4229 1349 4302 manda·
