2768 4762
229 351 309 423 noo
445 343 539 410 nu
587 314 1081 415 ssuuraraous

56 553 104 612 ιι
112 549 167 598 ιι
175 551 220 594 vu
335 532 376 605 C.
424 533 664 615 AMBROSI
666 535 753 608 DS
807 530 865 605 sit
901 531 1013 607 nobis
1049 493 1227 632 tunquam
1267 533 1309 609 in

235 651 410 753 imagine
418 654 622 757 descripta
632 654 823 754 virginitas
844 657 1051 754 ritequeB.
1074 657 1235 748 Mariae,
1257 658 1309 732 de

136 792 140 800 ’
238 798 313 874 qun
343 778 444 853 velut
476 774 647 880 speculo
668 777 830 875 refulget
870 778 1015 878 species
1056 780 1235 854 eastitatis
1271 800 1312 857 et

238 899 360 974 forme
389 903 546 978 virtutis.
608 900 709 1003 Quid
736 900 901 974 nobilius
927 901 999 973 Dei
1025 899 1169 976 metro?
1217 903 1313 1003 quid

109 1076 111 1088 .
240 1023 473 1124 splendidius
514 1050 580 1112 ea,
614 1003 727 1125 quem
759 1022 939 1124 splendor
962 1022 1101 1139 elegit?
1128 1025 1219 1124 quid
1246 1051 1313 1103 ee·

241 1149 332 1221 etius
365 1174 429 1234 eo,
477 1174 574 1249 quse
605 1172 742 1246 eorpus
770 1148 851 1220 sins
894 1150 1064 1248 corporis
1087 1148 1313 1268 contagione

241 1247 462 1347 generarit?
522 1248 626 1322 Talis
660 1246 731 1321 fuit
760 1248 878 1322 Meris
890 1295 902 1336 ,
937 1265 978 1322 ut
997 1250 1078 1351 ejus
1099 1250 1208 1325 unius
1233 1251 1312 1353 vite
1341 1294 1344 1299 ·

207 1373 405 1446 omnium
435 1372 636 1477 disciplina
671 1371 777 1445 sit

64 1618 173 1688 Diffi·
240 1636 316 1706 est,
343 1620 409 1719 qui
432 1636 540 1694 natus
558 1636 674 1695 estex
689 1617 856 1717 virgine,
881 1615 1057 1718 idemque
1077 1619 1255 1692 Dominus
1271 1637 1313 1694 et

238 1745 366 1814 Deuse
402 1760 603 1843 eapropter
638 1759 676 1816 et
703 1759 842 1851 meter,
876 1766 971 1839 quae
999 1769 1082 1816 eum
1101 1743 1242 1843 genuit,
1271 1759 1313 1814 et

238 1866 383 1964 Regina
417 1883 454 1939 ot
487 1866 668 1954 Domina,
702 1885 741 1941 et
780 1866 946 1965 Deipura
976 1868 1129 1968 proprie
1164 1884 1201 1938 et
1221 1891 1312 1938 vere

241 2005 423 2062 censetur.
475 1986 546 2063 iste
574 1966 670 2069 nove
703 1996 782 2068 Ere
818 2009 936 2064 meter
962 1990 1056 2062 uitae
1086 1989 1312 2090 appellatur,

185 2102 195 2109 '¹
240 2091 505 2213 variegntnque¹
532 2133 725 2214 permanet
758 2114 806 2190 od
837 2113 1017 2215 primitias
1046 2113 1141 2185 vitae
1160 2115 1313 2186 immor·

240 2234 327 2308 telis
340 2237 731 2314 omnium‘viventium.
780 2238 949 2312 Dicimus
989 2260 1070 2309 enm
1093 2235 1203 2333 igitur
1239 2237 1315 2308 ite·

47 2372 51 2387 ¹
151 2404 157 2426 ι
238 2384 322 2462 rum
355 2377 468 2459 etque
491 2361 624 2434 iterum
655 2380 693 2465 et
717 2387 865 2462 semper
892 2378 930 2433 st
951 2358 1196 2458 undequaque
1217 2359 1312 2432 ben·

237 2483 426 2562 tissimum.
489 2485 549 2558 Ad
594 2503 632 2559 te
677 2485 899 2575 clamemus,
947 2482 1148 2556 recordere
1189 2483 1314 2555 nostri

182 2644 187 2657 ›
237 2608 470 2683 sanctissimo
501 2594 631 2709 virgo,
662 2633 757 2707 quus
786 2608 897 2680 etiam
928 2623 1079 2706 opertu
1097 2606 1202 2704 virgo
1221 2630 1309 2704 per-

235 2732 416 2805 mansisti.
482 2739 557 2807 Aue
601 2734 730 2830 gratia
767 2732 879 2823 piena
886 2781 899 2820 ,
940 2732 1129 2803 Dominus
1162 2739 1310 2800 tecum:

236 2852 382 2927 beatam
405 2873 441 2928 te
462 2857 681 2956 praedicant
703 2832 866 2926 omnium
891 2853 1107 2954 angelorum
1131 2869 1168 2925 et
1190 2869 1310 2923 terre·

235 2977 366 3051 strium
398 2980 641 3054 hierarchiae.
695 2981 899 3053 Benedicta
932 2979 1044 3049 tuin
1076 2978 1308 3060 mulieribus,

210 3110 273 3171 et
299 3101 510 3179 benedictus
515 3102 673 3204 fruetus
693 3104 926 3183 ventristui.
991 3096 1184 3172 intercede
1214 3099 1310 3171 hers

235 3240 272 3295 et
295 3224 464 3318 domina,
505 3246 542 3302 et
560 3228 712 3327 regina,
742 3245 780 3301 et
792 3243 909 3300 mater
927 3223 999 3296 Dei
1018 3247 1090 3323 pro
1109 3221 1256 3309 nobisn

60 3359 224 3463 {¹³:5¹5ssssss
333 3352 380 3427 E.
431 3354 729 3427 GREGORIUS
755 3355 1046 3426 Nazianzenus:
1135 3405 1138 3411 .

321 3473 351 3536 0
391 3481 443 3536 ter
471 3475 568 3537 beata
603 3482 731 3552 meter,
753 3495 773 3536 ο
798 3477 859 3538 iux
879 3471 1069 3555 uirginum,

322 3578 417 3666 Quae
436 3583 558 3663 templa
583 3582 665 3644 caeli
687 3578 893 3644 lucidissima
913 3578 1052 3656 incolis,

317 3687 544 3752 Mortaiitatis
568 3689 710 3753 liberata
750 3690 930 3765 sordibus,

319 3795 449 3858 Ornata
472 3794 548 3881 jam
581 3796 848 3860 immortalitatis
877 3814 913 3857 es
944 3794 1056 3857 stola:

296 3903 406 3965 'Meis
429 3903 604 3986 benignam
634 3902 675 3964 ab
700 3907 768 3966 aiio
791 3923 910 3965 aurem
934 3901 1054 3965 exhibe
1071 3897 1197 3976 verbis,

313 4010 478 4092 Measque
498 4012 593 4095 virgo
616 4011 767 4094 suscipe,
800 4012 951 4086 obsecro,
985 4025 1107 4090 preces.

53 4134 96 4226 sgr
85 4139 216 4236 Ιὶιιιιῖ.
326 4117 368 4192 F.
418 4120 773 4192 AUGUSTINUSz
801 4117 1091 4203 SancteMerin,
1125 4133 1307 4185 succurre

52 4195 117 4278 ”in
198 4210 389 4351 miseris,
430 4240 517 4340 juve
549 4242 832 4342 pusilinnimas‚
865 4242 992 4318 refove
1026 4236 1194 4323 flebiles,
1232 4256 1304 4308 orn
