2768 4762
248 389 345 461 Μ,
428 449 431 452 ⁴
496 376 1047 456 susurrare-rar·
1127 408 1140 416 .

250 563 342 644 duo„
360 576 405 629 -et
430 580 511 629 unus
546 577 659 627 eontra
681 562 815 627 alterum
850 565 945 626 rixari
972 564 1131 648 coeperit,
1159 561 1339 650 volensque

252 695 332 737 uxor
351 670 478 737 alterius
501 693 610 733 eruere
625 672 727 733 virum
750 694 840 734 suum
858 673 898 734 de
919 691 1012 732 mauu
1042 671 1213 750 fortioris,
1248 677 1338 736 mise·

168 806 175 825 ¹
253 784 358 863 ritque
386 800 529 857 manum,
569 792 601 841 et
621 776 876 865 'apprehenderit
911 780 1046 840 verenda
1080 781 1167 862 ejus:
1213 781 1336 844 abscin-

253 889 312 950 des
331 910 453 949 manum
468 886 568 964 illius,
600 908 657 947 nec
675 884 808 948 flecteris
822 906 918 970 super
940 909 1006 948 earn
1022 886 1086 963 ulla
1105 890 1334 985 misericordia.

341 1021 444 1081 Gen.
481 1017 681 1080 xxxv111.:
717 1017 805 1077 Dixit
830 1038 905 1100 ergo
932 1016 1041 1078 Judas-
1056 1017 1095 1077 ad
1120 1017 1217 1081 Onau
1239 1022 1333 1086 filium

256 1148 364 1188 suum:
393 1122 559 1209 Ingredere
578 1125 618 1185 ad
643 1145 771 1185 uxorem
791 1124 896 1184 fratris
919 1127 990 1201 tui,
1020 1137 1050 1184 et
1065 1128 1192 1188 sociare
1216 1130 1280 1206 illi,
1301 1146 1332 1194 ut

252 1236 384 1295 'suscites
415 1253 515 1293 semen
549 1232 640 1292 fratri
658 1245 723 1292 tuo.
766 1231 823 1291 Ille
843 1234 942 1292 sciens
964 1252 1026 1290 non
1048 1235 1133 1293 nasei
1157 1234 1223 1295 sibi
1245 1236 1331 1315 tilios,

252 1340 474 1400 >introiens‹ad
494 1359 618 1400 uxorem
633 1339 740 1399 fratris
761 1340 830 1415 sui,
851 1360 950 1400 semen
970 1337 1121 1400 fundebat
1140 1343 1173 1403 in
1203 1354 1330 1405 terram:

255 1446 422 1523 ne'liberi,
448 1447 554 1507 fratris
581 1449 705 1506 nominc
724 1458 933 1506 nascerentur.
977 1445 1019 1505 Et
1039 1445 1161 1507 idcirco
1182 1458 1331 1532 percussit

255 1552 328 1614 eum'
342 1555 518 1653 Dominus,
549 1576 606 1631 eo,
648 1555 736 1636 quod
758 1575 823 1614 rem
848 1550 1057 1614 detestabilem
1079 1553 1212 1618 faceret.

290 1658 308 1722 s
338 1685 363 1747 1.
392 1684 487 1746 Tim.
523 1684 587 1745 IL:
624 1682 709 1745 Volo
741 1704 815 1768 ergo
841 1686 926 1745 viros
957 1703 1048 1743 orare
1074 1689 1108 1744 in
1141 1692 1232 1750 omni
1256 1688 1331 1769 loco,

254 1791 388 1855 levantes
410 1813 505 1876 puras
528 1812 653 1869 manus,
688 1793 753 1878 sine
778 1793 824 1853 ira
849 1803 880 1852 et
906 1791 1142 1876 disceptatione.
1189 1797 1331 1860 Similiter

255 1914 286 1963 et
309 1895 453 1986 mulieres
466 1901 502 1959 'in
521 1898 632 1960 habitu
654 1898 786 1961 ornato:
819 1919 888 1961 cum
909 1899 1094 1989 verecundia
1118 1915 1149 1964 et
1166 1904 1331 1968 sobrietate

255 1978 400 2068 ornantes
425 2027 476 2083 se,
500 2027 564 2066 non
582 1988 620 2067 iu*
639 2007 732 2067 tortis
756 1987 997 2084 crinibus,'.aut
1022 2029 1119 2088 auro,
1142 2022 1198 2070 aut
1212 2032 1333 2096 marga·

232 2105 235 2117 ’
253 2115 338 2189 ritis,
384 2112 433 2172 vel
458 2126 540 2174 veste
560 2114 719 2197 pretiosa,
742 2113 795 2174 sed
817 2114 904 2196 quod
920 2113 1009 2177 decet
1030 2114 1169 2177 mulieres
1189 2120 1332 2201 promit·

245 2204 351 2281 'tentes
373 2220 517 2303 pictatem
543 2242 602 2305 per
629 2242 725 2305 opera
745 2221 839 2283 bona.

261 2307 264 2313 ¹
342 2327 366 2387 l·
398 2323 502 2389 Petr
544 2329 619 2390 llI.=
668 2328 816 2389 Sim1liter
854 2322 891 2392 et'
921 2323 1066 2394 mulieres
1099 2331 1246 2394 subditae
1272 2335 1322 2391 sint

254 2432 330 2495 viris
357 2436 442 2495 suis:
460 2449 495 2496 ut
510 2448 541 2498 et
566 2437 590 2496 si
624 2439 678 2518 qui
705 2458 767 2497 non
787 2438 918 2498 credunt
935 2439 1053 2517 verbo,
1087 2460 1148 2523 per
1175 2440 1322 2501 mulierum

256 2544 521 2604 conversationem
563 2547 628 2604 sine
658 2543 754 2604 verbo
789 2543 961 2621 lucrifiant,
1015 2548 1251 2609 considerantes
1298 2549 1326 2603 in

253 2650 366 2711 timore
397 2664 508 2712 castam
538 2655 802 2713 conversationem
833 2667 972 2714 vestram.
1021 2654 1171 2742 Quarum
1199 2674 1262 2716 uon
1295 2655 1326 2713 sit

254 2762 442 2819 extrinsecus
482 2758 686 2840 capillatura,
726 2768 780 2819 aut
804 2761 1008 2822 circumdatio
1039 2764 1128 2839 auri,
1168 2775 1223 2824 aut
1245 2760 1326 2822 indu·
1366 2774 1368 2789 '

253 2870 347 2927 menti
379 2869 633 2925 vestimentorum
659 2865 776 2925 cultus:
808 2867 861 2927 sed
885 2871 940 2948 qui
963 2868 1171 2931 absconditus
1196 2882 1244 2931 est
1266 2888 1327 2930 eor-
1366 2794 1368 2915 l

255 2973 302 3034 dis
326 2974 440 3050 homo,
477 2976 507 3032 in
544 2967 842 3055 incorruptibilitate
861 2976 956 3054 quieti
975 2989 1005 3038 et
1031 2976 1169 3039 modesti
1197 2980 1326 3063 spiritus,

255 3082 308 3162 qui
330 3093 375 3139 est
404 3082 436 3138 in
464 3093 634 3162 conspectu
657 3081 716 3139 Dei
748 3079 886 3163 locuples
906 3095 962 3146 etc.

337 3186 436 3247 Esai.
465 3171 538 3246 Ill:
569 3181 611 3247 Et
638 3186 716 3248 dixit
738 3189 912 3249 Dominus:
946 3190 1011 3252 Pro
1034 3212 1091 3268 eo,
1119 3191 1213 3275 quod
1240 3191 1325 3252 elesa·
1366 3232 1368 3265 Ε

250 3306 300 3355 tae
338 3307 411 3354 sunt
442 3288 523 3353 filiae
551 3294 648 3370 Sion,
685 3307 715 3355 et
747 3294 983 3358 ambulaverunt
1015 3311 1140 3360 extento
1165 3300 1277 3377 collo,
1305 3307 1326 3356 et
1366 3312 1368 3317 ·

250 3400 380 3461 nutibus
414 3400 576 3461 oculorum
609 3401 714 3479 ibant,
747 3415 778 3463 et
809 3403 1021 3486 plaudebanta
1055 3405 1326 3484 ambulabant,st
1366 3366 1368 3425 l

253 3508 387 3591 pedibus
415 3512 477 3568 suis
498 3512 672 3592 composito
702 3512 801 3595 gradu
831 3511 1033 3575 incedebant:
1063 3514 1329 3576 Decalvabitllo·

254 3618 355 3676 minus
385 3619 530 3676 verticem
570 3596 704 3677 filiarum
736 3619 830 3695 Sion,
870 3631 901 3678 et
919 3619 1073 3680 Dominus
1093 3642 1218 3683 crinem
1237 3641 1329 3683 earum
1366 3672 1368 3713 Ι

254 3721 395 3783 nudabit.
450 3725 486 3784 ln
513 3724 563 3785 die
582 3723 635 3785 illa
661 3726 780 3801 auferet
803 3725 957 3788 Dominus
980 3741 1203 3789 ornamentum
1224 3731 1331 3793 calcea·

255 3843 448 3908 mentorum,
487 3847 517 3894 et
552 3832 691 3909 lunulas,
720 3847 751 3894 et
770 3846 920 3915 torques,
948 3847 978 3896 et
1004 3834 1154 3913 monilia,
1178 3851 1215 3900 et
1238 3835 1333 3899 armil-
1365 3780 1368 3909 l

251 3933 323 4012 las,
355 3951 386 3997 et
416 3942 540 4018 mitras,
574 3953 605 4002 et
635 3940 875 4019 discriminalia,
913 3956 943 4003 et
962 3943 1187 4026 periscelidas,
1228 3960 1261 4009 et
1276 3967 1333 4006 mu·

255 4043 414 4121 raenulas,
449 4059 480 4107 et
496 4047 717 4126 olfactoriola,
755 4062 786 4109 et
806 4051 949 4127 inaures,
972 4064 1002 4113 et
1023 4051 1178 4130 annulos,
1203 4067 1238 4116 et
1260 4076 1337 4139 gem·
1366 4119 1368 4134 Ι

254 4167 317 4209 mas
351 4150 383 4208 in
417 4151 521 4213 fronte
549 4156 739 4237 pendentes,
777 4168 808 4218 et
839 4159 1026 4235 mutatoria,
1063 4172 1102 4237 et·
1124 4160 1285 4244 palliola,
1314 4173 1338 4219 et
1366 4160 1368 4181 '

254 4252 452 4340 linteamina,
476 4267 507 4323 et
531 4279 625 4346 acus,
660 4275 691 4327 et
713 4263 859 4346 specula,
898 4276 929 4327 et
956 4265 1126 4346 sindones,
1174 4278 1212 4332 et
1241 4271 1338 4345 vittas,
