<?xml version="1.0" encoding="UTF-8"?>
<!DOCTYPE html PUBLIC "-//W3C//DTD XHTML 1.0 Transitional//EN"
    "http://www.w3.org/TR/xhtml1/DTD/xhtml1-transitional.dtd">
<html xmlns="http://www.w3.org/1999/xhtml" xml:lang="en" lang="en">
 <head>
  <title>
</title>
<meta http-equiv="Content-Type" content="text/html;charset=utf-8" />
  <meta name='ocr-system' content='tesseract 3.04.00' />
  <meta name='ocr-capabilities' content='ocr_page ocr_carea ocr_par ocr_line ocrx_word'/>
</head>
<body>
  <div class='ocr_page' id='page_1' title='image "./summadoctrinaec00kanigoog_0391.png"; bbox 0 0 2768 4762; ppageno 0'>
   <div class='ocr_carea' id='block_1_1' title="bbox 254 316 1083 464">
    <p class='ocr_par' dir='ltr' id='par_1_1' title="bbox 254 316 1083 464">
     <span class='ocr_line' id='line_1_1' title="bbox 254 316 1083 464; baseline 0.01 -41"><span class='ocrx_word' id='word_1_1' title='bbox 254 377 336 449; x_wconf 57' lang='grc' dir='ltr'><strong>Μ,</strong></span> <span class='ocrx_word' id='word_1_2' title='bbox 462 433 463 437; x_wconf 6' lang='lat'>¹</span> <span class='ocrx_word' id='word_1_3' title='bbox 568 316 1083 464; x_wconf 68' lang='lat' dir='ltr'><strong>ercammarum,</strong></span> 
     </span>
    </p>
   </div>
   <div class='ocr_carea' id='block_1_2' title="bbox 97 545 1343 804">
    <p class='ocr_par' dir='ltr' id='par_1_2' title="bbox 97 545 1343 804">
     <span class='ocr_line' id='line_1_2' title="bbox 497 545 1035 620; baseline -0.006 3"><span class='ocrx_word' id='word_1_4' title='bbox 497 564 503 581; x_wconf 80' lang='lat'>⁸</span> <span class='ocrx_word' id='word_1_5' title='bbox 569 551 597 620; x_wconf 88' lang='lat' dir='ltr'>P</span> <span class='ocrx_word' id='word_1_6' title='bbox 646 549 682 619; x_wconf 84' lang='lat' dir='ltr'><strong>A</strong></span> <span class='ocrx_word' id='word_1_7' title='bbox 730 550 763 618; x_wconf 81' lang='grc' dir='ltr'><strong>Τ</strong></span> <span class='ocrx_word' id='word_1_8' title='bbox 813 551 849 619; x_wconf 82' lang='lat' dir='ltr'>R</span> <span class='ocrx_word' id='word_1_9' title='bbox 896 549 929 620; x_wconf 79' lang='grc' dir='ltr'><strong>Ε</strong></span> <span class='ocrx_word' id='word_1_10' title='bbox 975 545 1035 620; x_wconf 52' lang='lat' dir='ltr'><strong>Su</strong></span> 
     </span>
     <span class='ocr_line' id='line_1_3' title="bbox 97 716 1343 804; baseline -0.019 -8"><span class='ocrx_word' id='word_1_11' title='bbox 97 753 250 804; x_wconf 70' lang='lat' dir='ltr'><strong>Praeceptum</strong></span> <span class='ocrx_word' id='word_1_12' title='bbox 347 733 375 788; x_wconf 82' lang='lat'><strong>1.</strong></span> <span class='ocrx_word' id='word_1_13' title='bbox 397 718 437 780; x_wconf 81' lang='lat' dir='ltr'><strong>A.</strong></span> <span class='ocrx_word' id='word_1_14' title='bbox 479 719 741 801; x_wconf 76' lang='lat' dir='ltr'><strong>AUGUsTlNUS</strong></span> <span class='ocrx_word' id='word_1_15' title='bbox 763 720 852 802; x_wconf 87' lang='lat' dir='ltr'><strong>epist.</strong></span> <span class='ocrx_word' id='word_1_16' title='bbox 877 731 947 788; x_wconf 81' lang='lat'><strong>119.</strong></span> <span class='ocrx_word' id='word_1_17' title='bbox 970 716 1009 779; x_wconf 88' lang='lat' dir='ltr'><strong>ad</strong></span> <span class='ocrx_word' id='word_1_18' title='bbox 1030 717 1145 777; x_wconf 77' lang='lat' dir='ltr'><strong>Ianuar</strong></span> <span class='ocrx_word' id='word_1_19' title='bbox 1176 736 1248 800; x_wconf 85' lang='lat' dir='ltr'><strong>cap.</strong></span> <span class='ocrx_word' id='word_1_20' title='bbox 1275 729 1343 784; x_wconf 65' lang='grc' dir='ltr'><strong>ης</strong></span> 
     </span>
    </p>
   </div>
   <div class='ocr_carea' id='block_1_3' title="bbox 80 800 1345 972">
    <p class='ocr_par' dir='ltr' id='par_1_3' title="bbox 80 800 1345 972">
     <span class='ocr_line' id='line_1_4' title="bbox 80 800 1345 901; baseline -0.002 -34"><span class='ocrx_word' id='word_1_21' title='bbox 80 801 250 901; x_wconf 37' lang='lat' dir='ltr'><strong>ggbgglg&#39;ssg,</strong></span> <span class='ocrx_word' id='word_1_22' title='bbox 260 805 400 886; x_wconf 89' lang='lat' dir='ltr'><strong>Ideoque</strong></span> <span class='ocrx_word' id='word_1_23' title='bbox 421 807 504 865; x_wconf 85' lang='lat' dir='ltr'><strong>iuter</strong></span> <span class='ocrx_word' id='word_1_24' title='bbox 524 800 626 865; x_wconf 79' lang='lat' dir='ltr'><strong>om&#39;nia</strong></span> <span class='ocrx_word' id='word_1_25' title='bbox 650 803 703 864; x_wconf 87' lang='lat' dir='ltr'><strong>illa</strong></span> <span class='ocrx_word' id='word_1_26' title='bbox 722 803 826 863; x_wconf 88' lang='lat' dir='ltr'><strong>decem</strong></span> <span class='ocrx_word' id='word_1_27' title='bbox 847 816 1012 886; x_wconf 89' lang='lat' dir='ltr'><strong>praecepta</strong></span> <span class='ocrx_word' id='word_1_28' title='bbox 1034 802 1133 862; x_wconf 89' lang='lat' dir='ltr'><strong>solum</strong></span> <span class='ocrx_word' id='word_1_29' title='bbox 1155 800 1220 877; x_wconf 91' lang='lat' dir='ltr'><strong>ibi,</strong></span> <span class='ocrx_word' id='word_1_30' title='bbox 1258 804 1345 884; x_wconf 90' lang='lat' dir='ltr'><strong>qnod</strong></span> 
     </span>
     <span class='ocr_line' id='line_1_5' title="bbox 80 878 1345 972; baseline -0.006 -20"><span class='ocrx_word' id='word_1_31' title='bbox 80 878 251 942; x_wconf 65' lang='lat' dir='ltr'><strong>modoad&#39;chti·</strong></span> <span class='ocrx_word' id='word_1_32' title='bbox 263 892 301 951; x_wconf 91' lang='lat' dir='ltr'><strong>de</strong></span> <span class='ocrx_word' id='word_1_33' title='bbox 331 888 470 950; x_wconf 87' lang='lat' dir='ltr'><strong>Sabbato</strong></span> <span class='ocrx_word' id='word_1_34' title='bbox 501 892 637 972; x_wconf 88' lang='lat' dir='ltr'><strong>positum</strong></span> <span class='ocrx_word' id='word_1_35' title='bbox 665 902 731 965; x_wconf 87' lang='lat' dir='ltr'><strong>est,</strong></span> <span class='ocrx_word' id='word_1_36' title='bbox 762 887 893 971; x_wconf 80' lang='lat' dir='ltr'><strong>figurate</strong></span> <span class='ocrx_word' id='word_1_37' title='bbox 925 886 1150 948; x_wconf 70' lang='lat' dir='ltr'><strong>obseruandum</strong></span> <span class='ocrx_word' id='word_1_38' title='bbox 1185 890 1345 969; x_wconf 88' lang='lat' dir='ltr'><strong>praecipi·</strong></span> 
     </span>
    </p>
   </div>
   <div class='ocr_carea' id='block_1_4' title="bbox 81 960 1357 2998">
    <p class='ocr_par' dir='ltr' id='par_1_4' title="bbox 81 960 1348 1986">
     <span class='ocr_line' id='line_1_6' title="bbox 81 960 1344 1056; baseline -0.006 -15"><span class='ocrx_word' id='word_1_39' title='bbox 81 960 174 1042; x_wconf 68' lang='lat' dir='ltr'><strong>iiiiii.⁸</strong></span> <span class='ocrx_word' id='word_1_40' title='bbox 200 962 251 1001; x_wconf 48' lang='grc' dir='ltr'><strong>Μ’</strong></span> <span class='ocrx_word' id='word_1_41' title='bbox 262 988 337 1036; x_wconf 90' lang='lat' dir='ltr'><strong>tur:</strong></span> <span class='ocrx_word' id='word_1_42' title='bbox 387 995 479 1054; x_wconf 82' lang='lat' dir='ltr'><strong>quam</strong></span> <span class='ocrx_word' id='word_1_43' title='bbox 513 971 644 1056; x_wconf 81' lang='lat' dir='ltr'><strong>figuram</strong></span> <span class='ocrx_word' id='word_1_44' title='bbox 684 994 741 1034; x_wconf 92' lang='lat' dir='ltr'><strong>nos</strong></span> <span class='ocrx_word' id='word_1_45' title='bbox 782 972 1029 1054; x_wconf 80' lang='lat' dir='ltr'><strong>intelligendam,</strong></span> <span class='ocrx_word' id='word_1_46' title='bbox 1049 992 1052 997; x_wconf 85' lang='lat'><em>·</em></span> <span class='ocrx_word' id='word_1_47' title='bbox 1069 993 1135 1032; x_wconf 92' lang='lat' dir='ltr'><strong>non</strong></span> <span class='ocrx_word' id='word_1_48' title='bbox 1165 973 1261 1030; x_wconf 86' lang='lat' dir='ltr'><strong>etiam</strong></span> <span class='ocrx_word' id='word_1_49' title='bbox 1314 995 1344 1033; x_wconf 88' lang='lat' dir='ltr'><strong>er</strong></span> 
     </span>
     <span class='ocr_line' id='line_1_7' title="bbox 265 1056 1347 1140; baseline -0.002 -21"><span class='ocrx_word' id='word_1_50' title='bbox 265 1061 363 1119; x_wconf 91' lang='lat' dir='ltr'><strong>otium</strong></span> <span class='ocrx_word' id='word_1_51' title='bbox 386 1057 552 1140; x_wconf 86' lang='lat' dir='ltr'><strong>corporale</strong></span> <span class='ocrx_word' id='word_1_52' title='bbox 574 1057 801 1131; x_wconf 79' lang='lat' dir='ltr'>celebrandam,</span> <span class='ocrx_word' id='word_1_53' title='bbox 824 1061 1021 1140; x_wconf 88' lang='lat' dir='ltr'><strong>suscepimus.</strong></span> <span class='ocrx_word' id='word_1_54' title='bbox 1066 1057 1143 1116; x_wconf 82' lang='lat' dir='ltr'><strong>Cum</strong></span> <span class='ocrx_word' id='word_1_55' title='bbox 1165 1059 1249 1115; x_wconf 86' lang='lat' dir='ltr'><strong>enim</strong></span> <span class='ocrx_word' id='word_1_56' title='bbox 1269 1056 1308 1117; x_wconf 86' lang='lat' dir='ltr'><strong>Sa</strong></span> <span class='ocrx_word' id='word_1_57' title='bbox 1331 1093 1347 1106; x_wconf 84' lang='lat'><strong>·</strong></span> 
     </span>
     <span class='ocr_line' id='line_1_8' title="bbox 84 1140 1346 1227; baseline 0.001 -26"><span class='ocrx_word' id='word_1_58' title='bbox 84 1143 338 1211; x_wconf 64' lang='lat' dir='ltr'><strong>p‚‚1m..5,11.bato</strong></span> <span class='ocrx_word' id='word_1_59' title='bbox 371 1141 561 1227; x_wconf 81' lang='lat' dir='ltr'><strong>significetur</strong></span> <span class='ocrx_word' id='word_1_60' title='bbox 592 1143 740 1225; x_wconf 90' lang='lat' dir='ltr'><strong>spiritalis</strong></span> <span class='ocrx_word' id='word_1_61' title='bbox 770 1145 911 1223; x_wconf 81' lang='lat' dir='ltr'><strong>requies,</strong></span> <span class='ocrx_word' id='word_1_62' title='bbox 947 1142 985 1201; x_wconf 90' lang='lat' dir='ltr'><strong>de</strong></span> <span class='ocrx_word' id='word_1_63' title='bbox 1012 1162 1074 1222; x_wconf 88' lang='lat' dir='ltr'><strong>qua</strong></span> <span class='ocrx_word' id='word_1_64' title='bbox 1097 1140 1216 1201; x_wconf 91' lang='lat' dir='ltr'><strong>dietum</strong></span> <span class='ocrx_word' id='word_1_65' title='bbox 1249 1147 1346 1202; x_wconf 90' lang='lat' dir='ltr'><strong>estin</strong></span> 
     </span>
     <span class='ocr_line' id='line_1_9' title="bbox 262 1227 1345 1309; baseline -0.002 -20"><span class='ocrx_word' id='word_1_66' title='bbox 262 1227 405 1289; x_wconf 84' lang='lat' dir='ltr'><strong>Psalmo:</strong></span> <span class='ocrx_word' id='word_1_67' title='bbox 430 1227 545 1286; x_wconf 83' lang='lat' dir='ltr'><strong>Vacate</strong></span> <span class='ocrx_word' id='word_1_68' title='bbox 567 1240 597 1285; x_wconf 88' lang='lat' dir='ltr'><strong>ct</strong></span> <span class='ocrx_word' id='word_1_69' title='bbox 619 1227 744 1302; x_wconf 88' lang='lat' dir='ltr'><strong>videte,</strong></span> <span class='ocrx_word' id='word_1_70' title='bbox 768 1229 915 1308; x_wconf 89' lang='lat' dir='ltr'><strong>quoniam</strong></span> <span class='ocrx_word' id='word_1_71' title='bbox 939 1248 995 1309; x_wconf 80' lang='lat' dir='ltr'><strong>ego</strong></span> <span class='ocrx_word' id='word_1_72' title='bbox 1015 1244 1083 1285; x_wconf 89' lang='lat' dir='ltr'><strong>sum</strong></span> <span class='ocrx_word' id='word_1_73' title='bbox 1108 1227 1207 1302; x_wconf 88' lang='lat' dir='ltr'><strong>Deus,</strong></span> <span class='ocrx_word' id='word_1_74' title='bbox 1230 1241 1263 1287; x_wconf 91' lang='lat' dir='ltr'><strong>et</strong></span> <span class='ocrx_word' id='word_1_75' title='bbox 1286 1250 1345 1309; x_wconf 86' lang='lat' dir='ltr'><strong>qno</strong></span> 
     </span>
     <span class='ocr_line' id='line_1_10' title="bbox 261 1310 1344 1394; baseline 0 -23"><span class='ocrx_word' id='word_1_76' title='bbox 261 1325 412 1373; x_wconf 88' lang='lat' dir='ltr'><strong>vocantur</strong></span> <span class='ocrx_word' id='word_1_77' title='bbox 431 1311 571 1371; x_wconf 88' lang='lat' dir='ltr'><strong>homines</strong></span> <span class='ocrx_word' id='word_1_78' title='bbox 592 1310 631 1369; x_wconf 93' lang='lat' dir='ltr'><strong>ab</strong></span> <span class='ocrx_word' id='word_1_79' title='bbox 664 1315 732 1394; x_wconf 91' lang='lat' dir='ltr'><strong>ipso</strong></span> <span class='ocrx_word' id='word_1_80' title='bbox 751 1312 908 1386; x_wconf 88' lang='lat' dir='ltr'><strong>Domino,</strong></span> <span class='ocrx_word' id='word_1_81' title='bbox 931 1312 1067 1371; x_wconf 84' lang='lat' dir='ltr'><strong>dicente:</strong></span> <span class='ocrx_word' id='word_1_82' title='bbox 1096 1310 1211 1371; x_wconf 88' lang='lat' dir='ltr'><strong>Venite</strong></span> <span class='ocrx_word' id='word_1_83' title='bbox 1233 1311 1275 1371; x_wconf 89' lang='lat' dir='ltr'><strong>ad</strong></span> <span class='ocrx_word' id='word_1_84' title='bbox 1304 1335 1344 1371; x_wconf 90' lang='lat' dir='ltr'><strong>me</strong></span> 
     </span>
     <span class='ocr_line' id='line_1_11' title="bbox 264 1394 1344 1478; baseline -0.001 -22"><span class='ocrx_word' id='word_1_85' title='bbox 264 1418 368 1456; x_wconf 85' lang='lat' dir='ltr'><strong>omnes</strong></span> <span class='ocrx_word' id='word_1_86' title='bbox 381 1394 401 1473; x_wconf 77' lang='lat'><strong>,&#39;</strong></span> <span class='ocrx_word' id='word_1_87' title='bbox 423 1399 478 1478; x_wconf 88' lang='lat' dir='ltr'><strong>qni</strong></span> <span class='ocrx_word' id='word_1_88' title='bbox 502 1396 651 1456; x_wconf 86' lang='lat' dir='ltr'><strong>laboratis</strong></span> <span class='ocrx_word' id='word_1_89' title='bbox 672 1409 703 1456; x_wconf 87' lang='lat' dir='ltr'><strong>et</strong></span> <span class='ocrx_word' id='word_1_90' title='bbox 725 1399 845 1456; x_wconf 89' lang='lat' dir='ltr'><strong>onerati</strong></span> <span class='ocrx_word' id='word_1_91' title='bbox 875 1398 963 1472; x_wconf 75' lang='lat' dir='ltr'><strong>estiS,</strong></span> <span class='ocrx_word' id='word_1_92' title='bbox 987 1409 1017 1456; x_wconf 92' lang='lat' dir='ltr'><strong>et</strong></span> <span class='ocrx_word' id='word_1_93' title='bbox 1040 1418 1096 1478; x_wconf 76' lang='lat' dir='ltr'><strong>ego</strong></span> <span class='ocrx_word' id='word_1_94' title='bbox 1121 1394 1262 1477; x_wconf 63' lang='lat' dir='ltr'><strong>respciam</strong></span> <span class='ocrx_word' id='word_1_95' title='bbox 1284 1419 1344 1457; x_wconf 85' lang='lat' dir='ltr'><strong>ros.</strong></span> 
     </span>
     <span class='ocr_line' id='line_1_12' title="bbox 262 1481 1347 1563; baseline 0 -21"><span class='ocrx_word' id='word_1_96' title='bbox 262 1481 378 1542; x_wconf 84' lang='lat' dir='ltr'><strong>Tollite</strong></span> <span class='ocrx_word' id='word_1_97' title='bbox 411 1483 521 1562; x_wconf 83' lang='lat' dir='ltr'><strong>jugum</strong></span> <span class='ocrx_word' id='word_1_98' title='bbox 551 1501 651 1539; x_wconf 89' lang='lat' dir='ltr'><strong>meum</strong></span> <span class='ocrx_word' id='word_1_99' title='bbox 690 1502 784 1562; x_wconf 89' lang='lat' dir='ltr'><strong>super</strong></span> <span class='ocrx_word' id='word_1_100' title='bbox 814 1481 907 1556; x_wconf 65' lang='lat' dir='ltr'><strong>vos,</strong></span> <span class='ocrx_word' id='word_1_101' title='bbox 930 1493 961 1540; x_wconf 91' lang='lat' dir='ltr'><strong>et</strong></span> <span class='ocrx_word' id='word_1_102' title='bbox 997 1482 1107 1540; x_wconf 81' lang='lat' dir='ltr'><strong>discite</strong></span> <span class='ocrx_word' id='word_1_103' title='bbox 1133 1501 1237 1557; x_wconf 78' lang='lat' dir='ltr'><strong>ame,</strong></span> <span class='ocrx_word' id='word_1_104' title='bbox 1279 1486 1347 1563; x_wconf 83' lang='lat' dir='ltr'><strong>quia</strong></span> 
     </span>
     <span class='ocr_line' id='line_1_13' title="bbox 264 1564 1344 1646; baseline 0 -18"><span class='ocrx_word' id='word_1_105' title='bbox 264 1569 348 1628; x_wconf 89' lang='lat' dir='ltr'><strong>mitis</strong></span> <span class='ocrx_word' id='word_1_106' title='bbox 363 1586 431 1626; x_wconf 88' lang='lat' dir='ltr'><strong>sum</strong></span> <span class='ocrx_word' id='word_1_107' title='bbox 452 1578 484 1624; x_wconf 91' lang='lat' dir='ltr'><strong>et</strong></span> <span class='ocrx_word' id='word_1_108' title='bbox 504 1564 628 1625; x_wconf 89' lang='lat' dir='ltr'><strong>humilis</strong></span> <span class='ocrx_word' id='word_1_109' title='bbox 655 1565 767 1642; x_wconf 88' lang='lat' dir='ltr'><strong>corde,</strong></span> <span class='ocrx_word' id='word_1_110' title='bbox 792 1577 822 1625; x_wconf 89' lang='lat' dir='ltr'><strong>et</strong></span> <span class='ocrx_word' id='word_1_111' title='bbox 844 1567 1002 1626; x_wconf 79' lang='lat' dir='ltr'><strong>invenietis</strong></span> <span class='ocrx_word' id='word_1_112' title='bbox 1025 1567 1164 1646; x_wconf 82' lang='lat' dir='ltr'><strong>requiem</strong></span> <span class='ocrx_word' id='word_1_113' title='bbox 1186 1569 1344 1628; x_wconf 78' lang='lat' dir='ltr'><strong>animabus</strong></span> 
     </span>
     <span class='ocr_line' id='line_1_14' title="bbox 266 1649 1348 1736; baseline -0.001 -24"><span class='ocrx_word' id='word_1_114' title='bbox 266 1652 387 1712; x_wconf 87' lang='lat' dir='ltr'><strong>vestris.</strong></span> <span class='ocrx_word' id='word_1_115' title='bbox 430 1650 556 1710; x_wconf 79' lang='lat' dir='ltr'><strong>Caetera</strong></span> <span class='ocrx_word' id='word_1_116' title='bbox 576 1663 676 1709; x_wconf 89' lang='lat' dir='ltr'><strong>tamen</strong></span> <span class='ocrx_word' id='word_1_117' title='bbox 707 1649 752 1709; x_wconf 90' lang='lat' dir='ltr'><strong>ibi</strong></span> <span class='ocrx_word' id='word_1_118' title='bbox 782 1663 968 1732; x_wconf 81' lang='lat' dir='ltr'><strong>praecepta,</strong></span> <span class='ocrx_word' id='word_1_119' title='bbox 999 1651 1130 1733; x_wconf 83' lang='lat' dir='ltr'><strong>proprie</strong></span> <span class='ocrx_word' id='word_1_120' title='bbox 1153 1651 1238 1713; x_wconf 87' lang='lat' dir='ltr'><strong>sicut</strong></span> <span class='ocrx_word' id='word_1_121' title='bbox 1260 1675 1348 1736; x_wconf 85' lang='lat' dir='ltr'><strong>prae-</strong></span> 
     </span>
     <span class='ocr_line' id='line_1_15' title="bbox 88 1731 1347 1818; baseline 0.006 -29"><span class='ocrx_word' id='word_1_122' title='bbox 88 1743 201 1791; x_wconf 66' lang='lat' dir='ltr'><strong>moneo.</strong></span> <span class='ocrx_word' id='word_1_123' title='bbox 214 1751 237 1789; x_wconf 81' lang='lat' dir='ltr'><strong>a·</strong></span> <span class='ocrx_word' id='word_1_124' title='bbox 269 1748 357 1818; x_wconf 84' lang='lat' dir='ltr'><strong>cepta</strong></span> <span class='ocrx_word' id='word_1_125' title='bbox 370 1747 452 1809; x_wconf 88' lang='lat' dir='ltr'><strong>sunt,</strong></span> <span class='ocrx_word' id='word_1_126' title='bbox 462 1736 526 1793; x_wconf 91' lang='lat' dir='ltr'><strong>sine</strong></span> <span class='ocrx_word' id='word_1_127' title='bbox 541 1733 605 1794; x_wconf 93' lang='lat' dir='ltr'><strong>ulla</strong></span> <span class='ocrx_word' id='word_1_128' title='bbox 618 1732 748 1818; x_wconf 74' lang='lat' dir='ltr'><strong>figurata</strong></span> <span class='ocrx_word' id='word_1_129' title='bbox 760 1731 983 1818; x_wconf 82' lang='lat' dir='ltr'><strong>significatione</strong></span> <span class='ocrx_word' id='word_1_130' title='bbox 994 1734 1204 1795; x_wconf 75' lang='lat' dir='ltr'><strong>observamus</strong></span> <span class='ocrx_word' id='word_1_131' title='bbox 1234 1736 1313 1797; x_wconf 86' lang='lat' dir='ltr'><strong>Nam</strong></span> <span class='ocrx_word' id='word_1_132' title='bbox 1322 1750 1347 1796; x_wconf 88' lang='lat' dir='ltr'><strong>et</strong></span> 
     </span>
     <span class='ocr_line' id='line_1_16' title="bbox 88 1795 1348 1902; baseline 0.001 -22"><span class='ocrx_word' id='word_1_133' title='bbox 88 1795 203 1902; x_wconf 47' lang='lat' dir='ltr'><strong>afflant</strong></span> <span class='ocrx_word' id='word_1_134' title='bbox 220 1804 240 1843; x_wconf 75' lang='lat'><strong>⁵⁹</strong></span> <span class='ocrx_word' id='word_1_135' title='bbox 270 1819 356 1880; x_wconf 91' lang='lat' dir='ltr'><strong>idola</strong></span> <span class='ocrx_word' id='word_1_136' title='bbox 367 1837 430 1878; x_wconf 90' lang='lat' dir='ltr'><strong>non</strong></span> <span class='ocrx_word' id='word_1_137' title='bbox 438 1818 540 1877; x_wconf 90' lang='lat' dir='ltr'><strong>colere</strong></span> <span class='ocrx_word' id='word_1_138' title='bbox 552 1820 709 1878; x_wconf 81' lang='lat' dir='ltr'><strong>manifeste</strong></span> <span class='ocrx_word' id='word_1_139' title='bbox 719 1819 891 1894; x_wconf 87' lang='lat' dir='ltr'><strong>didicimus,</strong></span> <span class='ocrx_word' id='word_1_140' title='bbox 907 1833 937 1879; x_wconf 90' lang='lat' dir='ltr'><strong>et</strong></span> <span class='ocrx_word' id='word_1_141' title='bbox 947 1839 1009 1879; x_wconf 91' lang='lat' dir='ltr'><strong>non</strong></span> <span class='ocrx_word' id='word_1_142' title='bbox 1029 1821 1174 1901; x_wconf 86' lang='lat' dir='ltr'><strong>accipere</strong></span> <span class='ocrx_word' id='word_1_143' title='bbox 1186 1822 1219 1880; x_wconf 90' lang='lat' dir='ltr'><strong>in</strong></span> <span class='ocrx_word' id='word_1_144' title='bbox 1240 1844 1348 1884; x_wconf 85' lang='lat' dir='ltr'><strong>vanum</strong></span> 
     </span>
     <span class='ocr_line' id='line_1_17' title="bbox 270 1902 1348 1986; baseline -0.001 -20"><span class='ocrx_word' id='word_1_145' title='bbox 270 1922 383 1966; x_wconf 89' lang='lat' dir='ltr'><strong>nomen</strong></span> <span class='ocrx_word' id='word_1_146' title='bbox 390 1903 516 1962; x_wconf 90' lang='lat' dir='ltr'><strong>Domini</strong></span> <span class='ocrx_word' id='word_1_147' title='bbox 526 1904 585 1960; x_wconf 91' lang='lat' dir='ltr'><strong>Dei</strong></span> <span class='ocrx_word' id='word_1_148' title='bbox 597 1905 707 1977; x_wconf 89' lang='lat' dir='ltr'><strong>nostri,</strong></span> <span class='ocrx_word' id='word_1_149' title='bbox 717 1916 746 1962; x_wconf 89' lang='lat' dir='ltr'><strong>et</strong></span> <span class='ocrx_word' id='word_1_150' title='bbox 757 1902 914 1964; x_wconf 87' lang='lat' dir='ltr'><strong>honorare</strong></span> <span class='ocrx_word' id='word_1_151' title='bbox 923 1916 1040 1986; x_wconf 88' lang='lat' dir='ltr'><strong>patrem</strong></span> <span class='ocrx_word' id='word_1_152' title='bbox 1049 1917 1078 1963; x_wconf 91' lang='lat' dir='ltr'><strong>et</strong></span> <span class='ocrx_word' id='word_1_153' title='bbox 1092 1918 1232 1981; x_wconf 88' lang='lat' dir='ltr'><strong>matrem,</strong></span> <span class='ocrx_word' id='word_1_154' title='bbox 1244 1922 1277 1968; x_wconf 91' lang='lat' dir='ltr'><strong>et</strong></span> <span class='ocrx_word' id='word_1_155' title='bbox 1290 1928 1348 1965; x_wconf 85' lang='lat' dir='ltr'><strong>non</strong></span> 
     </span>
    </p>

    <p class='ocr_par' dir='ltr' id='par_1_5' title="bbox 272 1985 1351 2063">
     <span class='ocr_line' id='line_1_18' title="bbox 272 1985 1351 2063; baseline 0.001 -14"><span class='ocrx_word' id='word_1_156' title='bbox 272 1985 441 2061; x_wconf 88' lang='lat' dir='ltr'><strong>moechari,</strong></span> <span class='ocrx_word' id='word_1_157' title='bbox 450 1991 514 2044; x_wconf 82' lang='lat' dir='ltr'><strong>no&#39;n</strong></span> <span class='ocrx_word' id='word_1_158' title='bbox 525 1986 679 2060; x_wconf 90' lang='lat' dir='ltr'><strong>occidere,</strong></span> <span class='ocrx_word' id='word_1_159' title='bbox 688 2007 751 2045; x_wconf 92' lang='lat' dir='ltr'><strong>non</strong></span> <span class='ocrx_word' id='word_1_160' title='bbox 764 1987 873 2063; x_wconf 81' lang='lat' dir='ltr'><strong>furari,</strong></span> <span class='ocrx_word' id='word_1_161' title='bbox 882 2010 945 2047; x_wconf 90' lang='lat' dir='ltr'><strong>non</strong></span> <span class='ocrx_word' id='word_1_162' title='bbox 955 1988 1288 2057; x_wconf 82' lang='lat' dir='ltr'><strong>salsumtestimonium</strong></span> <span class='ocrx_word' id='word_1_163' title='bbox 1303 1994 1351 2050; x_wconf 91' lang='lat' dir='ltr'><strong>di·</strong></span> 
     </span>
    </p>

    <p class='ocr_par' dir='ltr' id='par_1_6' title="bbox 271 2070 1352 2167">
     <span class='ocr_line' id='line_1_19' title="bbox 271 2070 1352 2167; baseline 0.002 -36"><span class='ocrx_word' id='word_1_164' title='bbox 271 2092 350 2146; x_wconf 86' lang='lat' dir='ltr'><strong>cere,</strong></span> <span class='ocrx_word' id='word_1_165' title='bbox 373 2090 437 2128; x_wconf 91' lang='lat' dir='ltr'><strong>non</strong></span> <span class='ocrx_word' id='word_1_166' title='bbox 459 2070 680 2167; x_wconf 75' lang='lat' dir='ltr'><strong>concupiscere</strong></span> <span class='ocrx_word' id='word_1_167' title='bbox 705 2088 829 2128; x_wconf 81' lang='lat' dir='ltr'><strong>uxorem</strong></span> <span class='ocrx_word' id='word_1_168' title='bbox 839 2073 1285 2155; x_wconf 84' lang='lat' dir='ltr'><strong>proximi,nonconcupiscere</strong></span> <span class='ocrx_word' id='word_1_169' title='bbox 1301 2075 1352 2133; x_wconf 90' lang='lat' dir='ltr'><strong>ul-</strong></span> 
     </span>
    </p>

    <p class='ocr_par' dir='ltr' id='par_1_7' title="bbox 271 2151 1353 2238">
     <span class='ocr_line' id='line_1_20' title="bbox 271 2151 1353 2238; baseline 0.003 -23"><span class='ocrx_word' id='word_1_170' title='bbox 271 2155 332 2215; x_wconf 89' lang='lat' dir='ltr'><strong>lam</strong></span> <span class='ocrx_word' id='word_1_171' title='bbox 354 2174 417 2212; x_wconf 88' lang='lat' dir='ltr'><strong>rem</strong></span> <span class='ocrx_word' id='word_1_172' title='bbox 439 2153 596 2237; x_wconf 79' lang='lat' dir='ltr'><strong>proximi,</strong></span> <span class='ocrx_word' id='word_1_173' title='bbox 618 2174 682 2212; x_wconf 90' lang='lat' dir='ltr'><strong>non</strong></span> <span class='ocrx_word' id='word_1_174' title='bbox 704 2151 836 2236; x_wconf 83' lang='lat' dir='ltr'><strong>figurate</strong></span> <span class='ocrx_word' id='word_1_175' title='bbox 857 2154 942 2214; x_wconf 86' lang='lat' dir='ltr'><strong>aliud</strong></span> <span class='ocrx_word' id='word_1_176' title='bbox 965 2158 1161 2238; x_wconf 75' lang='lat' dir='ltr'><strong>praetendunt</strong></span> <span class='ocrx_word' id='word_1_177' title='bbox 1185 2170 1216 2217; x_wconf 88' lang='lat' dir='ltr'><strong>et</strong></span> <span class='ocrx_word' id='word_1_178' title='bbox 1236 2162 1353 2234; x_wconf 75' lang='lat' dir='ltr'><strong>mysti-</strong></span> 
     </span>
    </p>

    <p class='ocr_par' dir='ltr' id='par_1_8' title="bbox 272 2235 1350 2325">
     <span class='ocr_line' id='line_1_21' title="bbox 272 2235 1350 2325; baseline 0.002 -27"><span class='ocrx_word' id='word_1_179' title='bbox 272 2260 307 2299; x_wconf 90' lang='lat' dir='ltr'><strong>ce</strong></span> <span class='ocrx_word' id='word_1_180' title='bbox 342 2237 426 2297; x_wconf 90' lang='lat' dir='ltr'><strong>aliud</strong></span> <span class='ocrx_word' id='word_1_181' title='bbox 451 2235 643 2318; x_wconf 78' lang='lat' dir='ltr'><strong>significant,</strong></span> <span class='ocrx_word' id='word_1_182' title='bbox 666 2238 720 2297; x_wconf 88' lang='lat' dir='ltr'><strong>sed</strong></span> <span class='ocrx_word' id='word_1_183' title='bbox 742 2240 786 2297; x_wconf 92' lang='lat' dir='ltr'><strong>sic</strong></span> <span class='ocrx_word' id='word_1_184' title='bbox 810 2238 1034 2325; x_wconf 76' lang='lat' dir='ltr'><strong>pbserrantur,</strong></span> <span class='ocrx_word' id='word_1_185' title='bbox 1057 2254 1095 2302; x_wconf 91' lang='lat' dir='ltr'><strong>ut</strong></span> <span class='ocrx_word' id='word_1_186' title='bbox 1115 2254 1236 2303; x_wconf 75' lang='lat' dir='ltr'><strong>sonant.</strong></span> <span class='ocrx_word' id='word_1_187' title='bbox 1283 2244 1350 2303; x_wconf 87' lang='lat' dir='ltr'><strong>Ob·</strong></span> 
     </span>
    </p>

    <p class='ocr_par' dir='ltr' id='par_1_9' title="bbox 272 2321 1345 2408">
     <span class='ocr_line' id='line_1_22' title="bbox 272 2321 1345 2408; baseline 0.002 -24"><span class='ocrx_word' id='word_1_188' title='bbox 272 2343 394 2385; x_wconf 82' lang='lat' dir='ltr'><strong>servare</strong></span> <span class='ocrx_word' id='word_1_189' title='bbox 429 2335 529 2382; x_wconf 86' lang='lat' dir='ltr'><strong>tamen</strong></span> <span class='ocrx_word' id='word_1_190' title='bbox 561 2322 642 2381; x_wconf 91' lang='lat' dir='ltr'><strong>diem</strong></span> <span class='ocrx_word' id='word_1_191' title='bbox 680 2321 808 2382; x_wconf 88' lang='lat' dir='ltr'><strong>Sabbati</strong></span> <span class='ocrx_word' id='word_1_192' title='bbox 840 2345 903 2384; x_wconf 91' lang='lat' dir='ltr'><strong>non</strong></span> <span class='ocrx_word' id='word_1_193' title='bbox 927 2325 966 2385; x_wconf 90' lang='lat' dir='ltr'><strong>ad</strong></span> <span class='ocrx_word' id='word_1_194' title='bbox 988 2325 1108 2386; x_wconf 80' lang='lat' dir='ltr'><strong>literam</strong></span> <span class='ocrx_word' id='word_1_195' title='bbox 1132 2327 1283 2408; x_wconf 82' lang='lat' dir='ltr'><strong>jubemur</strong></span> <span class='ocrx_word' id='word_1_196' title='bbox 1301 2349 1345 2385; x_wconf 83' lang='lat' dir='ltr'><strong>se-</strong></span> 
     </span>
    </p>

    <p class='ocr_par' dir='ltr' id='par_1_10' title="bbox 273 2405 1342 2490">
     <span class='ocr_line' id='line_1_23' title="bbox 273 2405 1342 2490; baseline -0.002 -21"><span class='ocrx_word' id='word_1_197' title='bbox 273 2406 411 2485; x_wconf 81' lang='lat' dir='ltr'><strong>cundum</strong></span> <span class='ocrx_word' id='word_1_198' title='bbox 432 2411 530 2468; x_wconf 89' lang='lat' dir='ltr'><strong>otium</strong></span> <span class='ocrx_word' id='word_1_199' title='bbox 549 2405 588 2467; x_wconf 90' lang='lat' dir='ltr'><strong>ab</strong></span> <span class='ocrx_word' id='word_1_200' title='bbox 612 2428 707 2489; x_wconf 90' lang='lat' dir='ltr'><strong>opere</strong></span> <span class='ocrx_word' id='word_1_201' title='bbox 727 2407 904 2490; x_wconf 84' lang='lat' dir='ltr'><strong>corporali,</strong></span> <span class='ocrx_word' id='word_1_202' title='bbox 940 2411 1018 2470; x_wconf 90' lang='lat' dir='ltr'><strong>sicut</strong></span> <span class='ocrx_word' id='word_1_203' title='bbox 1042 2409 1213 2473; x_wconf 88' lang='lat' dir='ltr'><strong>observant</strong></span> <span class='ocrx_word' id='word_1_204' title='bbox 1234 2411 1342 2472; x_wconf 77' lang='lat' dir='ltr'><strong>Jndaei:</strong></span> 
     </span>
    </p>

    <p class='ocr_par' dir='ltr' id='par_1_11' title="bbox 211 2489 1350 2663">
     <span class='ocr_line' id='line_1_24' title="bbox 211 2489 1349 2578; baseline -0.001 -24"><span class='ocrx_word' id='word_1_205' title='bbox 211 2563 215 2570; x_wconf 32' lang='grc' dir='ltr'><strong><em>Ι</em></strong></span> <span class='ocrx_word' id='word_1_206' title='bbox 272 2505 304 2554; x_wconf 90' lang='lat' dir='ltr'><strong>et</strong></span> <span class='ocrx_word' id='word_1_207' title='bbox 322 2490 386 2574; x_wconf 86' lang='lat' dir='ltr'><strong>ipsa</strong></span> <span class='ocrx_word' id='word_1_208' title='bbox 396 2511 511 2553; x_wconf 79' lang='lat' dir='ltr'><strong>,eorum</strong></span> <span class='ocrx_word' id='word_1_209' title='bbox 533 2489 730 2568; x_wconf 88' lang='lat' dir='ltr'><strong>observatio,</strong></span> <span class='ocrx_word' id='word_1_210' title='bbox 753 2495 827 2573; x_wconf 90' lang='lat' dir='ltr'><strong>quia</strong></span> <span class='ocrx_word' id='word_1_211' title='bbox 849 2495 889 2553; x_wconf 85' lang='lat' dir='ltr'><strong>ita</strong></span> <span class='ocrx_word' id='word_1_212' title='bbox 936 2508 1078 2578; x_wconf 87' lang='lat' dir='ltr'><strong>raecepta</strong></span> <span class='ocrx_word' id='word_1_213' title='bbox 1103 2507 1171 2573; x_wconf 89' lang='lat' dir='ltr'><strong>est,</strong></span> <span class='ocrx_word' id='word_1_214' title='bbox 1195 2495 1349 2556; x_wconf 85' lang='lat' dir='ltr'><strong>nisialiam</strong></span> 
     </span>
     <span class='ocr_line' id='line_1_25' title="bbox 272 2514 1350 2663; baseline 0.003 -28"><span class='ocrx_word' id='word_1_215' title='bbox 272 2576 427 2659; x_wconf 89' lang='lat' dir='ltr'><strong>quandam</strong></span> <span class='ocrx_word' id='word_1_216' title='bbox 451 2575 621 2658; x_wconf 89' lang='lat' dir='ltr'><strong>spiritalem</strong></span> <span class='ocrx_word' id='word_1_217' title='bbox 655 2579 795 2657; x_wconf 88' lang='lat' dir='ltr'><strong>requiem</strong></span> <span class='ocrx_word' id='word_1_218' title='bbox 826 2514 997 2661; x_wconf 63' lang='lat' dir='ltr'><strong>signidem,</strong></span> <span class='ocrx_word' id='word_1_219' title='bbox 1031 2581 1350 2663; x_wconf 42' lang='lat' dir='ltr'><strong>ridendaejudicatur.</strong></span> 
     </span>
    </p>

    <p class='ocr_par' dir='ltr' id='par_1_12' title="bbox 272 2661 1351 2746">
     <span class='ocr_line' id='line_1_26' title="bbox 272 2661 1351 2746; baseline -0.001 -24"><span class='ocrx_word' id='word_1_220' title='bbox 272 2661 362 2722; x_wconf 90' lang='lat' dir='ltr'><strong>Unde</strong></span> <span class='ocrx_word' id='word_1_221' title='bbox 396 2662 748 2744; x_wconf 34' lang='lat' dir='ltr'><strong>nonsinconvenienter</strong></span> <span class='ocrx_word' id='word_1_222' title='bbox 773 2662 969 2746; x_wconf 79' lang='lat' dir='ltr'><strong>intelligimus</strong></span> <span class='ocrx_word' id='word_1_223' title='bbox 997 2662 1037 2722; x_wconf 88' lang='lat' dir='ltr'><strong>ad</strong></span> <span class='ocrx_word' id='word_1_224' title='bbox 1058 2685 1196 2725; x_wconf 88' lang='lat' dir='ltr'><strong>amorem</strong></span> <span class='ocrx_word' id='word_1_225' title='bbox 1221 2669 1351 2725; x_wconf 84' lang='lat' dir='ltr'><strong>excitan-</strong></span> 
     </span>
    </p>

    <p class='ocr_par' dir='ltr' id='par_1_13' title="bbox 273 2745 1353 2832">
     <span class='ocr_line' id='line_1_27' title="bbox 273 2745 1353 2832; baseline 0.001 -27"><span class='ocrx_word' id='word_1_226' title='bbox 273 2745 370 2823; x_wconf 91' lang='lat' dir='ltr'><strong>dum,</strong></span> <span class='ocrx_word' id='word_1_227' title='bbox 392 2767 455 2826; x_wconf 93' lang='lat' dir='ltr'><strong>quo</strong></span> <span class='ocrx_word' id='word_1_228' title='bbox 474 2745 512 2805; x_wconf 87' lang='lat' dir='ltr'><strong>ad</strong></span> <span class='ocrx_word' id='word_1_229' title='bbox 532 2751 668 2825; x_wconf 89' lang='lat' dir='ltr'><strong>requiem</strong></span> <span class='ocrx_word' id='word_1_230' title='bbox 687 2745 864 2822; x_wconf 87' lang='lat' dir='ltr'><strong>tendimus,</strong></span> <span class='ocrx_word' id='word_1_231' title='bbox 894 2745 995 2807; x_wconf 88' lang='lat' dir='ltr'><strong>valere</strong></span> <span class='ocrx_word' id='word_1_232' title='bbox 1017 2751 1140 2826; x_wconf 90' lang='lat' dir='ltr'><strong>omnia,</strong></span> <span class='ocrx_word' id='word_1_233' title='bbox 1171 2770 1255 2831; x_wconf 84' lang='lat' dir='ltr'><strong>quae</strong></span> <span class='ocrx_word' id='word_1_234' title='bbox 1276 2748 1353 2832; x_wconf 67' lang='lat' dir='ltr'><strong>figo·</strong></span> 
     </span>
    </p>

    <p class='ocr_par' dir='ltr' id='par_1_14' title="bbox 273 2829 1353 2912">
     <span class='ocr_line' id='line_1_28' title="bbox 273 2829 1353 2912; baseline 0 -21"><span class='ocrx_word' id='word_1_235' title='bbox 273 2842 339 2891; x_wconf 90' lang='lat' dir='ltr'><strong>rate</strong></span> <span class='ocrx_word' id='word_1_236' title='bbox 375 2831 421 2888; x_wconf 80' lang='lat' dir='ltr'><strong>in·</strong></span> <span class='ocrx_word' id='word_1_237' title='bbox 441 2830 606 2912; x_wconf 91' lang='lat' dir='ltr'><strong>scripturis</strong></span> <span class='ocrx_word' id='word_1_238' title='bbox 631 2829 799 2906; x_wconf 87' lang='lat' dir='ltr'><strong>dicuntur,</strong></span> <span class='ocrx_word' id='word_1_239' title='bbox 836 2832 1089 2912; x_wconf 87' lang='lat' dir='ltr'><strong>quandoquidem</strong></span> <span class='ocrx_word' id='word_1_240' title='bbox 1109 2854 1176 2894; x_wconf 88' lang='lat' dir='ltr'><strong>non</strong></span> <span class='ocrx_word' id='word_1_241' title='bbox 1200 2833 1303 2894; x_wconf 90' lang='lat' dir='ltr'><strong>solum</strong></span> <span class='ocrx_word' id='word_1_242' title='bbox 1324 2831 1353 2891; x_wconf 83' lang='lat' dir='ltr'><strong>id</strong></span> 
     </span>
    </p>

    <p class='ocr_par' dir='ltr' id='par_1_15' title="bbox 273 2911 1357 2998">
     <span class='ocr_line' id='line_1_29' title="bbox 273 2911 1357 2998; baseline 0.002 -23"><span class='ocrx_word' id='word_1_243' title='bbox 273 2918 306 2976; x_wconf 89' lang='lat' dir='ltr'><strong>iu</strong></span> <span class='ocrx_word' id='word_1_244' title='bbox 341 2912 490 2996; x_wconf 77' lang='lat' dir='ltr'><strong>decalogo</strong></span> <span class='ocrx_word' id='word_1_245' title='bbox 526 2911 656 2995; x_wconf 77' lang='lat' dir='ltr'><strong>figurate</strong></span> <span class='ocrx_word' id='word_1_246' title='bbox 677 2916 891 2997; x_wconf 90' lang='lat' dir='ltr'><strong>praecipitur,</strong></span> <span class='ocrx_word' id='word_1_247' title='bbox 934 2915 990 2976; x_wconf 91' lang='lat' dir='ltr'><strong>nbi</strong></span> <span class='ocrx_word' id='word_1_248' title='bbox 1013 2920 1135 2998; x_wconf 87' lang='lat' dir='ltr'><strong>requies</strong></span> <span class='ocrx_word' id='word_1_249' title='bbox 1157 2919 1357 2980; x_wconf 87' lang='lat' dir='ltr'><strong>commenda·</strong></span> 
     </span>
    </p>
   </div>
   <div class='ocr_carea' id='block_1_5' title="bbox 96 2995 1358 3234">
    <p class='ocr_par' dir='ltr' id='par_1_16' title="bbox 96 2995 1358 3234">
     <span class='ocr_line' id='line_1_30' title="bbox 273 2995 1357 3079; baseline 0.004 -20"><span class='ocrx_word' id='word_1_250' title='bbox 273 3012 349 3074; x_wconf 89' lang='lat' dir='ltr'><strong>tur,</strong></span> <span class='ocrx_word' id='word_1_251' title='bbox 385 3017 463 3078; x_wconf 89' lang='lat' dir='ltr'><strong>quae</strong></span> <span class='ocrx_word' id='word_1_252' title='bbox 485 2995 603 3079; x_wconf 91' lang='lat' dir='ltr'><strong>ubique</strong></span> <span class='ocrx_word' id='word_1_253' title='bbox 626 3010 761 3075; x_wconf 89' lang='lat' dir='ltr'><strong>amatur,</strong></span> <span class='ocrx_word' id='word_1_254' title='bbox 793 2999 901 3058; x_wconf 90' lang='lat' dir='ltr'><strong>sedin</strong></span> <span class='ocrx_word' id='word_1_255' title='bbox 923 3000 993 3062; x_wconf 90' lang='lat' dir='ltr'><strong>solo</strong></span> <span class='ocrx_word' id='word_1_256' title='bbox 1016 3002 1084 3063; x_wconf 89' lang='lat' dir='ltr'><strong>Deo</strong></span> <span class='ocrx_word' id='word_1_257' title='bbox 1106 3016 1193 3065; x_wconf 82' lang='lat' dir='ltr'><strong>certa</strong></span> <span class='ocrx_word' id='word_1_258' title='bbox 1216 3017 1251 3066; x_wconf 89' lang='lat' dir='ltr'><strong>et</strong></span> <span class='ocrx_word' id='word_1_259' title='bbox 1270 3025 1357 3065; x_wconf 87' lang='lat' dir='ltr'><strong>sane·</strong></span> 
     </span>
     <span class='ocr_line' id='line_1_31' title="bbox 274 3084 494 3144; baseline -0.023 0"><span class='ocrx_word' id='word_1_260' title='bbox 274 3095 307 3144; x_wconf 84' lang='lat' dir='ltr'><strong>ta</strong></span> <span class='ocrx_word' id='word_1_261' title='bbox 328 3084 494 3142; x_wconf 90' lang='lat' dir='ltr'><strong>invenitur.</strong></span> 
     </span>
     <span class='ocr_line' id='line_1_32' title="bbox 96 3165 1358 3234; baseline 0.009 -14"><span class='ocrx_word' id='word_1_262' title='bbox 96 3175 283 3234; x_wconf 62' lang='lat' dir='ltr'><strong>nro-dominu</strong></span> <span class='ocrx_word' id='word_1_263' title='bbox 361 3181 390 3234; x_wconf 77' lang='lat'><strong>2.</strong></span> <span class='ocrx_word' id='word_1_264' title='bbox 433 3165 596 3224; x_wconf 85' lang='lat' dir='ltr'><strong>DEINDE</strong></span> <span class='ocrx_word' id='word_1_265' title='bbox 614 3186 645 3225; x_wconf 85' lang='lat' dir='ltr'><strong>c.</strong></span> <span class='ocrx_word' id='word_1_266' title='bbox 670 3177 738 3232; x_wconf 62' lang='grc' dir='ltr'><strong>ηε</strong></span> <span class='ocrx_word' id='word_1_267' title='bbox 770 3165 844 3226; x_wconf 90' lang='lat' dir='ltr'><strong>Dies</strong></span> <span class='ocrx_word' id='word_1_268' title='bbox 881 3179 982 3228; x_wconf 88' lang='lat' dir='ltr'><strong>tamen</strong></span> <span class='ocrx_word' id='word_1_269' title='bbox 1012 3168 1187 3231; x_wconf 84' lang='lat' dir='ltr'><strong>dominicus</strong></span> <span class='ocrx_word' id='word_1_270' title='bbox 1213 3192 1280 3234; x_wconf 92' lang='lat' dir='ltr'><strong>non</strong></span> <span class='ocrx_word' id='word_1_271' title='bbox 1303 3174 1358 3231; x_wconf 81' lang='lat' dir='ltr'><strong>Ju-</strong></span> 
     </span>
    </p>
   </div>
   <div class='ocr_carea' id='block_1_6' title="bbox 98 3228 1355 3331">
    <p class='ocr_par' dir='ltr' id='par_1_17' title="bbox 98 3228 1355 3331">
     <span class='ocr_line' id='line_1_33' title="bbox 98 3228 1355 3331; baseline 0 -15"><span class='ocrx_word' id='word_1_272' title='bbox 98 3228 379 3327; x_wconf 51' lang='lat' dir='ltr'><strong>illlldlllldaeis,</strong></span> <span class='ocrx_word' id='word_1_273' title='bbox 412 3250 464 3309; x_wconf 89' lang='lat' dir='ltr'><strong>sed</strong></span> <span class='ocrx_word' id='word_1_274' title='bbox 487 3249 669 3310; x_wconf 88' lang='lat' dir='ltr'><strong>Christianis</strong></span> <span class='ocrx_word' id='word_1_275' title='bbox 703 3254 931 3312; x_wconf 88' lang='lat' dir='ltr'><strong>resurrectione</strong></span> <span class='ocrx_word' id='word_1_276' title='bbox 952 3254 1079 3327; x_wconf 81' lang='lat' dir='ltr'><strong>Domini</strong></span> <span class='ocrx_word' id='word_1_277' title='bbox 1102 3254 1283 3320; x_wconf 84' lang='lat' dir='ltr'><strong>declaratus</strong></span> <span class='ocrx_word' id='word_1_278' title='bbox 1304 3271 1355 3331; x_wconf 86' lang='lat' dir='ltr'><strong>est,</strong></span> 
     </span>
    </p>
   </div>
   <div class='ocr_carea' id='block_1_7' title="bbox 98 3325 1362 4262">
    <p class='ocr_par' dir='ltr' id='par_1_18' title="bbox 98 3325 1362 4262">
     <span class='ocr_line' id='line_1_34' title="bbox 98 3325 1357 3426; baseline 0.005 -33"><span class='ocrx_word' id='word_1_279' title='bbox 98 3325 253 3417; x_wconf 52' lang='lat' dir='ltr'><strong>ffifflgffi</strong></span> <span class='ocrx_word' id='word_1_280' title='bbox 279 3349 309 3395; x_wconf 94' lang='lat' dir='ltr'><strong>et</strong></span> <span class='ocrx_word' id='word_1_281' title='bbox 329 3336 362 3393; x_wconf 77' lang='lat' dir='ltr'><strong>er</strong></span> <span class='ocrx_word' id='word_1_282' title='bbox 380 3333 434 3394; x_wconf 93' lang='lat' dir='ltr'><strong>illo</strong></span> <span class='ocrx_word' id='word_1_283' title='bbox 456 3333 572 3393; x_wconf 86' lang='lat' dir='ltr'><strong>habere</strong></span> <span class='ocrx_word' id='word_1_284' title='bbox 595 3335 700 3415; x_wconf 87' lang='lat' dir='ltr'><strong>coepit</strong></span> <span class='ocrx_word' id='word_1_285' title='bbox 725 3335 918 3395; x_wconf 87' lang='lat' dir='ltr'><strong>festivitatem</strong></span> <span class='ocrx_word' id='word_1_286' title='bbox 940 3358 1034 3398; x_wconf 87' lang='lat' dir='ltr'><strong>suam.</strong></span> <span class='ocrx_word' id='word_1_287' title='bbox 1085 3338 1217 3402; x_wconf 86' lang='lat' dir='ltr'><strong>Animae</strong></span> <span class='ocrx_word' id='word_1_288' title='bbox 1241 3345 1357 3426; x_wconf 87' lang='lat' dir='ltr'><strong>quippe</strong></span> 
     </span>
     <span class='ocr_line' id='line_1_35' title="bbox 279 3422 1357 3510; baseline 0.006 -31"><span class='ocrx_word' id='word_1_289' title='bbox 279 3422 414 3479; x_wconf 88' lang='lat' dir='ltr'><strong>omnium</strong></span> <span class='ocrx_word' id='word_1_290' title='bbox 436 3430 613 3478; x_wconf 89' lang='lat' dir='ltr'><strong>sanctorum</strong></span> <span class='ocrx_word' id='word_1_291' title='bbox 644 3430 714 3478; x_wconf 90' lang='lat' dir='ltr'><strong>ante</strong></span> <span class='ocrx_word' id='word_1_292' title='bbox 734 3424 990 3481; x_wconf 87' lang='lat' dir='ltr'><strong>resurrectionem</strong></span> <span class='ocrx_word' id='word_1_293' title='bbox 1014 3426 1159 3505; x_wconf 87' lang='lat' dir='ltr'><strong>corporis</strong></span> <span class='ocrx_word' id='word_1_294' title='bbox 1182 3440 1261 3487; x_wconf 88' lang='lat' dir='ltr'><strong>sunt</strong></span> <span class='ocrx_word' id='word_1_295' title='bbox 1290 3429 1357 3510; x_wconf 91' lang='lat' dir='ltr'><strong>qui·</strong></span> 
     </span>
     <span class='ocr_line' id='line_1_36' title="bbox 278 3502 1357 3594; baseline 0.006 -33"><span class='ocrx_word' id='word_1_296' title='bbox 278 3503 347 3563; x_wconf 89' lang='lat' dir='ltr'><strong>dem</strong></span> <span class='ocrx_word' id='word_1_297' title='bbox 381 3505 412 3561; x_wconf 91' lang='lat' dir='ltr'><strong>in</strong></span> <span class='ocrx_word' id='word_1_298' title='bbox 435 3503 562 3584; x_wconf 91' lang='lat' dir='ltr'><strong>requie,</strong></span> <span class='ocrx_word' id='word_1_299' title='bbox 595 3502 649 3561; x_wconf 88' lang='lat' dir='ltr'><strong>sed</strong></span> <span class='ocrx_word' id='word_1_300' title='bbox 672 3504 703 3560; x_wconf 91' lang='lat' dir='ltr'><strong>in</strong></span> <span class='ocrx_word' id='word_1_301' title='bbox 726 3522 759 3561; x_wconf 89' lang='lat' dir='ltr'><strong>ea</strong></span> <span class='ocrx_word' id='word_1_302' title='bbox 781 3525 843 3562; x_wconf 91' lang='lat' dir='ltr'><strong>non</strong></span> <span class='ocrx_word' id='word_1_303' title='bbox 866 3518 938 3566; x_wconf 91' lang='lat' dir='ltr'><strong>sunt</strong></span> <span class='ocrx_word' id='word_1_304' title='bbox 958 3509 1097 3586; x_wconf 88' lang='lat' dir='ltr'><strong>actione,</strong></span> <span class='ocrx_word' id='word_1_305' title='bbox 1134 3529 1199 3590; x_wconf 86' lang='lat' dir='ltr'><strong>qua</strong></span> <span class='ocrx_word' id='word_1_306' title='bbox 1222 3531 1357 3594; x_wconf 84' lang='lat' dir='ltr'><strong>corpora</strong></span> 
     </span>
     <span class='ocr_line' id='line_1_37' title="bbox 279 3585 1355 3675; baseline 0.007 -29"><span class='ocrx_word' id='word_1_307' title='bbox 279 3599 403 3668; x_wconf 84' lang='lat' dir='ltr'><strong>recepta</strong></span> <span class='ocrx_word' id='word_1_308' title='bbox 429 3598 619 3670; x_wconf 80' lang='lat' dir='ltr'><strong>vegetantur.</strong></span> <span class='ocrx_word' id='word_1_309' title='bbox 661 3585 765 3646; x_wconf 87' lang='lat' dir='ltr'><strong>Talem</strong></span> <span class='ocrx_word' id='word_1_310' title='bbox 795 3590 911 3671; x_wconf 88' lang='lat' dir='ltr'><strong>quippe</strong></span> <span class='ocrx_word' id='word_1_311' title='bbox 945 3594 1096 3652; x_wconf 89' lang='lat' dir='ltr'><strong>actionem</strong></span> <span class='ocrx_word' id='word_1_312' title='bbox 1115 3591 1281 3675; x_wconf 78' lang='lat' dir='ltr'><strong>significat</strong></span> <span class='ocrx_word' id='word_1_313' title='bbox 1298 3595 1355 3655; x_wconf 86' lang='lat' dir='ltr'><strong>dies</strong></span> 
     </span>
     <span class='ocr_line' id='line_1_38' title="bbox 279 3673 1357 3761; baseline 0.006 -30"><span class='ocrx_word' id='word_1_314' title='bbox 279 3684 426 3747; x_wconf 88' lang='lat' dir='ltr'><strong>octavus,</strong></span> <span class='ocrx_word' id='word_1_315' title='bbox 458 3676 511 3752; x_wconf 91' lang='lat' dir='ltr'><strong>qui</strong></span> <span class='ocrx_word' id='word_1_316' title='bbox 544 3684 576 3730; x_wconf 92' lang='lat' dir='ltr'><strong>et</strong></span> <span class='ocrx_word' id='word_1_317' title='bbox 592 3673 732 3753; x_wconf 76' lang='lat' dir='ltr'><strong>primus:</strong></span> <span class='ocrx_word' id='word_1_318' title='bbox 771 3674 845 3754; x_wconf 83' lang='lat' dir='ltr'><strong>quia</strong></span> <span class='ocrx_word' id='word_1_319' title='bbox 874 3695 937 3733; x_wconf 92' lang='lat' dir='ltr'><strong>non</strong></span> <span class='ocrx_word' id='word_1_320' title='bbox 967 3677 1070 3737; x_wconf 85' lang='lat' dir='ltr'><strong>aufert</strong></span> <span class='ocrx_word' id='word_1_321' title='bbox 1095 3676 1178 3736; x_wconf 87' lang='lat' dir='ltr'><strong>illam</strong></span> <span class='ocrx_word' id='word_1_322' title='bbox 1208 3683 1357 3761; x_wconf 82' lang='lat' dir='ltr'><strong>requiem,</strong></span> 
     </span>
     <span class='ocr_line' id='line_1_39' title="bbox 279 3754 1357 3842; baseline 0.006 -28"><span class='ocrx_word' id='word_1_323' title='bbox 279 3755 333 3815; x_wconf 89' lang='lat' dir='ltr'><strong>sed</strong></span> <span class='ocrx_word' id='word_1_324' title='bbox 355 3754 519 3839; x_wconf 78' lang='lat' dir='ltr'><strong>glorificat.</strong></span> <span class='ocrx_word' id='word_1_325' title='bbox 563 3755 635 3815; x_wconf 90' lang='lat' dir='ltr'><strong>Non</strong></span> <span class='ocrx_word' id='word_1_326' title='bbox 666 3757 746 3814; x_wconf 90' lang='lat' dir='ltr'><strong>enim</strong></span> <span class='ocrx_word' id='word_1_327' title='bbox 769 3756 850 3816; x_wconf 89' lang='lat' dir='ltr'><strong>redit</strong></span> <span class='ocrx_word' id='word_1_328' title='bbox 874 3779 944 3817; x_wconf 91' lang='lat' dir='ltr'><strong>cum</strong></span> <span class='ocrx_word' id='word_1_329' title='bbox 965 3781 1101 3842; x_wconf 85' lang='lat' dir='ltr'><strong>corpore</strong></span> <span class='ocrx_word' id='word_1_330' title='bbox 1125 3759 1302 3824; x_wconf 80' lang='lat' dir='ltr'><strong>difficultas</strong></span> <span class='ocrx_word' id='word_1_331' title='bbox 1327 3782 1357 3822; x_wconf 79' lang='lat' dir='ltr'><strong>er</strong></span> 
     </span>
     <span class='ocr_line' id='line_1_40' title="bbox 102 3836 1358 3931; baseline 0.006 -34"><span class='ocrx_word' id='word_1_332' title='bbox 102 3836 430 3922; x_wconf 78' lang='lat' dir='ltr'><strong>¹·⁰⁰¹·¹⁵·⁵³·eorpore,</strong></span> <span class='ocrx_word' id='word_1_333' title='bbox 463 3843 536 3921; x_wconf 90' lang='lat' dir='ltr'><strong>quia</strong></span> <span class='ocrx_word' id='word_1_334' title='bbox 567 3838 623 3906; x_wconf 82' lang='lat' dir='ltr'><strong>bec</strong></span> <span class='ocrx_word' id='word_1_335' title='bbox 657 3843 830 3922; x_wconf 87' lang='lat' dir='ltr'><strong>corruptio.</strong></span> <span class='ocrx_word' id='word_1_336' title='bbox 884 3842 1020 3925; x_wconf 90' lang='lat' dir='ltr'><strong>Oportet</strong></span> <span class='ocrx_word' id='word_1_337' title='bbox 1044 3847 1124 3905; x_wconf 89' lang='lat' dir='ltr'><strong>enim</strong></span> <span class='ocrx_word' id='word_1_338' title='bbox 1147 3847 1358 3931; x_wconf 87' lang='lat' dir='ltr'><strong>corruptibile</strong></span> 
     </span>
     <span class='ocr_line' id='line_1_41' title="bbox 277 3924 1360 4007; baseline 0.006 -22"><span class='ocrx_word' id='word_1_339' title='bbox 277 3924 340 3985; x_wconf 92' lang='lat' dir='ltr'><strong>boc</strong></span> <span class='ocrx_word' id='word_1_340' title='bbox 362 3924 448 3982; x_wconf 90' lang='lat' dir='ltr'><strong>indui</strong></span> <span class='ocrx_word' id='word_1_341' title='bbox 475 3926 762 4007; x_wconf 89' lang='lat' dir='ltr'><strong>incorruptionem,</strong></span> <span class='ocrx_word' id='word_1_342' title='bbox 786 3937 816 3984; x_wconf 89' lang='lat' dir='ltr'><strong>et</strong></span> <span class='ocrx_word' id='word_1_343' title='bbox 840 3927 972 3987; x_wconf 84' lang='lat' dir='ltr'><strong>mortale</strong></span> <span class='ocrx_word' id='word_1_344' title='bbox 997 3928 1059 3990; x_wconf 89' lang='lat' dir='ltr'><strong>hoc</strong></span> <span class='ocrx_word' id='word_1_345' title='bbox 1087 3929 1175 3990; x_wconf 91' lang='lat' dir='ltr'><strong>indui</strong></span> <span class='ocrx_word' id='word_1_346' title='bbox 1197 3934 1360 3993; x_wconf 81' lang='lat' dir='ltr'><strong>immorta-</strong></span> 
     </span>
     <span class='ocr_line' id='line_1_42' title="bbox 278 4008 1361 4100; baseline 0.008 -32"><span class='ocrx_word' id='word_1_347' title='bbox 278 4008 402 4068; x_wconf 88' lang='lat' dir='ltr'><strong>litatem.</strong></span> <span class='ocrx_word' id='word_1_348' title='bbox 452 4011 659 4091; x_wconf 85' lang='lat' dir='ltr'><strong>Quapropter</strong></span> <span class='ocrx_word' id='word_1_349' title='bbox 681 4021 751 4067; x_wconf 88' lang='lat' dir='ltr'><strong>ante</strong></span> <span class='ocrx_word' id='word_1_350' title='bbox 777 4014 1035 4072; x_wconf 88' lang='lat' dir='ltr'><strong>resurrectionem</strong></span> <span class='ocrx_word' id='word_1_351' title='bbox 1064 4015 1221 4094; x_wconf 87' lang='lat' dir='ltr'><strong>Domini,</strong></span> <span class='ocrx_word' id='word_1_352' title='bbox 1253 4038 1361 4100; x_wconf 81' lang='lat' dir='ltr'><strong>quam·</strong></span> 
     </span>
     <span class='ocr_line' id='line_1_43' title="bbox 276 4093 1362 4179; baseline 0.012 -29"><span class='ocrx_word' id='word_1_353' title='bbox 276 4094 321 4151; x_wconf 83' lang='lat' dir='ltr'><strong>vis</strong></span> <span class='ocrx_word' id='word_1_354' title='bbox 341 4104 463 4151; x_wconf 90' lang='lat' dir='ltr'><strong>sanctos</strong></span> <span class='ocrx_word' id='word_1_355' title='bbox 488 4094 595 4152; x_wconf 89' lang='lat' dir='ltr'><strong>Patres</strong></span> <span class='ocrx_word' id='word_1_356' title='bbox 619 4093 728 4176; x_wconf 87' lang='lat' dir='ltr'><strong>plenos</strong></span> <span class='ocrx_word' id='word_1_357' title='bbox 752 4095 864 4176; x_wconf 89' lang='lat' dir='ltr'><strong>spiritu</strong></span> <span class='ocrx_word' id='word_1_358' title='bbox 893 4096 1083 4179; x_wconf 89' lang='lat' dir='ltr'><strong>prophetico</strong></span> <span class='ocrx_word' id='word_1_359' title='bbox 1108 4111 1238 4161; x_wconf 84' lang='lat' dir='ltr'><strong>octavae</strong></span> <span class='ocrx_word' id='word_1_360' title='bbox 1259 4123 1362 4163; x_wconf 77' lang='lat' dir='ltr'><strong>saera·</strong></span> 
     </span>
     <span class='ocr_line' id='line_1_44' title="bbox 276 4176 1360 4262; baseline 0.008 -28"><span class='ocrx_word' id='word_1_361' title='bbox 276 4190 412 4236; x_wconf 90' lang='lat' dir='ltr'><strong>mentum</strong></span> <span class='ocrx_word' id='word_1_362' title='bbox 441 4196 634 4258; x_wconf 89' lang='lat' dir='ltr'><strong>nequaquam</strong></span> <span class='ocrx_word' id='word_1_363' title='bbox 661 4176 790 4247; x_wconf 84' lang='lat' dir='ltr'><strong>lateret,</strong></span> <span class='ocrx_word' id='word_1_364' title='bbox 834 4198 898 4257; x_wconf 92' lang='lat' dir='ltr'><strong>quo</strong></span> <span class='ocrx_word' id='word_1_365' title='bbox 928 4179 1121 4262; x_wconf 83' lang='lat' dir='ltr'><strong>significatur</strong></span> <span class='ocrx_word' id='word_1_366' title='bbox 1147 4201 1360 4248; x_wconf 80' lang='lat' dir='ltr'><strong>resurreetio:</strong></span> 
     </span>
    </p>
   </div>
   <div class='ocr_carea' id='block_1_8' title="bbox 275 4259 1364 4348">
    <p class='ocr_par' dir='ltr' id='par_1_19' title="bbox 275 4259 1364 4348">
     <span class='ocr_line' id='line_1_45' title="bbox 275 4259 1364 4348; baseline 0.011 -24"><span class='ocrx_word' id='word_1_367' title='bbox 275 4279 346 4324; x_wconf 82' lang='lat' dir='ltr'><strong>uam</strong></span> <span class='ocrx_word' id='word_1_368' title='bbox 375 4271 406 4323; x_wconf 90' lang='lat' dir='ltr'><strong>et</strong></span> <span class='ocrx_word' id='word_1_369' title='bbox 426 4281 487 4346; x_wconf 86' lang='lat' dir='ltr'><strong>pro</strong></span> <span class='ocrx_word' id='word_1_370' title='bbox 514 4274 624 4325; x_wconf 74' lang='lat' dir='ltr'><strong>ecura</strong></span> <span class='ocrx_word' id='word_1_371' title='bbox 643 4259 784 4326; x_wconf 82' lang='lat' dir='ltr'><strong>Psalmus</strong></span> <span class='ocrx_word' id='word_1_372' title='bbox 805 4262 1010 4348; x_wconf 82' lang='lat' dir='ltr'><strong>inscribitur,</strong></span> <span class='ocrx_word' id='word_1_373' title='bbox 1040 4277 1073 4332; x_wconf 85' lang='lat' dir='ltr'><strong>ct</strong></span> <span class='ocrx_word' id='word_1_374' title='bbox 1089 4278 1203 4333; x_wconf 86' lang='lat' dir='ltr'><strong>octavo</strong></span> <span class='ocrx_word' id='word_1_375' title='bbox 1224 4270 1279 4335; x_wconf 82' lang='lat' dir='ltr'><strong>die</strong></span> <span class='ocrx_word' id='word_1_376' title='bbox 1304 4272 1364 4334; x_wconf 86' lang='lat' dir='ltr'><strong>eir·</strong></span> 
     </span>
    </p>
   </div>
   <div class='ocr_carea' id='block_1_9' title="bbox 84 1360 250 1409">
    <p class='ocr_par' dir='ltr' id='par_1_20' title="bbox 84 1360 250 1409">
     <span class='ocr_line' id='line_1_46' title="bbox 84 1360 250 1409; baseline 0.012 -7"><span class='ocrx_word' id='word_1_377' title='bbox 84 1360 168 1403; x_wconf 69' lang='lat' dir='ltr'><strong>millt-</strong></span> <span class='ocrx_word' id='word_1_378' title='bbox 177 1368 209 1409; x_wconf 81' lang='lat'><strong>¹1,</strong></span> <span class='ocrx_word' id='word_1_379' title='bbox 218 1366 250 1404; x_wconf 73' lang='lat'><strong>28·</strong></span> 
     </span>
    </p>
   </div>
   <div class='ocr_carea' id='block_1_10' title="bbox 0 0 1397 4762">
    <p class='ocr_par' dir='ltr' id='par_1_21' title="bbox 0 0 1397 4762">
     <span class='ocr_line' id='line_1_47' title="bbox 0 0 1397 4762; baseline 0 0"><span class='ocrx_word' id='word_1_380' title='bbox 0 0 1397 4762; x_wconf 95' lang='lat' dir='ltr'><strong> </strong></span> 
     </span>
    </p>
   </div>
  </div>
 </body>
</html>
