2768 4762
437 381 820 453 oncanooo.
1083 371 1163 461 ate

86 568 258 659 exprobrat
278 571 391 635 lectori
412 573 499 653 ejus=
520 575 628 657 etqui
650 574 741 634 ruina
765 571 897 633 laetatur
917 568 1062 648 alterins,
1094 591 1160 632 non

87 681 268 766 impunitus.
316 679 390 742 Non
428 678 538 742 decent
569 680 699 743 stultum
738 679 834 741 verba
865 683 1057 762 composita,
1100 699 1158 741 nce

85 791 256 873 principem
287 787 405 849 labium
433 791 591 851 mentiens.
655 791 720 867 Qui
741 788 820 849 celat
843 787 1011 865 delictum,
1035 789 1159 869 quaerit

84 898 251 985 amicitias:
282 898 336 977 qni
366 894 465 956 altero
487 916 627 957 sermone
659 898 789 979 repetit,
822 908 944 978 separat
966 895 1155 957 foederatos.

82 1001 159 1065 Plus
197 1000 327 1088 prolicit
354 1004 515 1085 correptio
548 1001 632 1086 apud
671 1002 874 1086 prudentem,
908 1024 1000 1083 quam
1032 1015 1157 1067 centum

81 1108 191 1193 plagae
212 1110 297 1194 apud
319 1110 459 1172 stultum.
513 1108 641 1194 Semper
657 1111 763 1194 jurgia
786 1111 910 1195 quaerit
929 1108 1040 1169 malus:
1062 1131 1156 1194 ange-

81 1214 132 1277 lus
154 1217 256 1277 autem
283 1216 418 1278 erudelis
437 1219 579 1278 mittetur
596 1230 706 1278 eontra
726 1237 807 1282 enm.
850 1216 913 1292 Qui
933 1213 1085 1297 justificat
1096 1219 1166 1289 im«.

79 1326 188 1408 pium,
223 1338 254 1386 et
277 1326 332 1409 qui
354 1323 539 1386 condemnat
558 1326 695 1405 justum,
719 1314 935 1385 abominabilis
958 1336 1004 1384 est
1021 1335 1179 1404 uterque,
1263 1350 1266 1355 ·

80 1431 166 1514 apud
188 1432 297 1491 Deum.
342 1431 406 1508 Qui
426 1430 674 1515 uertitlingnnm,
688 1430 803 1492 incidet
815 1432 845 1490 in
857 1428 980 1490 malum.
1023 1431 1155 1489 Munera

79 1537 120 1596 de
148 1539 218 1596 sinu
247 1539 358 1622 impius
385 1541 517 1623 accipit,
539 1551 576 1598 ut
601 1550 758 1623 pervertat
776 1539 896 1599 semitas
917 1535 1041 1617 judicii.
1081 1535 1155 1597 Non

78 1656 128 1703 est
144 1643 282 1722 bonum,
306 1645 449 1707 damnum
468 1645 584 1707 inferre
603 1647 704 1729 justo,
725 1666 781 1708 nec
796 1644 1153 1731 percutereprincipem,

80 1753 137 1831 qui
163 1763 247 1813 reeta
268 1751 399 1835 judicat.

163 1900 216 1965 Et
236 1904 372 1967 xvln.=
407 1905 504 1968 Labia
531 1905 620 1969 stulti
646 1908 826 1969 mireentse
849 1906 945 1984 rixis,
967 1917 998 1968 et
1023 1924 1059 1967 os
1082 1906 1153 1988 ejus
1180 1953 1186 1963 .
1254 1897 1256 1901 ’

75 2007 178 2095 jurgia
203 2023 365 2093 provocat.
423 2011 468 2076 Oa
496 2014 586 2075 stulti
608 2016 758 2075 contritio
778 2014 866 2096 ejus,
901 2025 933 2073 et
951 2011 1034 2075 labia
1055 2017 1153 2101 ipsius

75 2105 167 2185 ruina
192 2118 309 2178 animae
339 2117 419 2200 ejus.
469 2117 576 2182 Verba
607 2118 780 2204 bilinguis,
813 2122 901 2217 quasi
923 2119 1092 2206 simplicia,
1121 2131 1154 2181 et

77 2220 143 2305 ipsa
164 2227 352 2305 perveniunt
368 2246 468 2308 usque
493 2226 534 2288 ad
559 2228 712 2289 interiora
730 2231 857 2290 ventris.

159 2372 208 2432 Et
229 2374 338 2433 XIX.:
368 2375 469 2436 Testis
483 2376 588 2437 labus
616 2399 682 2439 non
706 2382 770 2441 erit
804 2381 997 2464 impunitusr
1031 2394 1064 2444 et
1095 2386 1152 2467 qui
1183 2435 1185 2438 ,

73 2475 235 2538 mendacia
260 2477 421 2561 loquitur,
453 2501 518 2542 non
540 2481 675 2564 effugiet.
785 2484 788 2489 ’
1101 2475 1107 2493 '

158 2628 263 2690 Rom.
285 2632 327 2698 1.=
348 2632 494 2695 Tradidit
512 2631 585 2694 illos
602 2632 688 2695 Dens
712 2634 745 2695 in
765 2633 938 2719 reprobum
957 2656 1088 2715 sensnm,
1112 2632 1157 2699 ut¹

75 2736 192 2799 faciant
222 2758 276 2818 ea,
315 2761 395 2823 quae
423 2761 488 2801 non
519 2742 728 2803 conveniuntr
762 2733 898 2828 repletos
927 2729 1012 2806 omni
1032 2744 1152 2826 iniqui-

72 2855 136 2905 tate
166 2856 241 2916 etc.;
282 2846 393 2930 plenos
421 2847 554 2927 invidia,
587 2847 777 2927 homicidio,
811 2853 1028 2929 contentione,
1062 2850 1151 2929 dolo,

71 2952 285 3035 malignitate,
315 2974 521 3034 susurrones,
558 2955 770 3044 detractores,
811 2958 881 3019 Deo
899 2956 1049 3036 odibiles,
1072 2978 1151 3019 con·

70 3058 254 3120 tumeliosos
274 3072 331 3121 etc.
375 3062 438 3138 Qui
460 3045 531 3123 cum
544 3064 699 3144 justitiam
717 3064 793 3125 DEI
823 3068 1058 3148 cognovissent,
1083 3087 1149 3129 non

71 3167 308 3245 intellexerunt,
329 3170 497 3250 quoniam,
520 3172 576 3250 qui
596 3170 670 3232 talia
693 3183 806 3257 agunt,
829 3170 915 3256 digni
936 3186 1008 3236 sunt
1027 3187 1147 3236 morte:

69 3295 135 3337 non
167 3274 283 3353 solum,
320 3275 374 3356 qui
408 3293 443 3335 ea
473 3275 608 3355 faciunt,
638 3275 695 3340 scd
721 3280 835 3358 etiam,
876 3285 931 3363 qui
951 3283 1149 3373 consentiunt

69 3381 267 3445 facientibus.

153 3512 299 3590 Psalm.
319 3511 377 3575 V.=
401 3510 505 3575 Odisti
524 3532 640 3591 omnes,
659 3516 719 3597 qni
741 3529 914 3601 operantur
938 3521 1146 3602 iniquitatemr

67 3618 189 3702 perdes
204 3640 331 3698 omnes,
369 3621 423 3705 qui
445 3619 622 3701 loquuntur
645 3621 848 3703 mendacium.
891 3625 1000 3686 Virum
1023 3630 1148 3711 sangni-

68 3739 205 3787 nem-et
230 3727 377 3788 dolosum
406 3726 639 3789 abominabitur
668 3731 830 3807 Dominus.
884 3733 1020 3794 Ibidem:
1055 3735 1148 3811 Quo-

68 3833 151 3892 niam
172 3853 237 3895 non
264 3837 363 3897 estin
382 3857 437 3895 ore
457 3856 566 3895 eorum
588 3838 722 3897 veritas:
745 3859 803 3898 cor
829 3860 936 3900 eornm
955 3862 1066 3903 vanum
1091 3854 1145 3903 est.

71 3935 255 4019 Sepulcrum
287 3956 395 4026 patens
430 3954 477 4002 cst
504 3952 612 4025 guttur
650 3917 779 4021 eorum,
813 3944 926 4029 linguis
952 3952 1014 4009 suis
1036 3948 1146 4009 dolose

70 4043 220 4126 agebant,
241 4049 348 4130 judica
373 4049 445 4111 illos
465 4050 559 4108 Deus.
603 4050 757 4113 Decidant
776 4071 794 4112 a
810 4054 1051 4136 cogitationibus
1070 4057 1144 4120 auis.

54 4154 236 4215 'secuudum
273 4156 502 4218 multitudinem
541 4159 732 4238 impietatum
771 4180 878 4222 corum
923 4162 1040 4246 erpelle
1078 4182 1142 4236 eos,

64 4263 212 4341 quoniam
229 4264 430 4326 irritaverunt
451 4277 481 4325 te
502 4264 644 4327 Domine.
