2768 4762
213 374 446 438 TESTIMONIA
465 376 507 434 Ul
524 375 604 433 HOC
622 375 746 433 OPERE
760 368 957 433 clutttwtt.
1012 372 1144 432 xxxvtt

396 653 461 709 ott
495 646 803 713 hueusrttw.

141 822 393 883 mellontos
410 823 496 896 epist.
514 832 560 884 80.
577 820 615 879 ad
628 822 720 895 Aug..
736 827 782 880 25.
806 819 883 876 iuter
898 818 983 892 epist.
999 817 1135 893 August:

67 924 157 989 Omni
177 920 296 998 quidem
312 930 447 992 tempore
459 915 669 973 beatitudiuem
690 927 767 971 tuam
787 935 822 969 eo
842 934 901 989 quo
923 914 1006 970 decet
1023 916 1137 969 honore

67 1029 315 1082 assensuum,
340 1025 370 1071 et
384 1014 562 1069 habitantem
573 1011 603 1066 in
620 1022 648 1067 te
668 1011 754 1067 dilexi
770 1012 924 1068 Dominum
939 1013 1134 1068 salvatorem:

67 1117 106 1170 Et
119 1129 216 1178 nuno,
235 1109 260 1163 si
275 1109 341 1165 hesi
355 1119 473 1183 potest,¹
492 1107 609 1163 cumulo
628 1105 738 1179 aliquid
757 1105 901 1171 addimus,
922 1118 951 1163 et
964 1109 1048 1180 plene
1060 1122 1134 1160 eom-

67 1208 197 1282 plemus‚
216 1214 249 1258 ut
269 1204 378 1279 absque
405 1205 449 1260 tui
470 1201 596 1258 nominis
616 1201 816 1257 mentionsme
837 1219 922 1256 unam
946 1202 1063 1274 quidem
1084 1190 1141 1255 ho-¹

66 1322 131 1361 ram
147 1299 312 1377 praeterire
325 1301 488 1375 patiamur,
510 1298 562 1373 qui
583 1295 799 1353 contrahentes
821 1306 924 1351 sentos
944 1295 1050 1351 ardore
1068 1296 1136 1351 fidei

67 1397 231 1474 perstitisti.
268 1397 363 1454 Macte
382 1397 493 1465 virtuts
514 1393 546 1448 in
565 1392 640 1448 orbe
657 1391 830 1446 celebraris:
859 1390 1000 1445 Catholici
1024 1402 1053 1447 ts
1069 1409 1136 1448 con·

67 1495 193 1551 ditorsm
216 1490 351 1565 antiquas
372 1507 490 1545 rursusn
508 1488 577 1544 lislei
601 1496 779 1544 venerantur
804 1495 890 1557 atque
911 1487 1089 1557 suspiciente
1107 1499 1137 1542 et

67 1589 150 1665 quod
165 1582 279 1660 signum
302 1584 420 1653 majoris
440 1584 554 1658 gloriae
578 1594 642 1650 est,
666 1598 765 1641 omnes
783 1579 924 1634 baeretici
941 1579 1135 1646 detestantur,

68 1697 162 1741 etms
178 1679 245 1751 pari
265 1690 479 1750 prosequuntur
497 1679 584 1746 odio,
610 1690 643 1736 ut
662 1695 737 1752 quos
760 1675 862 1749 gladiis
882 1687 1044 1748 noqueunt,
1066 1687 1153 1731 voto·

71 1773 260 1831 interficiant.
295 1771 466 1826 lucolumem
480 1785 508 1828 et
526 1775 582 1830 mei
597 1790 756 1830 memorem
770 1781 799 1826 te
817 1770 924 1824 Clsristi
942 1773 1060 1828 Domini
1081 1774 1137 1830 ele·

74 1866 185 1924 menti&
202 1872 334 1929 tuemur,
352 1866 474 1921 Domina
486 1871 647 1928 venerande
663 1881 693 1927 et
707 1867 874 1925 beatissime
887 1868 974 1942 Papa.

143 2082 326 2140 PAULINUS
350 2083 450 2158 Epise.
478 2084 546 2141 Nol.
581 2085 610 2139 in
633 2088 716 2161 epist.
739 2099 765 2147 1.
792 2088 830 2143 ad
852 2089 941 2162 Aug„
967 2087 997 2143 in
1018 2086 1135 2161 operib.

67 2183 143 2257 hug.
159 2191 224 2242 ab:
244 2181 353 2250 Oysrs
368 2180 411 2235 sal
431 2191 546 2248 terrae,
569 2192 629 2256 quo
644 2183 814 2257 praecordia
832 2195 948 2250 nostra,
968 2201 1004 2237 ne
1023 2183 1135 2256 possint

68 2276 175 2335 saeculi
193 2292 346 2330 vanescere
360 2294 478 2345 errore,
494 2276 680 2335 condientes.
705 2279 731 2333 0
742 2279 859 2335 lucerua
874 2279 959 2354 digne
971 2296 1056 2352 supra
1070 2294 1134 2332 ean-

69 2374 221 2429 (lelabrum
239 2369 381 2426 Ecclesiae
396 2374 512 2445 posita,
534 2392 611 2449 quae
627 2374 685 2429 late
703 2372 858 2430 Cstholicis
879 2375 1001 2431 urbibus
1018 2373 1054 2430 de
1072 2392 1135 2448 sep·

69 2466 180 2524 tilormi
196 2465 259 2518 lino
274 2475 385 2535 pastum
407 2469 472 2522 oleo
490 2469 618 2525 laetitiae
639 2471 736 2526 lumen
753 2471 921 2537 effundens,
944 2470 1044 2525 densas
1065 2470 1134 2523 licet

67 2562 283 2618 haereticorum
302 2558 437 2633 caligines
455 2562 593 2631 discutis,
617 2575 647 2618 st
666 2564 759 2620 lucem
778 2568 909 2622 veritatis
930 2582 947 2619 a
963 2565 1132 2618 confusione

69 2658 257 2714 tenebrarum
282 2655 438 2729 splendore
461 2659 578 2714 clarifici
600 2661 743 2717 mamonis
760 2663 889 2718 enubilas
907 2671 960 2716 ote.
998 2662 1036 2714 Os
1056 2660 1133 2714 enim

68 2764 150 2808 tuum
164 2751 285 2806 fistulam
302 2767 394 2824 aquae
414 2751 499 2806 viras
513 2765 545 2808 et
559 2772 661 2811 venam
680 2755 771 2811 fontis
795 2757 905 2814 aeterni
926 2756 1032 2811 merito
1055 2755 1132 2808 dixe-

68 2850 143 2914 rim,
163 2848 231 2921 quia
244 2845 310 2901 sons
324 2846 504 2918 vitaeaquae
514 2849 639 2905 salientis
648 2850 678 2905 iu
689 2851 778 2905 vitam
792 2864 936 2909 aeternam
948 2849 1131 2908 CHRISTUS

68 2943 188 2999 effoetus
204 2952 263 3006 ess,
284 2942 363 3010 cujus
380 2938 527 2996 desiderio
549 2943 640 3009 sitivit
655 2946 685 3000 in
698 2955 727 3000 te
742 2946 835 3003 anima
852 2966 930 3016 mea,
951 2959 980 3004 et
998 2945 1130 3001 ubertate

67 3038 110 3093 tui
125 3036 249 3092 fluminis
268 3035 408 3091 inebriari
426 3046 505 3119 terra
521 3055 584 3093 mea
598 3039 773 3112 concupivit.

142 3255 311 3311 SEVERUS
328 3255 410 3327 Sulp.
432 3254 462 3310 in
481 3254 566 3328 epis't.
583 3253 620 3310 ad
637 3254 710 3345 hug.
733 3256 809 3313 inter
828 3257 858 3318 S.
874 3255 947 3332 Aug.
963 3260 1046 3331 epist.
1065 3270 1127 3320 37.:
1209 3318 1214 3324 ,

67 3352 94 3406 0
119 3368 189 3405 vere
211 3349 364 3407 artificiosa
392 3349 455 3423 apis
482 3351 553 3417 Dei,
580 3361 751 3407 construens
772 3353 855 3409 favos
880 3352 981 3409 Divini
1007 3355 1130 3411 nectaris

64 3446 192 3519 plenos,
210 3458 355 3503 manantes
369 3444 609 3532 misericordiam.

133 3639 304 3698 PROSPER
327 3642 423 3715 Epise.
445 3641 582 3716 Rhegion.
600 3642 632 3696 Ιι.
651 3640 703 3696 111.
725 3638 761 3695 de
778 3641 830 3697 rit.
848 3641 1003 3717 contempl.
1024 3659 1050 3696 c.
1063 3652 1126 3704 alm

65 3738 93 3794 S.
108 3736 286 3811 Augustinus
304 3738 464 3810 Episcopus
480 3754 546 3805 acer
560 3735 693 3809 ingenio,
712 3736 807 3792 suavis
819 3739 954 3812 eloquio,
974 3737 1113 3792 saeculari

65 3831 234 3889 literaturae
250 3833 377 3906 peritus,
401 3833 432 3888 in
449 3832 657 3899 Ecclesiasticis
670 3832 821 3899 laboribus
838 3851 993 3898 onerosus,
1014 3833 1043 3888 in
1057 3854 1116 3906 quo

65 3926 182 3981 tidianis
195 3910 440 4001 <lisputationibus
456 3928 566 3995 clarus,
584 3927 615 3981 in
632 3929 710 3983 omni
732 3945 782 3984 sua
802 3928 916 3984 actions
935 3933 1127 4002 compositus,

65 4022 95 4075 in
108 4020 292 4096 expositione
309 4039 359 4078 sua
375 4022 442 4079 fidei
458 4032 575 4080 nostrae
593 4023 772 4090 catholicus,
792 4024 822 4079 in
841 4026 1059 4098 quaestionibus
1078 4029 1126 4083 ab.

64 4117 209 4173 solvendis
227 4128 343 4186 acutus,
364 4118 396 4174 in
415 4118 599 4175 revincendis
617 4120 767 4176 haereticis
781 4120 1022 4193 circumspectus,
1049 4134 1078 4178 et
1096 4124 1126 4180 in

61 4213 238 4287 explicandis
253 4213 406 4291 saripprris
424 4217 697 4287 canonieiscautttt.
