2768 4762
260 381 338 468 aaa
563 391 631 458 nn
666 334 1034 457 clamasses
1092 337 1094 340 ¹

348 589 397 646 10.
442 576 673 640 CONCILIUM
702 577 782 640 Trid
815 576 895 639 Sese.
922 592 977 647 25:
999 582 1031 639 in
1053 576 1168 639 decret.
1192 577 1233 638 de
1254 579 1350 640 invo-

264 674 348 740 cat,
371 674 505 723 venerat.
528 674 560 723 et
585 663 677 745 reliq.
703 663 751 728 Ss.
774 675 805 724 et
828 684 905 724 sacr.
927 666 1037 746 inape
1060 662 1248 724 Sanctorum
1261 685 1348 746 quo-

264 766 327 826 que
351 759 553 825 martyrum,¹
583 761 615 808 et
634 748 769 810 aliorum
799 767 870 808 cum
890 747 1018 809 Christo
1050 749 1216 808 viventium
1239 764 1349 810 sancta

265 852 421 914 corpora,
461 853 541 915 quae
573 834 642 894 riva
671 831 808 893 membra
842 832 972 893 luerunt
1003 832 1119 893 Christi
1142 845 1173 913 et
1193 832 1348 916 templum

268 916 404 999 Spiritus
429 919 543 992 sancti,
578 917 617 977 ab
639 921 708 1001 ipso
744 916 784 978 ad
818 929 972 977 aeternam
1003 920 1096 977 vitam
1119 919 1299 978 suscitanda
1317 932 1347 980 et

268 999 495 1085 glorificanda„
528 1001 661 1063 doceant
687 1003 841 1085 Episcopi
879 1015 910 1062 et
936 1004 1050 1062 caeteri
1078 1000 1212 1085 docendi
1235 1025 1347 1064 munus

269 1089 472 1164 sustinentes,
507 1081 538 1145 a¹
554 1084 701 1149 fidelibus
727 1085 901 1146 veneranda
932 1107 1012 1146 esse:
1042 1079 1100 1169 per
1133 1086 1347 1168 quae'multa

135 1238 141 1250 ,
175 1237 181 1247 ‚
268 1168 419 1231 beneficia
444 1192 462 1231 a
484 1171 553 1231 Deo
576 1171 756 1232 hominibus
778 1182 995 1253 praestantur:
1027 1172 1070 1230 ita
1092 1183 1128 1230 ut
1147 1171 1347 1249 affirmantes,

40 1250 66 1330 ‚'
89 1239 248 1330 ξᾞζῖξζῖξῗῖ
271 1256 456 1316 Sanctorum
485 1254 626 1336 reliquiis
653 1258 881 1315 venerationem
902 1268 995 1337 atque
1021 1254 1182 1316 honorem
1200 1276 1267 1316 non
1293 1257 1348 1318 de·

89 1336 209 1381 ΜΝ·
269 1339 361 1416 beri,
387 1339 437 1400 rel
472 1360 521 1399 eas
541 1342 636 1402 aliare
660 1362 747 1401 sacra
768 1353 965 1401 monumenta
986 1361 1005 1400 a
1024 1337 1169 1400 fidelibus
1192 1342 1348 1402 inutiliter

269 1424 440 1501 honorari,
473 1437 566 1505 atque
597 1447 704 1486 eorum
735 1426 804 1508 opis
822 1424 1032 1507 impetrandae
1055 1444 1147 1484 causa
1168 1438 1346 1487 sanctorum

268 1512 446 1570 memorias
465 1509 584 1570 srustra
622 1510 830 1592 frequentari:
868 1512 995 1571 omniuo
1033 1508 1224 1571 damnandos
1258 1532 1347 1587 csse,

190 1662 195 1668 ,
267 1606 367 1678 prout
386 1595 449 1675 jam
466 1593 593 1676 pridem
608 1616 660 1656 eos
681 1595 856 1671 damnavit,
881 1607 912 1654 et
931 1614 1015 1653 nunc
1035 1596 1126 1654 etiam
1145 1593 1268 1655 damnat
1281 1595 1346 1654 Ec-

268 1679 368 1739 clesia.
411 1678 444 1737 Si
470 1681 540 1759 quis
562 1694 662 1741 autern
682 1679 731 1739 his
746 1678 879 1750 decretis
911 1680 1069 1741 contraria
1091 1677 1253 1756 docuerit,
1287 1692 1344 1740 aut

93 1745 228 1788 ΝΜ
268 1765 419 1838 senserit,
442 1762 600 1823 anathema
631 1766 679 1824 sit

228 1845 232 1853 “
353 1860 381 1915 1.
423 1847 670 1908 BERNARDUS
692 1849 724 1909 in
749 1869 839 1908 serm.
863 1847 902 1908 de
927 1861 956 1917 4.
977 1848 1061 1909 mod.
1090 1846 1217 1909 orandi:
1254 1845 1345 1922 Sunt,

268 1952 348 2014 qnos
375 1930 478 1992 adhuc
504 1936 622 2015 peccati
657 1935 844 1993 couscientia
865 1945 963 1993 terret
978 1945 1010 1994 et
1042 1935 1181 2008 cruciat,
1202 1931 1343 1991 nondum

267 2029 393 2099 accepta
418 2016 579 2076 resistendi
600 2018 731 2092 virtute,
755 2030 831 2078 tunc
864 2018 983 2079 scilieet
1008 2021 1229 2100 cumprimum
1256 2016 1344 2097 ipsos

267 2107 299 2162 in
319 2112 521 2183 peccatorum
548 2121 646 2162 coorto
672 2093 809 2183 jacentes
838 2103 968 2184 spiritus
991 2103 1124 2177 veritatis
1142 2098 1288 2174 irradiat,
1317 2112 1349 2160 et

268 2189 401 2246 excitans
415 2184 605 2269 ,erubescere
637 2187 715 2247 lacit
738 2199 769 2246 et
791 2188 898 2246 timere
919 2187 1041 2259 Deum,
1053 2203 1060 2215 ‘
1072 2185 1142 2247 dum
1158 2182 1268 2243 vident
1286 2205 1349 2243 rm-

267 2273 442 2332 manitatem
474 2272 655 2347 criminum,
685 2273 868 2331 meritorum
886 2273 1103 2353 exiguitatem,
1127 2281 1158 2329 et
1188 2267 1279 2327 velut
1295 2289 1347 2328 ar-

268 2356 392 2416 dentem
423 2374 529 2417 coram
564 2377 596 2416 sc
619 2353 787 2438 gehennam
816 2369 1069 2438 expavescentes,
1092 2353 1240 2437 quoniam
1260 2351 1291 2412 in
1309 2373 1340 2410 sc

149 2482 153 2495 ,
233 2463 236 2468 ·
269 2441 344 2524 ipsis
367 2439 444 2500 boni
465 2440 510 2500 nil
527 2442 703 2517 inveniunt,
726 2439 849 2501 aliunde
871 2439 1120 2523 apprehendunt,
1135 2437 1218 2498 unde
1238 2448 1344 2519 tegan-

93 2526 245 2574 ffl‘lwss·
269 2537 333 2599 tur.
376 2525 487 2585 Sciunt
502 2527 599 2599 enim,
625 2526 712 2606 quod
723 2547 786 2586 non
805 2528 847 2585 sit
867 2538 978 2601 tutum,
994 2527 1026 2584 in
1044 2536 1215 2606 conspectu
1235 2521 1344 2582 Domi-

93 2586 170 2627 ⁸⁸⁸²⁰‘
269 2611 345 2670 mini
372 2610 431 2668 Dei
450 2612 498 2670 sui
521 2631 636 2670 vacuos
659 2630 809 2691 apparere
834 2624 943 2670 contra
974 2608 1048 2693 legis
1066 2618 1287 2692 praeceptum,
1314 2617 1344 2664 et

269 2693 369 2754 multo
390 2696 491 2763 minus
514 2695 546 2755 id
568 2715 761 2777 praesumere
781 2695 879 2776 plenis
906 2707 1043 2755 stercore
1061 2691 1202 2755 manibus
1221 2689 1343 2750 audent.

270 2780 352 2854 Quia
376 2799 450 2862 ergo
478 2782 607 2854 timent,
641 2792 671 2838 et
689 2781 799 2838 rn'erito
820 2780 928 2839 timent
945 2800 1003 2861 per
1028 2799 1061 2839 se
1081 2781 1166 2860 ipsos
1187 2775 1344 2847 accedere,

117 2865 397 2936 ustntmnsmdenr
429 2866 516 2945 quasi
551 2884 607 2947 per
628 2863 706 2923 alios
730 2862 915 2944 supplicare.
959 2862 1032 2924 Tale
1061 2874 1106 2922 cst
1121 2859 1200 2922 illud
1224 2861 1345 2920 oratio·

91 2933 318 3021 liliil‘lliltnis
341 2968 450 3031 genus,
484 2970 547 3029 quo
577 2945 711 3006 solemus
742 2949 805 3020 uti,
836 2947 991 3007 dicentes:
1022 2947 1133 3007 Sancte
1153 2944 1265 3020 Petre,
1290 2963 1344 3004 ora

93 3038 133 3085 οῖ’
154 3037 195 3077 1¹¹⁰
216 3038 332 3118 ¹¹⁰·pro
353 3032 463 3110 nobis,
492 3045 523 3092 et
543 3031 662 3093 similia.
717 3032 846 3090 Maxime
878 3054 952 3092 vero
978 3031 1056 3092 illud
1087 3029 1265 3091 obsecratio
1300 3038 1345 3086 est

91 3076 141 3114 bis:
174 3080 197 3112 et
220 3086 261 3126 per

91 3123 238 3213 fgggss'ffgossn
271 3119 451 3179 manifesta:
486 3117 548 3177 Per
580 3119 754 3199 passionem
782 3129 880 3192 tuam,
912 3116 1011 3176 libera
1031 3137 1088 3177 nos
1120 3114 1280 3189 Domine,
1315 3122 1346 3170 et

90 3235 136 3281 nne
153 3215 392 3281 noniescactera
428 3204 459 3261 in
485 3201 568 3262 hunc
590 3201 727 3284 modum.
780 3202 861 3261 Huic
895 3220 969 3284 crgo
992 3203 1114 3260 minime
1136 3196 1260 3283 expedit
1287 3217 1345 3279 per

91 3274 305 3361 ffffiffissse
326 3290 428 3370 ipsum
450 3286 489 3346 ad
512 3285 671 3346 Christum
695 3285 859 3363 accedere,
881 3287 934 3346 sed
957 3297 1104 3368 tangere,
1132 3304 1157 3344 sr
1180 3300 1275 3363 quam
1296 3283 1345 3338 in·

92 3372 165 3411 ⁸³¹⁸·
273 3376 392 3434 venerit
412 3373 479 3452 ejus
501 3369 670 3447 fimbriam,
692 3369 755 3431 hoc
780 3383 845 3448 est,
868 3391 937 3430 eum
958 3367 1155 3431 considerare
1177 3365 1343 3436 hominem,

272 3476 364 3538 quem
387 3456 585 3517 humiliorem
606 3453 736 3530 viderit,
769 3468 800 3516 et
832 3469 999 3515 extremum
1021 3460 1053 3513 in
1075 3451 1233 3528 Ecclesia,
1265 3470 1344 3531 quac

271 3553 318 3601 est
347 3543 438 3599 vestis
468 3539 605 3602 Christi:
643 3561 713 3600 eum
747 3541 891 3620 inquam,
926 3541 981 3620 qui
1004 3538 1096 3622 elegit
1118 3535 1261 3616 abjectus
1282 3555 1345 3595 esse

269 3626 301 3682 in
332 3623 425 3684 domo
455 3625 537 3703 Dei,
580 3637 709 3709 oportet
731 3623 945 3700 considerare,
980 3625 1127 3705 quoniam
1158 3622 1183 3680 is
1204 3612 1347 3681 rere'est

268 3706 391 3769 fimbria
420 3712 522 3790 posita
561 3711 592 3768 in
625 3730 681 3769 ora
707 3712 901 3786 vestimenti,
936 3707 975 3768 ad
1005 3729 1096 3789 quarn
1118 3707 1227 3787 utique
1248 3705 1346 3786 spiri-

267 3793 360 3854 tualis
392 3795 541 3876 unguenti
577 3793 763 3853 descendens
798 3814 816 3852 a
849 3796 949 3876 capite
978 3795 1069 3876 copia
1103 3803 1171 3853 tota
1191 3789 1345 3849 decurrit.

15 3906 18 3927 ι
92 3878 359 3937 ¹²⁸¹¹¹¹²·¹⁸²⁹¹·llunc
380 3879 405 3937 si
427 3875 585 3939 beneficiis
607 3877 764 3960 aliquibus
786 3898 839 3939 seu
860 3900 952 3960 prece
973 3876 1107 3952 humili,
1142 3888 1196 3935 aut
1217 3872 1347 3935 conses-

179 3980 187 3999 ·
267 3964 354 4021 sione
375 3982 457 4044 pura
477 3965 628 4044 tetigerit,
662 3976 698 4021 ut
726 3961 867 4024 allectum
902 3965 970 4044 ejus
1005 3983 1076 4046 erga
1100 3969 1276 4021 semoveat
1308 3955 1348 4016 ad

267 4046 517 4126 compatiendum
538 4046 621 4124 sibi,
644 4040 756 4108 habeat
778 4044 894 4120 fidem,
930 4060 961 4107 et
989 4049 1053 4108 sine
1075 4044 1273 4106 dubitatione
1296 4061 1350 4101 sa-

266 4128 401 4190 nabitur.
455 4129 540 4190 Illud
572 4143 673 4191 tamen
703 4133 828 4193 noverit
862 4129 1011 4210 fimbria,
1040 4152 1105 4190 non
1126 4151 1145 4190 a
1166 4151 1215 4204 sc,
1253 4125 1349 4187 seda

265 4212 393 4361 appeto
421 4217 526 4277 exiisse
560 4217 723 4292 virtutem,
768 4217 823 4297 qui
852 4227 884 4277 et
915 4220 1001 4300 tangi
1030 4237 1062 4279 se
1095 4225 1292 4299 protestatur
1315 4210 1350 4272 iu

340 4317 396 4361 rra.
