2768 4762
1080 190 1085 199 ,
1111 157 1126 191 Ι

400 386 805 484 oecsuooo.
1043 352 1130 461 aaa

139 596 188 654 5.7
212 575 475 647 NICEPHORUS
494 573 532 640 l..
553 577 631 639 XVI
670 575 742 637 hist.
774 571 862 636 Eccl.
893 593 922 636 o.
952 583 1021 661 πμ·
1052 562 1128 636 'Xe‘

55 670 142 733 naias
165 665 289 749 quidam
306 676 374 725 erat
393 663 613 745 (Philoxenum
622 683 730 748 graeca
743 660 847 745 lingna
863 670 947 735 recte
958 659 1063 739 vocet)
1076 680 1130 742 ge-

56 774 131 815 nere
151 752 266 827 Persa,
288 762 319 810 et
341 749 468 809 fortuna
487 769 607 826 servus,
628 746 815 830 peridoneus
835 759 957 809 satanae
971 749 1129 810 minister:

59 842 115 921 qui
138 835 196 898 sub
218 834 416 896 Calandionis
439 836 641 916 episcopatu,
665 851 761 912 quum
783 829 823 891 ab
844 831 923 893 h‘ero
957 851 1016 894 suo
1049 853 1130 917 pro·

59 923 200 1007 fugisset,
231 920 270 981 ad
291 917 460 980 Ecclesiam
479 918 536 976 Dei
558 919 701 992 accessit,
735 915 882 981 clericum
913 938 944 978 se
962 936 1026 978 esse
1042 917 1131 978 affir-

56 1012 157 1083 mans,
186 1025 281 1088 quum
302 1002 428 1085 quidem
448 1001 586 1062 nondum
611 1002 716 1062 divino
743 1003 985 1083 regenerationis
1005 1001 1130 1065 lavacro

57 1093 198 1152 initiatus
219 1101 305 1150 esset.
350 1082 544 1162 calandion,
566 1084 622 1146 ubi
641 1085 796 1146 hominem
817 1105 903 1162 eum,
936 1099 967 1147 et
987 1086 1131 1148 latentem

59 1178 91 1236 iu
117 1196 154 1235 eo
175 1172 420 1235 malevolentiam
438 1191 473 1230 ex
493 1172 587 1253 signis
602 1182 632 1230 et
644 1169 835 1251 conjecturis
856 1168 1041 1251 quibusdam
1056 1194 1131 1256 cog·
1208 1163 1211 1176 '

56 1262 166 1336 norit,
197 1257 235 1318 ab
265 1256 403 1316 Ecclesia
427 1276 495 1315 eum
520 1256 716 1337 proscripsit.
767 1252 830 1314 Ubi
850 1274 924 1313 vero
947 1254 1131 1316 Calandioui

56 1344 170 1405 Petrus
194 1340 359 1425 Cnapheus
378 1330 547 1416 successit,
582 1339 729 1399 Xenaiam
757 1337 810 1397 ille
839 1358 903 1398 non
927 1337 1027 1398 solutu
1047 1360 1134 1416 recc-

55 1431 125 1512 pit,
150 1448 254 1485 verum
280 1428 370 1485 etiam
399 1424 538 1485 noudum
558 1422 713 1505 baptismo
735 1422 906 1500 initiatum,
927 1424 1045 1482 vicinae
1058 1424 1135 1483 Hie-

58 1512 177 1595 rapolis
203 1514 383 1593 episcopum
406 1510 541 1583 creavit,
568 1520 599 1567 et
623 1506 828 1568 Philoxenum
859 1509 1039 1567 nominavit.
1092 1507 1135 1568 Et
1180 1579 1184 1589 .

57 1598 171 1658 Petrus
201 1597 257 1654 nbi
287 1591 411 1653 tandem
435 1615 467 1654 se
491 1594 702 1674 episcopatum
725 1593 794 1651 viro
822 1590 962 1651 nondum
992 1590 1134 1673 baptiza·
1230 1608 1235 1617 ·

58 1694 94 1741 to
120 1678 276 1738 mandasse
298 1676 462 1754 intellexit,
494 1676 604 1736 dixisse
628 1677 748 1752 sertim,
771 1676 913 1736 sufficere
932 1679 1035 1759 cipro
1052 1674 1134 1758 hap-
1296 1748 1304 1761 .

60 1770 154 1823 tismo
201 1763 493 1822 consecrationem..
542 1761 674 1821 Xenaias
719 1766 776 1823 iste
808 1763 928 1844 primus
967 1763 1003 1840 (o
1035 1759 1132 1820 auda·
1155 1762 1290 1844 mopsien

60 1868 127 1905 cem
162 1848 311 1921 animam,
354 1858 386 1906 et
428 1867 462 1906 os
501 1845 673 1926 impudens)
715 1866 822 1905 vocem
856 1844 940 1905 illam
975 1833 1309 1937 evomuitsssss'ffiffi

60 1930 177 1989 Christi
197 1942 228 1990 et
261 1930 388 2007 eorum,
421 1932 476 2013 qui
506 1928 552 1990 illi
581 1929 745 2014 placuere,
778 1930 921 2013 imagines
943 1928 1225 2023 venerandum
1239 1930 1299 2025 ᾗ

57 2035 122 2073 non
158 2033 231 2074 esse.
283 2015 392 2095 Itaque
425 2016 589 2097 impietatis
618 2014 700 2078 istud
728 2015 915 2098 mancipium
934 2035 1045 2098 magno
1062 2035 1131 2075 cum
1143 1993 1246 2074 ...eall

56 2095 195 2157 tumultu
218 2097 321 2158 multis
339 2096 400 2167 sibi
426 2121 460 2161 ex
484 2100 582 2182 prima
603 2096 753 2174 Syrorum
772 2112 862 2183 gente
883 2100 1002 2175 ascitis,
1025 2111 1056 2160 et
1067 2119 1132 2160 non

57 2185 163 2266 exigua
186 2190 221 2242 eh
238 2182 393 2266 Cynegico
413 2189 476 2245 sive
501 2182 653 2244 Venatico
671 2187 858 2246 monasterio
870 2183 1068 2244 multitudine
1083 2203 1135 2244 as·-

58 2277 196 2350 sumpta,
237 2287 298 2327 una
326 2287 396 2326 cum
420 2271 524 2329 innata
546 2267 606 2327 sibi
630 2267 864 2351 improbitate,
883 2271 915 2328 iu
932 2267 1040 2329 urbem
1058 2288 1133 2351 per-

56 2356 162 2409 uenit:
191 2360 222 2407 et
244 2349 391 2408 Flaviano
417 2354 477 2409 vim
504 2354 661 2413 maximam
690 2355 868 2429 intentavit,
901 2364 937 2412 ut
957 2351 1133 2414 Chalcedo-

59 2452 183 2493 nensem
206 2430 368 2504 synodum
394 2446 424 2491 et
432 2435 544 2492 Leonis
561 2447 678 2492 tomum
691 2435 744 2493 ille
762 2435 951 2495 anathemate
964 2434 1131 2498 damnaret.
1185 2475 1195 2488 κ

147 2529 175 2583 4.
221 2513 461 2575 GREGORIUS
484 2518 519 2577 L.
540 2516 596 2575 lx.
620 2518 778 2598 epistolar.
801 2522 889 2601 epist.
911 2532 939 2588 9.
962 2520 1002 2580 a'd
1026 2521 1131 2581 Seren-

59 2602 152 2661 Mass.
170 2599 265 2680 episc.
280 2641 289 2673 ,
302 2619 387 2681 supr.
410 2598 477 2659 hae.
503 2611 618 2680 quaest.
641 2600 674 2659 B.
881 2667 884 2677 1

144 2698 173 2751 5.
193 2687 196 2695 “
218 2681 447 2746 CONCILIUM
475 2683 562 2744 Trid.
592 2703 662 2743 sess.
685 2698 735 2752 25.
760 2687 792 2743 in
823 2684 938 2746 decret
961 2685 999 2747 de
1021 2689 1132 2766 iuvoc,

58 2780 195 2828 venerat.
212 2780 243 2828 et
262 2766 340 2851 relig
368 2767 415 2828 Ss.
439 2781 470 2829 et
479 2789 559 2831 sacr.
581 2771 688 2851 imag:
714 2771 855 2830 Doceant
874 2773 1017 2855 imagines
1038 2772 1130 2832 Chri.
1141 2777 1282 2868 &¹5:333

60 2856 120 2931 sti,
147 2853 300 2934 Deiparae
328 2854 476 2936 virginis,
509 2868 539 2915 et
567 2853 701 2915 aliorum
729 2868 926 2932 sanctorum,
957 2878 989 2916 m
1008 2857 1130 2940 templis
1141 2877 1309 2924 „numanae

59 2940 241 3021 praesertim
276 2935 433 2998 habendas
469 2952 500 2999 et
521 2939 711 3017 retinendas,
744 2941 849 3020 eisque
873 2940 1011 3002 debitum
1027 2927 1310 3027 hono-2:2¹¹fissdffl'g}

60 3043 125 3082 rem
155 3035 185 3082 et
196 3022 423 3083 venerationem
445 3025 701 3107 impertiendam:
722 3041 786 3085 non
808 3026 896 3107 quod
919 3028 1064 3088 credatur
1080 3022 1269 3086 ἰη-ΜΨ·

59 3127 125 3166 esse
154 3105 258 3187 aliqua
287 3109 318 3165 in
359 3108 396 3167 iis
426 3107 568 3169 divinitas
599 3110 646 3170 sel
667 3112 782 3187 virtus,
806 3123 938 3194 propter
960 3134 1052 3193 quam
1071 3113 1134 3173 sint
1274 3186 1276 3191 ,
1318 3145 1324 3175 ι

58 3190 223 3251 colendae:
260 3190 307 3249 vel
329 3191 415 3271 qnod
446 3191 486 3252 ab
508 3201 550 3253 eis
573 3196 614 3254 sit
634 3192 752 3275 aliquid
770 3197 953 3277 petendum,
975 3196 1023 3256 vel
1045 3195 1134 3279 quod
1184 3258 1188 3264 ,

57 3274 176 3336 fiducia
205 3276 236 3333 in
261 3274 446 3357 imaginibus
468 3281 517 3338 sits
531 3276 674 3360 figenda,
697 3279 791 3338 veluti
814 3278 889 3340 olim
910 3279 1038 3342 fiebata
1059 3302 1135 3365 geu·

54 3359 161 3435 tibus,
190 3379 269 3440 quae
292 3361 324 3418 in
343 3358 437 3421 idolis
459 3382 544 3444 spem
568 3378 653 3423 suam
674 3362 887 3426 collocabautr
907 3365 960 3426 sed
984 3372 1134 3448 quoniam
1220 3403 1226 3417 ·

55 3444 179 3519 honos,
201 3446 256 3525 qui
280 3445 323 3503 eis
347 3443 531 3522 exhibetur,
555 3448 692 3507 refertur
717 3449 755 3508 ad
776 3461 967 3532 prototypa,
988 3471 1069 3532 quae
1091 3451 1132 3511 il·

54 3528 104 3590 lae
128 3539 377 3613 repraesentante
399 3531 441 3591 ita
461 3543 498 3591 ut
514 3551 572 3614 per
591 3533 753 3615 imagines,
783 3553 859 3614 quas
882 3534 1075 3606 osculamur,
1100 3548 1130 3598 et
1164 3523 1298 3584 ΜΨ·

1139 3587 1190 3622 net,
1201 3588 1257 3631 quas
1267 3592 1306 3625 o..

55 3635 164 3676 coram
194 3613 309 3695 quibus
337 3626 431 3695 caput
455 3617 609 3698 aperimus
639 3630 670 3678 et
694 3616 946 3699 procumbimus,
971 3619 1127 3681 Christum
1137 3627 1250 3714 putamur.
1269 3634 1293 3669 ⁶⁸

40 3698 237 3774 ¹adoremus,
270 3712 301 3759 et
321 3697 471 3776 Sanctus,
492 3721 629 3782 quorum
656 3701 728 3761 illae
752 3702 983 3765 similitudinem
1004 3718 1126 3788 gerunt,
1137 3678 1275 3778 Ppggpmup
1278 3690 1306 3720 ⁰⁸

55 3803 246 3843 veneremur.
289 3783 343 3858 ld,
367 3783 454 3866 quod
472 3785 704 3863 Conciliorum,
726 3789 907 3868 praesertim
925 3810 998 3850 vero
1015 3787 1196 3864 secun-,¹:¹2⁹
1207 3776 1289 3866 ,cm

56 3867 113 3928 dae
134 3867 266 3929 Nicenae
291 3867 411 3944 Synodi
440 3868 571 3931 decretis
595 3885 704 3933 contra
732 3873 897 3954 imaginum
927 3874 1305 3965 oppugnato·,',¹,2'’,2},⁸,}2?‘

56 3972 105 4013 res
131 3966 178 4014 est
214 3957 372 4016 sancitum.
427 3952 513 4015 Illud
536 3975 611 4016 aero
635 3955 801 4040 diligenter
823 3956 955 4018 doceant
974 3964 1124 4044 episcopi,
1135 3984 1194 4064 pigre.

54 4056 113 4119 per
145 4037 291 4109 historias
317 4041 535 4114 mysteriorum
564 4053 688 4100 nostrae
720 4041 958 4125 redemptionis,
992 4033 1221 4128 picturismad'e'.¹

51 4119 103 4179 vel
121 4120 188 4184 aliis
206 4123 461 4185 similitudinibus
476 4142 643 4207 expressas.
667 4125 786 4185 erudiri
810 4138 841 4186 et
863 4125 1042 4190 confirmari
1063 4119 1302 4213 po·f,³,⁰,¹¹⁸„¹2¹,⁸,‘2'

47 4203 160 4290 pulum
178 4210 211 4267 iu
228 4207 368 4269 articulis
387 4205 460 4269 fidei
479 4208 773 4286 commemorandis,
794 4223 825 4271 et
842 4212 962 4273 assidue
980 4214 1123 4276 recolen-
1133 4215 1305 4309 ‘132'0‘124‘11

47 4290 116 4355 diss
139 4303 207 4358 tum
226 4313 300 4388 vero
321 4312 358 4357 ex
386 4292 529 4359 omuibus
555 4295 650 4359 sacris
668 4293 853 4383 imaginibus
871 4316 1014 4386 maguum
1034 4276 1146 4361 fruc-⁸
1198 4277 1227 4308 ⁸⁸

1228 4029 1247 4068 2·
1262 4021 1305 4076 dy·

1238 4578 1253 4611 N
