2768 4762
250 366 327 434 lut
485 351 1101 423 DESALUTATI'ONE

246 540 502 629 praeclarissimis
537 537 639 601 tribus
671 537 764 601 bonis
794 536 999 613 sublimetur,
1029 541 1188 607 auscultat
1209 543 1335 611 Saluta-

249 629 346 690 tionis
365 624 542 710 angelicae,
564 621 792 684 benedictionis
819 622 960 701 divinae,
982 636 1014 685 ct
1031 625 1236 708 plenitudinis
1259 655 1333 715 gra-

251 712 322 773 tiae.
364 710 418 771 Sic
448 710 529 769 enixu
562 727 628 768 eam
660 706 777 791 legitur
810 705 972 769 salutasse:
1004 705 1068 768 Ave
1089 713 1209 791 Maria,
1231 720 1334 799 gratia

252 794 364 881 plena,
385 792 550 855 benedicta
572 804 611 853 tu
629 788 887 853 intermulieres.
929 789 1007 851 Cum
1029 792 1123 855 dixit:
1156 797 1230 876 Ave,
1251 800 1336 862 salu·

252 884 403 957 tationem
427 876 473 937 illi
498 873 658 938 caelestem
690 873 842 936 exhibuit.
886 873 962 934 eum
991 877 1090 957 dixit,
1114 885 1212 964 gratia
1230 883 1334 965 plena,

254 962 393 1039 ostendit
428 982 463 1022 ex
498 962 619 1043 integro
659 959 737 1020 iram
770 957 919 1019 exclusam
943 961 1062 1041 primae
1094 969 1280 1044 sententiae,
1304 983 1337 1030 et

254 1047 378 1130 plenam
404 1044 632 1106 benedictionis
648 1044 778 1126 gratiam
796 1043 979 1103 restitutam.
1023 1045 1100 1106 Cum
1124 1049 1218 1110 dixit:
1239 1051 1337 1116 bene-

255 1131 340 1192 dicta
363 1142 400 1193 tn
421 1132 503 1189 inter
524 1126 690 1203 mulieres,
712 1126 898 1209 uirginitatis
926 1127 995 1207 ejus
1021 1129 1220 1194 benedictum
1248 1137 1338 1198 fruc·

256 1228 321 1278 tum
362 1214 528 1298 expressit,
560 1222 597 1271 ut
629 1231 664 1271 ex
686 1232 724 1270 eo
746 1209 910 1271 benedicta
932 1209 1055 1273 dicatur
1076 1223 1157 1276 inter
1178 1218 1334 1298 mulieres,

198 1290 202 1304 ’
256 1316 459 1382 quaecunque
479 1297 722 1380 perseveraverit
741 1296 853 1377 virgo:
885 1292 1047 1358 maledicta
1077 1302 1158 1361 enirn
1176 1303 1241 1364 Eva
1266 1306 1337 1365 fue

213 1451 219 1462 Ι
257 1370 323 1459 rat,
357 1402 448 1465 qnam
480 1400 563 1440 nunc
602 1379 754 1440 credimus
789 1398 847 1460 per
869 1378 999 1439 Mariam
1021 1381 1060 1442 ad
1087 1382 1337 1450 benedictionem

256 1465 375 1551 gloriae
403 1485 559 1526 remeasse.
603 1462 715 1523 Venite
731 1463 870 1545 ¹uirgines
885 1461 926 1522 ad
949 1465 1116 1548 virginem,
1138 1472 1239 1532 venite
1258 1494 1336 1534 con-

192 1616 195 1625 ,
259 1534 409 1634 cipiebtes
427 1548 481 1610 ‘ad
516 1549 763 1630 concipientem,
800 1546 901 1606 venite
926 1552 1134 1629 parturientes
1165 1554 1206 1615 ad
1226 1571 1337 1638 partu·

193 1632 196 1641 ’
258 1637 406 1714 rientem,
427 1636 529 1693 uenite
546 1644 657 1693 matres
690 1630 729 1693 ud
748 1642 893 1706 matrem,
925 1635 1026 1694 venite
1046 1633 1192 1699 lactantes
1211 1641 1251 1699 ad
1272 1641 1337 1702 lac·

258 1731 396 1794 tantem,
418 1719 519 1778 venite
537 1714 722 1798 juvenculae
756 1712 796 1775 ad
813 1714 1018 1795 juvenculam.
1062 1721 1139 1781 ldeo
1160 1745 1264 1784 omnes
1293 1728 1337 1786 is-

259 1815 311 1865 tos
338 1822 448 1864 cussus
482 1814 611 1863 naturae
636 1803 724 1883 virgo
751 1799 851 1858 Maria
883 1799 917 1857 in
932 1799 1070 1864 Domino
1102 1818 1212 1869 nostro
1237 1809 1337 1870 JESU

87 1899 157 1962 usne
169 1885 441 1961 somn-CHRISTO
463 1887 618 1968 suscepit,
638 1897 676 1945 nt
705 1880 850 1943 omnibus
881 1882 920 1941 ad
940 1905 973 1945 se
993 1887 1243 1971 confugientibus
1266 1894 1337 1954 loe·

80 1950 202 2041 libidis:
262 1971 352 2033 minis
375 1970 569 2046 subveniret,
601 1979 633 2030 et
665 1968 710 2028 sic
735 1977 924 2027 restauraret
953 1989 1044 2032 omne
1069 1993 1162 2055 genus
1185 1976 1337 2038 foemina·

263 2046 387 2117 rum'ad
405 2077 438 2116 se
458 2056 661 2128 uenientium,
681 2071 762 2112 nova
782 2050 847 2109 Eva
869 2054 1020 2116 servando
1037 2057 1253 2138 virginitatem,
1274 2062 1336 2122 sic·

263 2152 301 2200 ut
335 2159 425 2201 omne
458 2158 553 2223 genus
582 2139 723 2199 virorum
748 2132 848 2197 Adam
877 2153 979 2203 novus
999 2153 1162 2225 recuperat
1180 2143 1336 2208 Dominus

262 2224 351 2287 lesus
375 2223 526 2286 Christus.
613 2300 617 2305 ι
703 2310 707 2317 ¹

198 2366 200 2370 v
289 2371 638 2537 ⁸⁴⁸&
743 2442 847 2523 XVI.

258 2540 351 2583 κ.
604 2537 629 2555 ..

263 2565 408 2715 Undex
427 2625 496 2711 hic
537 2623 685 2710 modus
731 2625 954 2742 Dciparam
989 2628 1196 2743 virginem
1231 2628 1337 2715 salu·

615 2766 729 2856 tandi
750 2765 996 2883 profluxit?

360 2954 406 3028 Δ.
456 2951 618 3028 Primum
643 2981 688 3028 ex
709 2955 945 3054 Evangelicis
964 2955 1089 3031 verbis
1109 2973 1147 3030 et
1159 2956 1338 3059 exemplis

261 3093 348 3150 nata
382 3094 440 3151 est
469 3078 562 3152 baec
597 3077 798 3162 salutatio,
831 3078 982 3177 wando
1022 3104 1092 3154 uos
1125 3081 1177 3154 ita
1200 3079 1340 3154 docent

262 3197 380 3273 aiilati
406 3198 533 3276 divino
565 3201 700 3302 spiritu
718 3228 871 3302 magnus
896 3202 1051 3277 Gabriel
1066 3204 1338 3302 Archangelum,

99 3313 164 3418 232⁶,
181 3324 203 3365 ¹'
217 3324 242 3364 ²⁸
262 3327 326 3396 ¹et
354 3324 612 3423 praecursoris
643 3324 795 3398 Domini
814 3344 933 3399 mater
960 3343 1090 3401 sancta
1109 3327 1339 3400 Elisabetha.

361 3447 403 3517 B.
454 3445 600 3520 Deinde
641 3445 832 3520 confirmat
868 3446 980 3525 uobis
1014 3452 1113 3525 banc
1152 3449 1339 3524 salutandi

259 3566 456 3642 formulam
484 3594 574 3645 usus
604 3587 642 3644 et
671 3594 876 3645 consensus
901 3572 1102 3648 Ecclesiae·
1117 3591 1336 3675 perpetuus,

88 3323 98 3359 l

84 3377 96 3404 ι

83 3902 95 3932 ⁸
132 3904 146 3934 ⁸
176 3920 181 3931 ⁵
259 3937 372 4012 nobis
391 3936 600 4011 voluerunt.

341 4142 435 4207 Luc
458 4147 484 4208 1·
517 4160 666 4232 utsupra
689 4152 873 4232 quaestione
897 4153 1107 4242 praecedenti.

345 4248 618 4317 Athanasium
643 4255 813 4341 pluresque
831 4261 920 4340 alios,
932 4261 1003 4324 xidc
1015 4273 1132 4344 quaest
1145 4273 1196 4334 w.
1208 4271 1240 4323 ot
1250 4279 1341 4343 seqq.
