2768 4762
446 262 456 296 l

409 363 835 437 uaesanae:
993 322 998 339 ⁶
1067 335 1157 447 aal'·

65 563 227 652 diligentia
256 572 287 625 et
310 579 408 640 cura,
439 557 627 645 venerandas
652 569 683 623 et
704 568 824 621 sanctas
851 555 997 645 imagines
1015 553 1056 620 ad
1074 577 1146 620 mo·

64 653 142 714 dum
163 663 195 711 et
211 649 341 709 formam
363 647 553 707 venerandae
575 641 802 719 etvivificantis
816 647 920 706 crucis
934 662 963 704 ·e
982 641 1144 706 coloribus
1183 705 1184 713 ,

68 751 101 798 et
119 732 263 810 tessellis,
281 744 335 794 aut
357 731 417 793 alia
432 733 540 812 quavis
562 730 689 791 materia
712 729 873 790 commode
890 740 1032 812 paratas,
1056 725 1142 789 dedi·

67 820 197 896 candas,
217 828 249 878 et
269 819 302 878 in
327 813 451 898 templis
471 815 583 876 sanetis
608 812 667 873 Dei
680 812 879 875 collocandas
902 811 1140 894 habendasques

67 918 134 967 tum
160 906 192 964 in
218 903 312 962 sacris
342 920 420 960 vasis
448 912 481 960 et
499 897 654 975 vestibus,
691 909 757 960 turn
786 899 820 957 in
847 896 1018 981 parietibus
1041 908 1074 957 et
1092 909 1144 959 ta·

66 988 174 1065 bulis,
207 1007 240 1046 sn
263 985 392 1046 aedibus
409 985 558 1067 privatis,
586 983 617 1042 in
635 982 692 1044 viis
718 979 868 1060 publiciss
893 984 1019 1043 maxime
1038 993 1141 1043 autern
1221 1028 1229 1055 ,

67 1075 229 1156 imaginem
255 1069 383 1130 Domini
404 1081 434 1128 et
457 1071 514 1135 Dei
537 1069 702 1128 servatoris
719 1066 820 1127 nostri
844 1065 942 1128 JESU
963 1064 1138 1142 CHRISTI,
1171 1104 1177 1125 .

66 1156 179 1218 deinde
207 1157 403 1216 intemeratae
431 1152 582 1212 Dominae
604 1163 731 1212 nostrae
747 1150 918 1234 Deiparae,
945 1148 1140 1212 venerando·

65 1263 137 1303 rum
172 1225 372 1322 angelorum,
405 1246 436 1296 et
467 1237 606 1297 omnium
634 1233 747 1297 deinde
776 1247 955 1296 sanctorum
986 1235 1136 1296 virorum.

65 1327 141 1403 Quo
164 1325 283 1385 scilicet
294 1343 353 1407 per
371 1321 451 1381 hanc
465 1320 631 1404 imaginum
650 1321 802 1401 pictarum
814 1320 1047 1404 inspectionem,
1068 1339 1135 1379 om·
1146 1329 1315 1419 paranetas.

62 1431 135 1487 nes,
170 1411 223 1490 qui
254 1405 523 1489 contemplantur,
558 1403 599 1464 ad
627 1415 874 1489 prototyporum
904 1404 1083 1464 memoriam
1106 1391 1221 1472 etsi-'2¹²
1235 1396 1314 1479 ΜΨ·

62 1493 313 1555 recordationem
338 1503 369 1551 et
390 1489 574 1550 desiderium
598 1486 744 1566 veniant,
774 1487 897 1570 illisque
920 1486 1137 1550 salutationem

63 1591 97 1640 et
120 1578 321 1638 honorariam
335 1575 548 1635 adorationem
564 1570 745 1650 exhibeant,
764 1590 829 1632 non
854 1570 1023 1635 secundnm
1041 1569 1136 1635 fidem
1235 1576 1244 1585 ”

62 1674 224 1737 nostram,
246 1679 348 1719 veram
372 1658 509 1733 latriam,
538 1676 619 1739 qnae
636 1657 737 1718 solum
753 1655 874 1718 divinae
896 1668 1025 1719 naturae
1049 1659 1314 1753 00m·,9,¹{,⁵,¹,¹’,·”2‡

61 1748 159 1829 petit:
201 1743 254 1804 sed
283 1741 543 1825 quemadmodum
567 1752 645 1825 typo
677 1740 868 1802 venerandae
899 1753 932 1802 et
951 1724 1254 1804 vivificantnsasal'
1307 1760 1311 1769 ¹

63 1830 189 1902 erucis,
217 1838 249 1888 et
262 1829 390 1888 xsanctis
409 1825 591 1909 evangeliis,
624 1836 656 1886 et
677 1824 807 1908 reliquis
838 1827 934 1886 sacris
964 1816 1154 1889 oblationi-⁶
1234 1829 1237 1835 ’

60 1912 125 1972 bus
151 1911 327 1973 suffusorum
352 1923 383 1971 et
405 1910 601 1971 luminarium
620 1921 797 1977 reverenter
816 1908 1010 1988 accedimns,
1027 1931 1135 1993 quem·
1342 1980 1345 1990 ,

59 1995 228 2056 admodum
246 1993 404 2055 veteribus
423 1996 474 2078 pie
496 1995 529 2067 in
547 1992 803 2055 consuetudinem
816 1990 1062 2061 hocadductum
1077 2008 1134 2060 est.
1235 2022 1239 2029 ¹

58 2081 204 2163 Imaginis
234 2080 314 2140 enim
331 2078 438 2140 bonor
463 2078 497 2137 in
518 2088 727 2161 prototypum
752 2073 895 2140 resultat:
924 2091 957 2140 at
983 2080 1039 2162 qni
1061 2080 1142 2155 ado-

61 2176 111 2225 rat
138 2166 315 2248 imaginem,
348 2164 380 2223 in
408 2182 443 2224 ea
472 2161 584 2224 adorat
600 2182 731 2245 quoqne
754 2159 949 2247 descriptum
975 2184 1141 2249 argumen-

61 2259 138 2309 tum.
181 2249 233 2307 Sic
258 2249 338 2308 enim
358 2261 738 2308 sanctornmmostrorurn
760 2257 885 2332 patrum
904 2246 1027 2310 obtinet
1041 2247 1140 2312 disci·

60 2333 169 2415 plina,
201 2330 249 2390 vel
266 2330 395 2390 traditio
416 2329 594 2390 Catholicae
614 2331 792 2406 Ecclesiae,
811 2351 890 2413 quae
911 2351 928 2393 a
946 2329 1062 2394 linibus
1083 2355 1141 2396 us·

60 2437 125 2496 que
141 2414 180 2473 ad
198 2411 275 2471 lines
296 2411 496 2493 Evangelium
526 2415 670 2494 suscepit
711 2411 815 2474 Panlo
836 2434 912 2498 ergo
931 2415 975 2475 sic
995 2418 1028 2476 in
1043 2414 1137 2478 Chri·

62 2512 114 2557 sto
136 2495 299 2577 loquenti,
328 2497 473 2575 omnique
495 2494 670 2577 apostolico
691 2498 797 2556 coetui
827 2504 858 2558 et
880 2497 1023 2580 patribus
1046 2520 1138 2562 sanc-

59 2584 103 2642 tis
124 2580 206 2640 idem
227 2577 429 2640 sentientibus
453 2577 655 2654 inhaerentes,
677 2597 831 2639 servamus
851 2573 1045 2660 traditiones,
1060 2604 1137 2666 quas

59 2657 260 2748 suscepimus.
304 2662 347 2723 Et
365 2661 596 2744 subscriptione
613 2660 717 2740 facta,
743 2675 848 2724 sancta
873 2662 1019 2740 Synodus
1036 2666 1139 2728 excla-

59 2751 171 2847 sperit:
196 2748 309 2810 Omnes
324 2749 368 2808 sic
393 2747 568 2818 credamus,
595 2766 701 2808 omnes
717 2746 798 2808 idem
827 2751 1001 2833 sapuimus,
1013 2820 1017 2825 .
1030 2771 1135 2818 omnes

59 2832 271 2917 approbantes
301 2832 551 2915 subscripsimus.
605 2832 688 2892 Haec
720 2844 767 2893 est
799 2828 875 2897 fides
895 2832 1133 2917 Apostolorum,
1145 2843 1272 2935 ,nespas
1286 2847 1311 2888 t-

57 2917 136 2979 haec
157 2931 202 2978 est
221 2914 297 2977 fides
326 2915 604 2992 Orthodoxorum,
633 2916 710 2977 haer
740 2912 817 2978 fides
855 2918 962 2980 orbem
980 2931 1134 2981 terrarum
1143 2906 1220 2983 adina
1231 2902 1333 2986 libb

59 2999 277 3066 confirmavit·
296 2992 475 3061 'credentes
496 3003 529 3062 in
548 3021 644 3063 unum
660 3002 776 3080 Deum,
805 3002 838 3063 in
855 3003 1007 3065 Trinitate
1023 2988 1306 3066 landa-“⁰³⁰¹0m·

56 3100 147 3164 tum,
172 3085 359 3153 venerandas
382 3086 526 3168 imagines
548 3084 765 3170 amplexamur.
1202 3162 1207 3172 Ι

144 3184 172 3236 2.
218 3166 386 3231 OCTAVA
407 3169 524 3246 Synod.
548 3183 628 3254 gent.
653 3170 812 3233 Constant.
835 3191 901 3232 can.
923 3182 975 3240 aa
1009 3172 1140 3236 Sacram

57 3255 221 3338 imaginem
241 3254 370 3314 Domini
392 3256 494 3316 nostri
514 3254 611 3314 JESU
635 3254 798 3317 CHRISTI
819 3268 851 3317 et
878 3256 1138 3320 omniumsalva·

58 3342 160 3416 toris,
191 3357 291 3419 aequo
325 3337 447 3400 honore
478 3358 549 3398 cum
578 3337 662 3398 libro
695 3353 873 3401 sanctorum
895 3339 1137 3425 Evangeliorum
1207 3358 1211 3365 '

57 3424 185 3485 adorari
215 3423 417 3484 decernimus.
466 3422 556 3484 Sicut
587 3425 666 3481 enim
698 3445 757 3508 per
789 3423 978 3501 syllabarum
1000 3424 1134 3509 eloquia,

59 3529 140 3591 quae
161 3509 194 3567 in
215 3505 302 3567 libro
324 3507 500 3584 feruntur,‘
522 3504 652 3567 salutem
674 3520 909 3591 consequuntur
925 3530 1057 3571 omnes:
1091 3512 1134 3573 ita

58 3614 116 3676 per
138 3592 281 3655 colorum
311 3593 519 3675 imaginariam
550 3592 764 3676 operationem
785 3605 816 3654 et
832 3596 984 3677 sapientes
999 3606 1030 3655 et
1050 3593 1136 3656 idio-

59 3690 107 3738 tae
129 3679 256 3753 cuncti,
279 3697 314 3736 ex
336 3697 392 3751 eo,
416 3676 502 3758 qnod
528 3678 558 3735 in
605 3689 731 3760 romptu
756 3689 820 3755 est,
844 3677 1053 3748 perfruuntur
1071 3681 1134 3740 uti·

58 3760 154 3822 litate.
208 3761 296 3837 Quae
331 3762 411 3821 enim
443 3763 475 3820 in
504 3697 630 3836 syllabis
657 3783 780 3840 sermo,
815 3760 891 3822 baec
913 3775 944 3823 et
965 3764 1132 3846 scriptura,

58 3865 136 3925 qnae
163 3848 194 3905 in
227 3844 412 3922 coloribus,
443 3844 604 3929 praedicat
633 3857 664 3906 et
684 3844 886 3907 commendat.
928 3846 1064 3930 Dignum
1086 3856 1257 3912 rathum·
1272 3862 1335 3900 v···

59 3931 160 4005 enim,
184 3942 221 3990 ut
240 3929 408 3991 secundum
430 3942 665 4012 congruentiam
688 3932 822 4003 rationis,
836 3942 868 3992 et
888 3932 1132 4013 antiquissimam
1141 3907 1268 3950 namtas.

58 4013 280 4090 traditionem,
313 4026 448 4098 propter
485 4014 654 4091 honorem,
688 4013 821 4098 quia-ad
842 4014 1029 4100 principalia
1064 4018 1132 4079 i'sa

54 4097 210 4177 refertur,
243 4099 332 4158 etiam
362 4098 548 4160 derivativae
582 4101 726 4183 imagines
747 4098 970 4180 honorentur,
1000 4111 1032 4161 et
1053 4039 1133 4164 ado·

53 4193 182 4262 rentur,
213 4195 251 4244 nt
270 4197 450 4245 sanctornm
477 4183 706 4272 evangeliorum
727 4203 814 4247 sacer
835 4183 934 4264 liber,
965 4197 1061 4268 atque
1080 4197 1134 4264 ty-

48 4287 113 4353 pus
129 4269 288 4354 pretiosae
303 4269 424 4345 crucis.
1016 4296 1018 4301 ·

870 4354 1006 4432 al'
