2768 4762
252 393 333 473 420
503 364 1062 451 nn'rrenerrrrs

255 580 340 643 Patr.
363 595 447 640 eone.
466 572 585 635 stum
614 571 783 654 Diligenter
795 582 825 628 et
845 590 981 650 congrue
1000 565 1187 649 Apostolico
1205 560 1343 621 consuli·

105 675 236 739 toltit-«¹⁰
257 666 308 724 tis.
320 661 448 739 honori,
468 653 581 719 honori
598 659 722 738 inquam
740 654 837 731 illius,
858 675 950 735 quem
961 663 1071 736 preter
1091 649 1163 724 illa,
1179 668 1255 729 que
1276 657 1341 707 suut

82 727 245 820 iiiiffll'.
258 750 461 823 extrinsecus,
495 741 659 803 solicitudo
691 751 792 802 manet
817 740 952 799 omnium
979 735 1216 808 Ecclesiae-um,
1254 752 1341 814 snper

82 826 246 917 ’ζῗξξῇξῖοξῇ
259 833 351 894 anxiis
370 828 463 890 rebus
484 849 551 909 quae
566 828 606 886 sit
618 825 749 886 tenenda
763 826 924 882 sententia:
945 824 1075 902 antiquae
1091 818 1218 878 seilicet
1234 816 1340 900 regule

82 891 135 985 νηῒ
150 900 232 1012 ffici'
259 917 388 978 formam
416 914 557 993 sequutI,
586 930 678 992 quam
703 920 770 970 toto
793 927 912 989 semper
935 907 974 967 ab
995 905 1072 966 orbe
1094 922 1226 963 meeum
1250 903 1338 963 nostis

60 973 179 1050 ‘assion
211 983 230 1013 ⁸⁹
260 1024 325 1063 esse
350 1009 506 1067 servatam.
555 994 672 1055 Verum
702 995 767 1055 haee
790 995 880 1052 missa
907 991 1004 1052 facio:
1032 1010 1135 1070 neque
1170 989 1257 1047 euim
1286 985 1338 1045 boe

259 1096 389 1146 vestram
406 1081 499 1141 eredo
519 1079 612 1140 lutere
633 1080 834 1163 prudentiam.
878 1076 963 1152 Quid
983 1077 1072 1135 etiam
1092 1074 1224 1133 actione
1242 1069 1337 1132 lirma·

84 1189 248 1250 tantumo-
260 1173 330 1244 stis,
354 1169 411 1226 nisi
434 1167 578 1241 seientes,
601 1164 686 1244 quod
705 1184 761 1246 per
778 1183 880 1221 omnes
899 1161 1071 1242 provincius
1095 1157 1137 1216 de
1162 1156 1333 1240 Apostolico

83 1237 247 1293 ²³¹'l“‘¹⁰¹⁰⁸¹'
261 1256 345 1315 sonte
366 1249 541 1334 petentibus
566 1268 711 1330 respousa
733 1267 851 1328 semper
876 1244 1040 1307 emanentl
1069 1245 1251 1325 pracsertim
1267 1262 1333 1323 quo·

260 1341 317 1399 ties
338 1333 410 1395 lidei
429 1336 506 1392 ratio
525 1334 703 1407 ventilatur,
726 1331 858 1391 arbitror
876 1351 978 1390 omnes
998 1330 1109 1388 fratres
1133 1338 1167 1385 et
1187 1329 1337 1409 coepisco·

260 1444 317 1508 pos
332 1431 467 1493 nostros,
489 1439 550 1477 nou
574 1419 631 1476 nisi
649 1416 697 1480 „ad
713 1416 858 1491 Petrum,
880 1416 913 1474 id
932 1427 993 1491 est,
1013 1413 1062 1472 sui
1081 1413 1220 1470 nominis
1239 1422 1270 1471 et
1286 1409 1336 1469 bo-

260 1507 343 1568 noris
371 1515 547 1578 auctorem,
581 1500 695 1562 relerre
726 1501 853 1577 debere,
885 1499 968 1559 velut
994 1517 1078 1558 nunc
1106 1496 1222 1556 retulit
1248 1508 1338 1554 vestra

263 1590 404 1661 dilectio,
439 1588 523 1668 quod
544 1608 600 1669 per
621 1598 720 1645 totum
741 1585 889 1647 mundum
908 1585 1005 1668 possit
1026 1580 1178 1642 omnibus
1199 1580 1337 1640 Ecclesia

262 1677 293 1735 in
317 1693 475 1733 commuue
495 1672 650 1754 prodesse.

347 1793 375 1848 3.
398 1777 659 1839 AUGUSTINUS
682 1803 728 1863 ep.
751 1791 821 1847 165.
843 1777 882 1840 ad
903 1777 1066 1839 Genetos:
1088 1770 1124 1834 si
1147 1771 1230 1834 ordo
1252 1773 1334 1859 Epit-

264 1884 429 1949 coporum,
454 1874 510 1921 etc.
534 1875 568 1921 ut
591 1884 656 1946 sup.
681 1865 723 1923 lit.
746 1862 780 1924 B.
805 1879 834 1931 5.

146 1992 166 2018 n
245 2000 253 2012 ·
349 1983 378 2038 9.
409 1968 641 2028 CYPRIANUS
671 1971 706 2028 L.
728 1970 752 2030 I.
775 1994 821 2055 ep.
843 1984 873 2039 5.
902 1967 942 2030 ad
964 1964 1084 2029 Cornel
1112 1967 1200 2027 Rom.
1228 1965 1341 2025 Ponte

88 2029 146 2067 tillci
150 2040 228 2067 tttttt
442 2054 447 2065 .
542 2054 548 2064 .

88 2083 191 2129 rumpis·
201 2077 254 2114 tue·
265 2056 372 2135 Neque
402 2072 480 2110 curm
511 2052 632 2112 abunde
664 2053 792 2113 baereses
821 2054 938 2113 obortae
964 2063 1060 2131 sunt,
1085 2063 1137 2111 aut
1162 2060 1233 2109 nata
1264 2057 1342 2107 sunt

90 2131 241 2219 {amum
267 2138 448 2213 schismata,
480 2156 570 2216 quam
592 2135 682 2212 iude,
705 2138 790 2218 quod
813 2138 964 2198 sacerdoti
983 2138 1044 2197 Dei
1062 2155 1118 2197 non
1138 2132 1341 2214 obtempera·

90 2232 160 2262 ‘²²⁸⁸
176 2227 220 2261 ²⁸⁸·
266 2237 337 2298 tur,
360 2241 416 2279 nec
441 2239 519 2277 uuus
545 2220 576 2278 in
599 2220 737 2282 Ecclesia
759 2219 798 2283 ad
819 2235 938 2307 tempus
961 2220 1119 2296 sacerdos,
1144 2229 1178 2285 et
1197 2216 1240 2278 ad
1257 2228 1339 2276 tem·

262 2324 321 2393 pus
343 2304 439 2386 judex
467 2304 532 2363 vice
552 2304 716 2367 CHRISTI
739 2309 911 2391 cogitatur:
935 2307 984 2366 cui
1005 2307 1031 2365 si
1055 2302 1227 2367 secundnm
1246 2301 1332 2383 map·

264 2391 355 2452 steria
377 2388 478 2448 divina
500 2386 726 2472 obtemperaret
745 2391 918 2452 fraternitas
939 2393 1098 2467 universa,
1121 2409 1214 2450 nemo
1237 2385 1329 2447 adrer-

265 2496 332 2536 sum
361 2474 555 2533 sacerdotum
587 2474 748 2558 collegium
779 2477 945 2558 quidquam
973 2487 1134 2535 morerete
1164 2492 1256 2533 nemo
1274 2478 1338 2553 post

266 2560 401 2621 divinum
424 2557 593 2638 judicium,
615 2571 686 2641 post
705 2561 811 2649 poppli
833 2560 1024 2644 suffragium,
1047 2569 1121 2642 post
1145 2560 1339 2642 coepiscopo-

267 2664 335 2705 rum
358 2662 551 2720 conscnsum,
573 2644 708 2723 judicem
730 2666 762 2704 sc
782 2647 845 2726 jam
868 2667 927 2703 nou
951 2645 977 2703 Ε
1000 2644 1116 2727 iscopi,
1143 2642 1201 2704 sed
1223 2642 1282 2701 Dei
1298 2638 1339 2699 la·

267 2740 367 2789 ccret:
388 2747 476 2785 nemo
499 2726 627 2786 discidio
650 2731 772 2787 unitatis
796 2729 958 2788 CHRISTI
978 2668 1155 2788 EcclesIam
1176 2725 1339 2787 scinderet:

266 2833 355 2874 nenio
376 2810 435 2871 sibi
459 2809 579 2894 placens
601 2833 636 2870 ac
658 2824 796 2889 tumens,
820 2835 955 2873 scorsum
978 2813 1053 2873 foris
1074 2812 1223 2874 lraercsim
1244 2829 1339 2871 noran

268 2897 421 2958 conderet.
465 2895 506 2953 Et
534 2898 638 2977 paucis
669 2898 873 2979 interpositis:
910 2896 1073 2957 CHRISTI
1096 2897 1340 2957 adversarinset

267 2982 411 3043 Ecclesiae
442 2979 509 3060 ejus
541 2982 694 3057 inimicus,
725 2983 764 3041 ad
795 2979 856 3041 boc
886 2981 1029 3043 Ecclesiae
1061 2983 1272 3065 praepositnm
1297 2997 1341 3037 sut

267 3065 460 3127 infestatione
491 3067 702 3146 persequitur,
738 3077 790 3141 ut,
813 3066 1017 3149 gubernatore
1038 3066 1186 3141 sublato,
1220 3065 1342 3127 {bucin

267 3164 359 3233 atque
381 3148 540 3208 violentius
564 3151 645 3209 circa
666 3148 810 3210 Ecclesiae
832 3151 991 3235 naufragia
1014 3164 1183 3235 grassetur.
1218 3149 1343 3211 Ibidem:

90 3247 153 3289 Petri
173 3245 256 3287 cnue·
266 3236 343 3295 Post
364 3235 421 3292 ista
450 3230 551 3292 adbuc
577 3235 702 3318 insuper
721 3234 872 3294 Pscudo-
885 3238 1027 3320 episeopo
1054 3234 1114 3296 sibi
1136 3232 1182 3296 ab
1203 3232 1344 3296 haretici

91 3298 132 3336 dra
142 3302 163 3335 ct
173 3295 255 3336 Eccle·

92 3348 126 3403 alu
143 3346 256 3397 princip..
268 3319 453 3391 constituto,
488 3319 629 3400 navigare
657 3318 789 3395 audent,
825 3331 855 3380 et
883 3320 922 3380 ad
942 3319 1027 3381 Petri
1050 3318 1246 3381 Catbedram
1267 3330 1346 3400 atque

91 3395 157 3481 ἕξω,
174 3455 198 3487 ¹,
213 3450 233 3485 Β,
268 3403 308 3463 ad
330 3400 497 3460 Ecclesiam
519 3403 736 3487 principalem,
770 3404 853 3464 unde
883 3406 982 3465 unitas
1017 3403 1225 3466 sacerdotalis
1256 3413 1345 3466 exorta

91 3490 330 3589 proph-est,
365 3483 603 3546 ascbismaticis
635 3487 821 3572 etp1·ofanis
859 3487 960 3549 literas
995 3488 1093 3564 lerrc,
1128 3510 1192 3549 nec
1223 3492 1346 3576 cogitate

91 3587 247 3627 ticinensum
270 3591 320 3630 cos
351 3588 416 3628 esse
438 3568 605 3650 Romanos,
641 3576 782 3652 (quorum
805 3571 881 3633 fides
906 3571 1052 3655 Apostolo
1073 3572 1274 3655 praedicante
1293 3573 1346 3635 ln·

91 3647 209 3677 ¹⁰⁶⁰⁸⁰¹‘'‘
270 3654 340 3715 data
364 3655 418 3727 cst)
442 3653 480 3711 ad
502 3677 579 3736 quos
605 3653 734 3738 perfidia
756 3656 871 3718 habere
891 3677 953 3717 non
972 3657 1070 3742 possit
1091 3678 1271 3719 accessum·

91 3770 258 3856 mmm
355 3774 403 3828 10.
425 3760 530 3821 ITEM
551 3763 584 3821 L.
608 3760 663 3823 lv.
686 3787 733 3847 ep.
753 3778 783 3833 9.
803 3765 843 3824 ad
864 3765 965 3848 Pupp.
988 3765 1138 3825 Florenti
1173 3766 1263 3829 Inde
1284 3766 1349 3829 eni!

93 3867 257 3951 nergoextspu.
270 3844 432 3906 schismata
452 3858 482 3905 et
502 3845 643 3907 haereses
665 3849 782 3909 obortae
803 3861 875 3910 sunt
896 3862 926 3909 et
946 3851 1097 3923 oriuntur,
1119 3849 1202 3913 dum
1227 3853 1352 3937 Episco-

92 3926 337 4018 3¹„l',‘},',¹,¹,„f¹⁸pus,
361 3933 413 4011 qui
435 3951 513 3989 unus
533 3945 600 4010 est,
631 3945 662 3992 et
683 3933 828 3993 Ecclesiae
850 3946 980 4017 praeest,
1002 3931 1136 4015 superba
1157 3936 1355 4017 quorundam

268 4016 503 4100 praesumptione
525 4020 747 4095 contemnitur,
784 4030 814 4078 et
841 4017 934 4078 homo
964 4017 1139 4102 dignafiouc
1168 4020 1239 4083 Dei
1260 4022 1356 4085 bono·

268 4111 369 4178 ratus,
393 4098 535 4180 Indignus
556 4100 734 4162 hominibus
755 4101 924 4182 judicatur.

92 4225 124 4263 r.
145 4222 258 4284 dignitate
359 4217 407 4272 11.
429 4203 703 4269 HIERONYMUS
716 4208 783 4269 adv.
798 4209 912 4267 Lucii:
933 4202 1088 4270 Ecclesiae
1108 4207 1199 4271 salus
1225 4216 1259 4274 in
1279 4232 1358 4274 snm·

92 4286 312 4414 Ξέἓζὲξξὲξωί
341 4290 507 4354 sacerdotis
539 4292 687 4378 dignitate
706 4292 841 4380 pendet:
865 4292 915 4355 cui
935 4295 962 4354 si
988 4312 1051 4356 non
1071 4312 1180 4356 exsors
1206 4298 1355 4383 quaedam

91 4419 137 4460 lus.
