2768 4762
265 331 357 422 ἰω
599 334 603 343 ·
654 339 723 404 na
765 340 861 406 sun
904 297 974 424 ΕΤς
1149 351 1166 388 1

275 518 485 601 possibilitas,
512 521 539 582 si
571 531 752 602 suppeteret
775 520 930 587 voluntati
949 520 1113 603 ‚famltsst'
1163 521 1246 586 Dieo
1265 521 1352 589 fidu-

276 607 412 686 cialiter,
433 604 564 681 nemini,
598 606 653 685 qui
675 608 765 667 sitin
782 605 915 690 propria
939 604 1101 670 voluntate
1111 649 1122 684 ,
1143 621 1250 690 posset
1265 614 1353 677 ,uui-

275 712 381 754 versns
407 688 540 755 mundus
566 686 719 753 sufficere.
762 688 824 754 Sed
851 693 969 752 utinam
996 690 1044 752 vel
1066 689 1160 754 rebus
1178 694 1243 754 istis
1270 707 1351 761 esset

189 776 193 787 '
276 787 446 851 contenta,
475 794 514 835 ne
535 772 568 832 in
599 771 701 854 ipsum
725 771 899 854 (horribile
929 774 1030 850 dictu)
1054 774 1222 837 desaeviret
1240 790 1352 839 ancto-

276 862 349 936 reu't.
393 857 483 919 Nune
510 866 610 918 antem
633 867 670 917 et
696 857 796 939 ipsum
829 862 993 939 (qnantum
1018 862 1050 918 in
1078 861 1144 942 ipsa
1162 866 1230 938 est)
1249 860 1351 925 Deum

274 943 401 1026 perimit
419 940 561 1003 voluntas
576 940 716 1023 propria.
761 942 896 1003 Omnino
918 944 998 1003 enim
1014 943 1126 1023 vellet,
1148 943 1251 1007 Deum
1274 967 1350 1028 pee-

274 1039 343 1092 cata
358 1047 423 1089 sna·
440 1037 494 1087 ant
509 1023 665 1085 vindicare
688 1043 752 1084 non
766 1045 882 1107 posse,
902 1037 956 1087 ant
980 1026 1083 1104 nolle,
1109 1039 1164 1094 aut
1191 1046 1237 1094 ea⁴
1248 1033 1350 1092 nesei-

274 1133 319 1175 re.
361 1109 440 1175 Vult
465 1129 540 1193 ergo
561 1127 630 1167 eum
655 1128 718 1167 non
740 1129 803 1169 esse
829 1110 950 1186 Deum,
986 1131 1065 1192 quae
1080 1122 1229 1193 qnantum
1249 1115 1280 1172 in
1299 1116 1350 1198 ip-

273 1217 308 1256 sa
323 1206 388 1268 est,
416 1191 485 1255 vult
513 1212 583 1253 eum
610 1203 663 1253 aut
683 1191 906 1275 impotentem,
937 1206 992 1255 aut
1011 1196 1162 1276 injustum
1190 1217 1273 1271 esse,
1295 1210 1350 1261 aut

274 1279 478 1361 insipientem.
536 1275 680 1336 Crudelis
712 1277 803 1358 plane
832 1289 863 1338 at
887 1280 1014 1338 omnino
1037 1278 1203 1339 execranda
1220 1280 1347 1355 malitia,

275 1384 354 1446 quae
370 1363 430 1422 Dei
443 1362 635 1446 potentiam,
657 1361 831 1439 justitiam,
854 1363 1034 1445 sapientiam
1060 1365 1163 1445 perire
1182 1364 1348 1429 desiderat.

273 1448 357 1519 Haec
384 1458 430 1508 est
462 1444 598 1509 crudelis
637 1442 752 1521 bestia,
794 1445 860 1509 fera
879 1447 1025 1544 pessima,
1047 1449 1241 1529 rapacissima
1263 1448 1348 1531 lupa,

278 1543 310 1592 et
338 1528 441 1592 leaena
471 1530 651 1590 saevissima.
706 1527 788 1592 Haec
810 1540 856 1590 est
883 1529 1120 1591 immundissima
1137 1531 1223 1618 lepra
1246 1535 1347 1610 animi,

278 1626 411 1701 propter
445 1632 537 1696 quam
564 1614 597 1672 ln
616 1611 752 1672 iordane
768 1614 863 1696 mergi
891 1625 1054 1696 oporteat,
1087 1626 1119 1681 et
1136 1617 1249 1677 imitari
1268 1637 1347 1689 eum,

278 1700 333 1783 qui
355 1718 420 1759 non
443 1698 528 1759 nouit
547 1693 648 1757 lacere
669 1694 860 1757 voluntatem
879 1718 975 1759 suam.
1019 1697 1108 1760 Un'do
1129 1711 1160 1761 et
1180 1701 1213 1760 in
1229 1701 1350 1783 passio·-

277 1804 332 1844 nez
353 1782 426 1844 Non
441 1802 526 1858 mea,
548 1781 670 1862 inquit,
702 1779 867 1858 voluntas,
897 1781 950 1844 sed
971 1794 1026 1848 tua
1048 1779 1112 1848 fiat
1155 1784 1255 1868 Lepre
1272 1805 1346 1849 vero

276 1868 402 1952 proprii
426 1864 549 1925 consilii
570 1884 607 1924 eo
628 1867 835 1945 perniciosior
855 1878 920 1936 est.
955 1887 1020 1947 quo
1043 1867 1137 1949 magis
1155 1868 1294 1940 occulta:
1316 1881 1349 1930 et

62 1999 65 2023 ,
122 1976 169 2038 rs,
185 1977 247 2020 stu
278 1949 406 2034 quaudo
427 1947 498 2032 plus
516 1946 673 2023 abundat,
704 1960 790 2009 tanto
814 1948 873 2008 sibi
895 1951 1027 2031 quisque
1047 1955 1152 2010 sanior
1174 1972 1236 2011 esse
1258 1952 1348 2011 vide-

99 1990 339 2136 ffllsshtur.
382 2033 465 2094 Haec
496 2030 623 2106 illorum
659 2038 725 2109 est,
762 2034 817 2115 qul
845 2031 943 2098 zelum
969 2035 1029 2101 Dei
1042 2032 1178 2111 hebent,
1201 2034 1253 2094 sed
1279 2055 1346 2094 nou

99 2125 240 2219 ἷξες-αξη
278 2116 448 2184 secundum
469 2119 642 2191 scientiam,
666 2130 827 2197 sequentes
855 2126 994 2178 errorem
1010 2139 1119 2194 suum,
1140 2130 1172 2180 et
1194 2118 1345 2179 obstinati

161 2182 194 2220 ’¹
278 2195 311 2265 in
340 2212 396 2274 eo,
429 2201 473 2261 ita
498 2212 536 2266 ut
560 2200 654 2260 nullis
687 2199 784 2261 velint
799 2201 936 2265 consiliis
962 2204 1163 2285 acquiesoero.
1207 2201 1246 2261 111
1269 2215 1346 2262 sunt

275 2288 404 2348 unitatis
425 2284 595 2361 divisores,
619 2284 734 2344 inimici
787 2286 864 2362 acis,
891 2287 1048 2362 caritatis,
1070 2284 1229 2368 expertes,
1255 2289 1347 2347 vani-

99 2369 243 2424 ΒΟΜΜ·
277 2384 340 2432 tate
363 2381 533 2444 tumentes,
564 2368 720 2451 placentes
742 2306 819 2441 sili,
856 2380 887 2429 et
899 2372 1004 2452 magni
1023 2371 1054 2430 in
1076 2368 1272 2445 oculissnis,
1295 2373 1346 2453 ig-

274 2465 419 2530 norantes
440 2453 515 2512 DEI
543 2452 712 2533 justitiam,
745 2464 777 2513 et
795 2472 881 2513 snam
901 2453 1038 2516 volentes
1061 2455 1258 2516 constituere.
1302 2455 1346 2514 Et

274 2558 354 2606 uuae
385 2539 488 2618 major
519 2534 681 2620 snperbia,
714 2557 806 2619 quam
819 2549 855 2598 ut
883 2558 963 2599 uuus
985 2538 1081 2600 homo
1099 2539 1158 2599 toti
1174 2558 1345 2621 congrega-

272 2626 353 2685 tioni
375 2622 528 2704 judicium
555 2641 644 2680 suum
673 2623 846 2702 praeferat,
871 2635 1016 2705 tanquam
1043 2626 1109 2705 ipse
1133 2620 1216 2682 solus
1231 2622 1345 2682 hebeat

96 2732 117 2772 r.
135 2722 230 2778 nmis
273 2711 419 2794 spiritum
448 2703 541 2773 DEI?
583 2703 786 2766 Idololatriae
814 2706 914 2771 scelus
945 2719 1010 2785 est,
1042 2726 1108 2769 non
1130 2707 1342 2796 acquiesceret

274 2804 305 2858 et
324 2793 412 2881 quasi
432 2800 595 2882 peecatum
619 2788 787 2871 ariolandi,
819 2811 1001 2882 repugnare.

780 3042 834 3134 X.

249 3241 380 3354 ⁴Quid
414 3241 539 3328 habet
574 3261 717 3359 quarta
748 3240 922 3360 petitio:
968 3247 1120 3327 Panem
1151 3257 1342 3327 nostrum

463 3384 749 3500 quotidianum
779 3383 830 3466 da
855 3380 975 3467 nobis
998 3378 1152 3464 hodie?

94 3611 259 3707 {⁸315ssss
370 3590 430 3663 Ab
457 3591 577 3665 omnis
605 3590 697 3665 boni
729 3606 880 3663 auctore
903 3611 947 3661 ae
972 3584 1188 3670 fontanos,
1216 3581 1341 3658 soluti

93 3709 260 3806 mm
273 3737 456 3817 pauperes
492 3731 529 3787 et
562 3713 743 3804 mendici,
776 3736 821 3784 ea
856 3709 1134 3794 desideramus,
1167 3732 1264 3805 quae
1293 3705 1344 3779 ad

109 3817 368 3955 'gofffihune
399 3838 512 3912 vitam
546 3836 719 3937 corporis
748 3833 916 3936 quotidie
949 3822 1227 3907 sustentandam
1256 3845 1345 3902 suut

270 3963 360 4035 satis
372 4013 385 4050 ,
411 3962 547 4034 vietum
570 3961 715 4034 scilicet
730 3976 768 4032 ot
792 3957 986 4032 restituunt
1017 3971 1214 4055 praeterea
1242 3977 1345 4051 quae

91 4110 114 4195 p
115 4106 205 4202 m,
215 4110 257 4200 pp
270 4082 319 4156 ad
342 4083 454 4156 vitam
485 4083 628 4158 animae
650 4079 940 4183 promovendam
964 4078 1128 4168 faciunt,
1164 4076 1344 4149 nimirum

92 4202 450 4342 gffssklg‘verbum
469 4207 562 4293 Dei,
588 4205 731 4279 animae
764 4201 956 4308 spirituale
973 4201 1177 4303 pabulum,
1211 4223 1345 4278 sacro.

112 4314 159 4343 τοι
169 4311 189 4349 9,
198 4311 218 4348 5.
