2768 4762
309 370 778 475 '·auonaica
1056 379 1132 450 tm

63 573 96 632 ia
114 538 204 629 utero
221 581 303 625 meo.
344 559 387 624 Et
412 558 523 636 beata,
557 580 637 642 quae
658 557 837 640 credidisti,
860 561 1010 646 quonium
1038 555 1136 645 perli-

61 678 253 751 eieutmea,
275 690 356 758 quae
377 668 460 735 dicta
481 678 554 732 suut
574 667 634 730 tibi
655 687 674 734 a
693 666 840 732 Domino.

372 875 938 951 Paratus.-

149 1043 479 1108 CHRYSOSTOMUS
501 1044 533 1104 iu
555 1043 679 1122 Litur.,
708 1046 771 1106 sive
792 1045 824 1103 in
844 1045 929 1106 Miss.
952 1065 1032 1107 suas
1063 1043 1143 1107 Pre-

67 1132 167 1207 cibus,
187 1130 340 1206 Domine,
359 1130 438 1210 ejus,
460 1148 539 1211 quae
571 1133 678 1214 genuit
708 1141 752 1206 te,
775 1127 950 1210 Deiparae,
972 1143 1003 1191 et
1024 1149 1143 1211 semper

67 1217 195 1302 virginis
217 1215 351 1289 Mariae,
372 1224 550 1275 sanctarum
570 1215 706 1276 omnium
719 1223 907 1296 potestatum
922 1212 1139 1295 spiritualium,

68 1300 199 1389 pretiosi
244 1297 393 1380 rophetae
414 1301 629 1380 praecursoris
653 1316 688 1357 ae
709 1296 864 1379 Baptistae
885 1296 1031 1371 loannis,
1044 1315 1141 1355 ¹sunc-
1169 1314 1314 1374 tasnatum

67 1398 176 1451 torum
207 1320 419 1459 gloriosorum
451 1379 678 1463 Apostolorum
699 1391 731 1440 et
758 1382 856 1441 sancti
875 1378 997 1439 Nicolai
1009 1422 1019 1455 ,
1049 1363 1317 1458 cujusllfflffi'⁸

71 1481 103 1533 et
133 1469 312 1527 memoriam
345 1462 554 1540 celebramus,
589 1466 732 1524 miserere
754 1476 785 1525 et
801 1483 889 1524 serva
911 1484 979 1525 nos.
1022 1460 1261 1527 lbidemetsrm

71 1540 212 1635 saepius:
242 1549 477 1623 Sanctissimae,
507 1549 779 1622 incontaminatae,
803 1567 898 1630 super
919 1566 1023 1609 omnes
1047 1544 1143 1605 bene-

73 1637 197 1705 dictae,
231 1632 386 1714 gloriosae
420 1630 573 1692 Domiuae
607 1643 733 1692 nostrae
762 1631 933 1714 Deiparae,
966 1644 997 1693 et
1028 1649 1147 1711 semper

73 1717 204 1799 virginis
232 1717 348 1776 Mariae
381 1734 451 1778 cnm
480 1714 624 1779 omnibus
656 1716 768 1776 sanctis
805 1717 983 1775 memoriam
1013 1726 1148 1797 agentes,

76 1821 136 1863 nos
157 1801 241 1880 ipsos
264 1810 295 1859 et
314 1799 452 1876 invicem,
474 1811 505 1860 et
522 1820 644 1860 omnem
660 1801 753 1860 vitam
771 1811 909 1862 nostram
933 1798 1060 1859 Christo
1077 1797 1146 1861 Deo

77 1894 188 1947 nostro
204 1881 456 1945 commendemus.
498 1883 630 1946 Iterum:
662 1881 815 1947 Precibus
838 1885 1045 1945 sanctissimae
1070 1881 1148 1961 Dei·¹
1170 1879 1254 1924 Dm·
1267 1883 1321 1924 ⁰⁰³·

77 1986 171 2052 parae
193 1978 332 2031 servator
357 1987 443 2026 serva
472 1987 540 2030 nos.
583 1966 626 2029 Et
651 1967 746 2051 paulo
770 1978 861 2052 ‚poste
882 1967 1038 2029 Dominus
1058 1964 1146 2026 dabit
1156 1941 1220 2021 lia.
1241 1979 1276 2026 si.
1289 1989 1323 2027 aa.

76 2049 205 2111 verbum
228 2047 503 2134 evangelizantibus
523 2051 639 2117 uirtute
658 2051 772 2128 multa,
794 2072 853 2134 per
872 2072 980 2139 preces
1002 2051 1145 2113 dominae
1157 2029 1241 2120 {12⁶2}
1252 2031 1324 2124 aiii,

75 2146 199 2198 nostrae
221 2134 391 2221 Deiparae,
413 2147 444 2196 et
463 2155 584 2233 semper
605 2138 731 2220 virginis
752 2135 888 2214 Mariae,
907 2138 1007 2198 sancti
1030 2147 1061 2196 et
1076 2133 1244 2219 glo-⁸⁰¹⁰*

78 2220 153 2283 riosi
175 2216 319 2300 Apostoli
336 2230 368 2279 et
387 2219 599 2303 Evangelistae
622 2219 729 2302 hujus.
780 2219 824 2281 Et
842 2220 1028 2303 quibusdam
1049 2228 1149 2280 mter-

80 2304 208 2387 positis:
229 2304 271 2365 Ut
298 2322 371 2361 rere
390 2302 515 2384 dignum
536 2314 568 2363 et
586 2305 706 2385 justum
727 2315 795 2380 est,
817 2304 993 2387 glorificare
1014 2316 1045 2365 te
1071 2302 1150 2364 Dei·

78 2392 185 2468 param
209 2399 240 2447 et
257 2403 377 2465 semper
391 2383 593 2443 beatissimam
609 2396 640 2444 et
659 2389 784 2468 penitus
801 2388 1069 2450 incontaminatam
1086 2407 1153 2448 ma·
1248 2422 1256 2430 ·

83 2483 162 2529 trem
179 2467 238 2527 Dei
260 2467 360 2525 nostri
384 2476 439 2524 etc.
450 2508 460 2541 ,
481 2476 520 2525 ut
534 2466 616 2525 infra
631 2470 809 2546 quaestione
836 2469 1065 2530 decimanona.
1087 2471 1152 2529 Ave

85 2551 184 2637 gratia
200 2547 291 2632 plena
310 2547 425 2622 Maria,
447 2548 600 2608 Dominus
618 2559 731 2624 tecum,
750 2547 913 2612 benedicta
933 2563 969 2612 tu
989 2552 1021 2611 in
1043 2551 1154 2611 mulie·

85 2634 191 2710 ribus,
214 2644 244 2694 et
257 2630 438 2711 benedictus
456 2630 579 2691 fructus
595 2633 709 2692 ventris
726 2633 789 2694 tui:
813 2637 959 2715 quoniam
971 2633 1151 2695 salvatorem
1164 2632 1304 2724 ,⁸⁸¹232230

85 2721 256 2782 animarum
300 2717 424 2800 eperisti
449 2726 636 2781 nostrarum.
677 2715 826 2779 Rursum:
848 2715 1071 2780 Intercessione
1095 2720 1154 2777 im·
1186 2697 1314 2794 ''W''

84 2800 255 2871 maculatae
275 2737 427 2863 Dominae
464 2811 588 2885 nostrae
619 2800 790 2884 Deiparae,
821 2815 852 2864 et
881 2823 1000 2885 semper
1028 2802 1155 2884 virginis
1167 2778 1331 2871 nlliiiill‘!

85 2889 203 2950 Mariae
220 2885 346 2969 dignum
366 2905 413 2945 nie
431 2884 499 2961 fac,
522 2897 559 2945 ut
581 2887 646 2946 sine
657 2885 912 2949 condemnatione
934 2887 1082 2970 accipiam
1098 2879 1241 2947 ian-⁸¹²⁸*

90 2971 277 3035 maculatum
313 2980 402 3032 tuum
428 2968 545 3035 donum
572 2971 605 3035 iu
634 2972 842 3034 remissionem
875 2984 1076 3056 peecatorum
1098 2981 1156 3032 eto.

87 3058 205 3119 lterum
235 3053 334 3136 dlrige
367 3067 503 3118 nostram
534 3055 632 3130 amm,
656 3046 701 3116 'et
733 3055 883 3116 confirma
907 3077 965 3116 nos
993 3057 1025 3114 in
1048 3056 1158 3115 timore
1193 3062 1322 3124 measse

88 3153 146 3203 tuo
171 3160 292 3215 omues,
316 3136 439 3203 custodi
460 3139 551 3203 vitan
575 3151 733 3215 nostram,
755 3139 858 3201 stabili
881 3152 1006 3200 nostros
1027 3158 1157 3223 gressus,
1169 3113 1322 3221 {illidii}

91 3222 237 3320 precibus
269 3234 300 3283 et
322 3219 604 3307 supplicationibus
635 3236 757 3283 sanctae
781 3225 953 3313 Deiparae,
982 3235 1014 3291 et
1039 3242 1159 3311 semper
1170 3216 1320 3305 &232³

93 3308 220 3390 virginis
239 3307 374 3381 Mariae,
398 3316 428 3369 et
449 3308 584 3370 omnium
607 3318 792 3371 amatorum.

178 3426 209 3480 2·
248 3411 427 3475 alconus
457 3411 627 3497 Apostolus
653 3425 685 3474 et
704 3413 801 3474 frater
819 3412 947 3476 Domini
969 3413 1002 3475 in
1021 3412 1163 3497 Biturgia

92 3498 158 3561 sive
175 3497 270 3559 Missa
288 3518 360 3560 sua:
383 3498 662 3564 Commemorantes
671 3499 906 3575 sanctissimam,
928 3497 1161 3573 immaculatam,

94 3583 348 3667 gloriosissimam
375 3583 540 3647 Dominam
572 3594 722 3645 nostram⁴
743 3593 869 3646 matrem
888 3583 968 3659 Dei,
998 3595 1029 3646 et
1047 3603 1166 3665 semper

93 3668 246 3752 virginem
268 3666 398 3730 Mariam
409 3711 419 3744 ,
441 3688 510 3730 cum
525 3667 669 3730 omnibus
684 3668 796 3728 sanetis
817 3679 849 3728 et
865 3667 968 3748 justis,
992 3688 1049 3728 nos
1070 3670 1165 3750 ipsos,

95 3766 128 3814 et
151 3754 233 3812 iuter
259 3770 334 3826 nos,
368 3763 399 3810 et
425 3766 544 3815 omnem
570 3755 664 3813 vitam
690 3763 826 3817 nostram
847 3750 972 3814 Christo
989 3752 1058 3813 Deo
1080 3770 1164 3813 com·
1177 3755 1341 3816 ⁹²¹⁶·⁸.·⁸⁵¹·

98 3835 284 3897 mendemus.
328 3833 462 3896 Ibidem:
485 3836 812 3899 Commemorationem
827 3832 949 3921 agamru
962 3837 1165 3912 sanctissimae,
1178 3809 1334 3908 Diligit·

100 3919 323 3996 immaculatae,
360 3918 615 4004 gloriosissimae,
656 3920 837 3986 benedictae
869 3921 1020 3985 Dominae
1043 3934 1167 3986 nostrae
1180 3903 1341 3949 ‘mmm'

100 4006 206 4066 matris
231 4004 312 4081 Dei,
334 4015 365 4064 et
381 4025 501 4088 semper
521 4009 569 4067 vir
591 4007 649 4068 iuis
672 4006 808 4082 Mariae,
833 4025 869 4066 ae
887 4008 1025 4069 omnium
1045 4016 1169 4067 sancto-

104 4108 174 4151 rum
194 4101 226 4153 et
245 4090 422 4169 justorum,
443 4028 637 4175 utprec'dtus
661 4101 753 4172 atque
774 4090 1046 4176 intercessionibus
1062 4108 1171 4151 eorum

107 4190 212 4235 omnes
226 4173 468 4235 misericordiam
491 4194 726 4258 consequamur.
768 4172 812 4236 Et
829 4187 902 4258 post
923 4174 1088 4258 quaedam:
1109 4172 1173 4232 aie
1210 4201 1325 4248 mma,

104 4254 210 4323 Miris
220 4261 321 4347 gratia
340 4257 451 4346 plena,
481 4259 637 4339 Dominus
655 4272 783 4341 ternu,
815 4257 978 4325 benedicta
996 4271 1033 4323 tu
1052 4259 1085 4321 iu
1105 4254 1305 4322 utu-bediu·

921 4362 970 4428 12
