2768 4762
414 144 433 183 a!

470 197 475 216 ι

401 368 799 491 ηεηοαρί
1053 384 1133 480 ,aa

50 603 140 666 snat,
162 597 195 650 et
216 581 440 648 dealbaverunt
459 601 510 644 eas
530 582 733 668 insanguine
754 580 857 668 Agnis
887 579 960 647 ideo
982 596 1057 648 sunt
1077 606 1135 648 an-

53 713 88 765 te
119 682 272 761 monum
299 693 380 770 Dei,
410 702 443 752 et
471 691 613 751 serviunt
641 691 671 751 ei
702 688 753 751 die
781 710 818 752 ac
839 703 932 753 nocte
959 694 1132 779 intemplo

52 811 145 892 ejus:
179 815 210 866 et
240 802 296 884 qui
314 798 402 861 sedet
421 798 455 858 in
476 793 801 874 throno,.habitaliit
821 819 915 883 snper
935 797 1025 886 illos..
1060 801 1134 864 Non

53 914 208 990 esurient,
235 928 337 990 neque
365 906 472 967 sitient
496 904 649 988 amphus,
681 923 739 966 nec
762 905 851 967 cadet
866 926 963 990 snper
979 906 1052 968 illos
1073 908 1134 984 sol,

53 1043 157 1106 neque
187 1018 268 1082 nllus
300 1025 422 1091 aestus,
449 1017 597 1096 quoniam
616 1012 742 1110 Agnus,
780 1014 886 1097 quiin
905 1013 1008 1076 medio
1025 1013 1135 1078 throni

55 1143 118 1208 est,
155 1138 242 1212 reget
268 1122 361 1200 illos,
393 1133 424 1184 et
446 1121 581 1184 deducet
602 1141 655 1183 eos
680 1119 721 1182 ad
741 1121 823 1183 ritae
848 1119 950 1182 fontes
973 1142 1134 1206 aquarum,

55 1249 88 1302 et
103 1235 259 1317 absterget
272 1230 359 1292 Dens
384 1250 506 1291 omnem
522 1229 680 1291 lacrimam
701 1226 742 1289 ab
764 1228 864 1319 ooplis
889 1248 1009 1289 eorum.

40 1367 45 1378 ‘
140 1361 267 1429 Heba,
289 1360 362 1421 XL:
384 1358 490 1420 Sancti
513 1377 572 1442 per
593 1353 688 1417 fidem
709 1355 890 1418 devicerant
910 1377 1027 1442 regna,
1058 1380 1137 1447 opa-

56 1472 119 1535 reti
141 1483 213 1532 snut
232 1469 409 1549 justitiam,
433 1465 538 1547 adepti
560 1475 633 1524 sunt
653 1467 917 1547 repromissiones.

25 1625 32 1640 .
110 1599 114 1605 ·
142 1579 177 1639 B.
199 1552 352 1658 pr'es.
373 1571 434 1633 V.=
467 1572 510 1631 Ut
532 1561 693 1629 exhiberet
718 1571 783 1653 ipse
808 1570 868 1632 sibi
886 1572 1054 1656 gloriosam
1075 1575 1139 1637 Ec·

58 1688 196 1761 alesiam,
218 1702 283 1743 non
302 1676 467 1740 habentem
488 1675 640 1737 maculam
658 1687 713 1737 aut
735 1698 851 1762 rugam,
872 1695 926 1743 aut
938 1682 1139 1766 aliquidbu·

60 1790 222 1876 jusmodi,
244 1785 299 1848 sed
321 1799 358 1848 ut
378 1788 420 1847 sit
437 1796 542 1846 sancta
564 1795 597 1845 et
623 1784 824 1846 immaculata.
996 1855 999 1860 ,

147 1895 266 1980 Apoo.
287 1892 346 1956 Va
369 1893 515 1970 Quatnor
538 1891 681 1981 animalia
700 1902 733 1955 et
755 1893 862 1978 viginti
879 1905 1017 1976 quatuor
1035 1898 1140 1960 senio-

62 2026 112 2067 res
139 2003 318 2064 ceciderunt
347 2021 455 2062 coram
486 1999 596 2086 signo,
629 2000 778 2069 habentes
815 2000 929 2084 singuli
948 2003 1081 2066 citharas
1106 2019 1138 2069 at

59 2111 179 2199 phialas
205 2129 312 2173 aureas
325 2106 433 2192 plenas
457 2107 755 2187 odoramentorum,
779 2122 952 2192 quaesunt
977 2115 1137 2176 orationes

63 2220 267 2285 Sanctorume.
275 2227 308 2278 et
315 2214 484 2277 cantabant
495 2219 651 2279 onnficnm
662 2239 786 2294 novum,
799 2218 954 2278 dicentes:
974 2219 1095 2304 Dignus
1106 2244 1137 2284 cs

61 2327 195 2387 Domine
207 2323 347 2406 accipere
364 2321 489 2400 librum,
512 2335 544 2383 et
564 2327 686 2406 aperire
709 2325 866 2408 signacula
879 2329 967 2407 ejus:
991 2333 1140 2410 qnoniam

63 2432 186 2496 occisus
208 2451 258 2507 es,
280 2440 312 2489 et
333 2410 488 2491 redemisti
508 2452 568 2491 nos
594 2431 663 2492 Deo
684 2433 716 2491 in
737 2411 884 2515 sanguine
904 2446 979 2512 tuo,
1004 2432 1140 2498 exomni

62 2539 154 2600 tribu
184 2548 215 2598 et
232 2535 359 2620 lingna,
390 2518 564 2620 etpopulo
588 2551 620 2599 et
642 2540 788 2612 natione,
824 2552 854 2600 ct
872 2541 971 2600 fecisti
993 2562 1049 2603 nos
1070 2546 1140 2605 Deo

40 2659 178 2721 ,nostro
196 2665 325 2731 regnum
351 2655 383 2707 et
403 2645 601 2724 sacerdotes,
634 2658 665 2706 et
685 2647 879 2729 regnabimus
902 2662 1141 2729 superterram.

61 2755 106 2815 Et
129 2752 213 2830 vidi,
246 2764 279 2814 et
307 2751 533 2815 audivivocem
559 2752 740 2838 angelornm
757 2755 929 2814 mirltorum
951 2756 1140 2818 incircuitu

60 2861 172 2924 throni
199 2852 229 2923 et
254 2847 429 2922 animalium
458 2872 489 2921 et
520 2865 694 2945 seniorum,
728 2872 759 2921 et
782 2873 848 2919 erat
863 2881 1010 2922 numerus
1032 2885 1140 2925 corum

61 2968 161 3030 millia
186 2968 337 3046 millium,
359 2946 625 3030 dicentinmroce
654 2989 777 3052 magna:
809 2967 929 3051 Dignus
945 2983 991 3030 est
1021 2951 1141 3054 lignus,

63 3077 121 3159 qni
137 3076 259 3137 occisus
280 3087 347 3152 est,
381 3077 521 3160 accipere
550 3068 696 3139 virtutem
727 3088 758 3136 et
786 3075 994 3154 divinitatem,
1030 3092 1061 3139 et
1088 3101 1138 3141 sa-

62 3183 236 3267 pientiam,
277 3194 309 3243 et
336 3176 577 3259 fortitudinem,
608 3197 639 3245 et
665 3182 841 3259 honorem,
871 3196 902 3244 et
926 3183 1080 3267 gloriam,
1110 3198 1142 3249 et

63 3287 325 3352 benedictionem.
477 3280 482 3289 ’

149 3395 254 3458 Ibid.
276 3396 348 3458 vll.
379 3408 417 3458 ut
435 3394 520 3482 panl.
544 3409 606 3461 ant.
626 3395 694 3459 bac.
726 3394 792 3458 ead.
812 3407 929 3478 quaest.
951 3398 1003 3460 cit

150 3501 202 3564 Et
228 3504 335 3564 XXI.:
378 3504 422 3566 Et
448 3525 505 3588 ego
546 3505 684 3587 loannes·
720 3505 784 3564 ridi
819 3518 954 3565 sanctam
989 3505 1143 3568 civitatem

63 3609 258 3673 Hierusalem
288 3632 399 3673 novam
412 3656 422 3690 ‚
464 3611 697 3673 descendentem
729 3611 768 3672 de
791 3611 892 3689 caclo,
926 3633 944 3672 a
974 3604 1043 3673 Deo
1085 3633 1143 3697 pa-

63 3730 187 3795 ratam,
218 3722 302 3780 sicut
330 3739 475 3802 sponsam
511 3730 651 3780 ornatam
690 3720 759 3781 viro
785 3739 858 3784 suos
896 3718 939 3779 Et
962 3720 1065 3780 audivi
1083 3741 1144 3783 ro·

64 3845 133 3887 cem
163 3845 303 3909 magnam
333 3825 373 3887 de
411 3825 550 3902 throno,
585 3826 756 3886 dicentem:
798 3827 880 3887 Ecce
910 3825 1144 3890 tabernaculum

61 3931 125 3993 Dei
147 3950 219 3993 cum
238 3931 417 3999 bominibus
428 3977 438 4011 ,
458 3945 489 3995 et
504 3931 659 3993 habitabit
676 3954 746 3993 oum
770 3934 821 3994 eis.
864 3933 906 3995 Et
916 3935 977 4018 ipsi
1005 3916 1143 4020 populns

65 4039 137 4120 ejus
165 4053 280 4118 erunt,
304 4040 423 4123 etipse
446 4041 529 4102 Deus
554 4042 683 4101 cumeis
703 4042 762 4109 erit
783 4062 891 4102 eorum
906 4043 1008 4104 Dens:
1031 4055 1062 4104 et
1089 4042 1149 4104 ab·

66 4147 290 4230 sterget'Deus
321 4169 444 4210 omnem
470 4147 625 4209 lacrimam
649 4147 688 4209 ab
716 4146 814 4209 oculis
845 4168 972 4213 eornm:
1006 4162 1038 4212 et
1061 4170 1146 4212 mors

66 4251 155 4317 ultra
173 4274 240 4318 non
264 4256 343 4335 erit,
390 4278 494 4343 neque
517 4257 640 4351 luctus,
670 4275 771 4345 neque
797 4253 934 4337 clamor,
957 4276 1060 4343 neque
1085 4256 1148 4321 do-
