2768 4762
268 358 350 449 m
579 367 645 433 ns
681 365 951 434 canrrnrn
982 367 1049 434 nr

240 581 242 585 ⁴
270 551 312 614 ad
332 551 433 616 Deum
453 551 494 616 ab
518 553 669 638 operibus
690 553 799 619 malis?
839 555 901 619 llic
920 558 1002 618 enim
1021 566 1146 618 sanmus
1166 555 1272 622 David
1289 580 1359 626 non‘

255 633 374 702 'solum
404 660 475 701 cnm
501 642 536 702 in
568 660 705 726 corpore
737 652 835 719 esset,
864 640 985 726 placuit
1014 642 1102 705 Deo:
1134 642 1189 704 sed
1219 657 1252 706 et
1277 661 1352 730 post

114 761 117 777 ›
271 736 405 785 mortem
431 742 519 785 suam
550 727 627 785 vivis
656 724 812 787 invenitur
845 727 1034 809 praestitisse
1056 726 1172 811 grande
1194 730 1354 793 solatium.

96 805 249 900 gnffil‘ssgf
273 808 413 893 Contigit
436 829 568 892 namque
586 809 736 870 Ezechiae
755 813 837 895 regi,
861 813 999 872 inimicas
1019 813 1052 870 in
1072 814 1270 895 temporibus
1295 818 1356 876 Ju-

57 917 59 923 ·
93 872 422 958 adinum-dacorum
442 907 547 978 gentes
570 894 813 956 circumvallasse
838 896 1096 971 Hierosolymam.
1146 897 1281 959 Etcum
1305 923 1355 962 es-

98 962 164 1001 “““”
221 1023 224 1030 1
272 990 319 1040 set
337 977 485 1051 Ezechias
513 980 617 1060 justus
639 981 709 1058 vir,
745 981 867 1064 rogavit
895 981 1031 1043 Denmr-
1052 994 1083 1041 et
1105 994 1284 1064 prostratus
1307 985 1356 1047 la·

91 1072 220 1140 magns,
241 1064 376 1130 aecimis
411 1063 659 1148 deprecabatur,
708 1056 929 1126 ultionem'de
959 1065 1141 1127 adversariis
1177 1071 1354 1150 postulans.

91 1150 221 1232 gum,
272 1147 367 1209 Venit
392 1148 433 1208 ad
458 1169 528 1208 eum
553 1149 659 1209 Esaias
693 1150 930 1232 propbeta,·et
952 1148 1045 1211 dicit:
1073 1150 1120 1210 Ne
1144 1164 1272 1234 putaret
1290 1156 1355 1231 ille,

272 1235 347 1316 qnia
372 1235 494 1314 justitia
526 1252 581 1292 sua
599 1232 759 1295 exauditus
784 1248 846 1296 estt
879 1247 909 1295 et
929 1247 1011 1295 certe
1030 1240 1095 1315 jam
1111 1235 1268 1298 defecerat
1287 1239 1356 1298 Da-

270 1317 340 1396 vid,
363 1331 394 1378 et
413 1315 549 1379 habebat
577 1318 691 1379 multos
723 1339 820 1379 annos
844 1321 1049 1404 requiescens
1092 1319 1179 1396 Quid
1204 1343 1281 1405 ergo
1303 1323 1354 1383 di-

272 1405 315 1463 cit
344 1402 394 1462 eil
435 1402 602 1486 Protegam
633 1403 714 1463 lianc
748 1407 902 1464 civitatem
926 1417 1060 1487 propter
1076 1425 1145 1481 me,
1168 1418 1199 1465 et
1215 1420 1354 1489 propter

93 1486 373 1574 nutrimus-Dalm
405 1507 528 1547 servum
559 1510 670 1550 mcum.
713 1489 814 1549 David
835 1501 978 1549 mortuus
1000 1501 1063 1564 cst,
1095 1502 1127 1549 et
1148 1494 1257 1551 merita
1280 1495 1349 1571 ejus

4 1578 7 1585 '
92 1575 384 1655 :usmaitau-vigent,
441 1574 470 1632 Ο
501 1594 566 1632 rem
589 1573 821 1650 admirandam,
855 1595 875 1634 o
890 1572 1054 1634 ineffabilis
1080 1572 1240 1634 clementia
1266 1577 1352 1635 Dei:

92 1630 155 1682 Μ
271 1655 368 1717 homo
394 1670 536 1719 mortuus
554 1660 625 1719 vivo
645 1662 881 1742 patrocinatur:
904 1680 923 1719 o
943 1659 1103 1738 justorum
1123 1672 1155 1719 et
1176 1671 1253 1742 post
1269 1681 1352 1719 con-

271 1745 504 1804 summationem
537 1743 783 1827 inexpugnabilis
805 1764 909 1826 pugna
929 1745 1080 1804 virorum.

93 1870 261 1915 nonnum:-
357 1839 386 1894 5.
430 1828 540 1886 IDEM
562 1828 645 1888 hom.
668 1840 721 1895 27.
743 1830 774 1886 in
796 1827 924 1888 Manli:
954 1827 1043 1903 Adeo
1073 1839 1147 1911 post
1168 1827 1222 1889 illa
1243 1826 1353 1888 vulne-

92 1922 132 1964 vit
145 1920 307 1974 smmi-ra
330 1911 432 1973 David
454 1911 596 1986 refulsit,
617 1916 661 1972 sic
683 1934 714 1972 se
737 1933 754 1971 a
776 1911 901 1972 maculis
924 1909 1043 1988 abluit,
1075 1915 1116 1972 ita
1132 1913 1285 1972 mundum
1307 1913 1354 1972 ef·

91 1972 140 2064 ἒξ)
158 1982 251 2012 ’Μ’
276 1998 350 2057 fecit
368 2000 522 2071 animum,
545 2009 580 2054 ut
606 1997 653 2055 vel
677 2008 819 2057 mortuus
837 1997 1037 2078 peccantibus
1049 1999 1180 2081 posteris
1201 1999 1267 2055 suis
1281 2018 1353 2055 suc-

277 2082 433 2142 currerit:
455 2093 485 2140 et
514 2080 602 2163 quod
624 2081 663 2139 de
687 2080 861 2157 Abraham,
884 2081 916 2140 id
934 2101 1061 2163 quoque
1079 2081 1117 2139 de
1132 2081 1231 2138 David
1246 2082 1355 2140 Deum

278 2166 388 2225 dixisse
410 2167 566 2247 scriptura
592 2179 742 2242 testatur,
780 2168 872 2226 immo
893 2187 968 2227 vero
989 2164 1084 2226 multo
1107 2166 1200 2246 magis
1221 2164 1261 2233 de
1284 2165 1357 2224 Da-

22 2301 26 2307 .
93 2261 166 2308 1:011·
176 2271 230 2310 ss
277 2250 361 2312 vid..
382 2251 431 2309 De
452 2249 609 2310 Abraham
633 2252 875 2333 enimscriptum
907 2263 967 2311 est:
1002 2250 1191 2310 Recordatus
1212 2269 1284 2307 sum
1305 2262 1355 2307 tc-

95 2316 159 2414 κ’
160 2320 264 2410 ξᾴ,1ἷ’5ῗ”“
276 2337 417 2396 stamenti
430 2337 499 2413 mei,
509 2336 597 2418 quod
611 2335 722 2396 eratad
741 2334 916 2397 Abraham:
937 2335 990 2395 hic
1004 2355 1077 2394 vero
1089 2354 1153 2395 non
1166 2333 1243 2401 dicit
1259 2346 1352 2393 testa·

275 2423 387 2497 menti,
423 2421 476 2481 sed
508 2433 640 2504 propter
676 2420 778 2480 David
806 2440 928 2482 servum
953 2440 1055 2480 meum
1083 2432 1246 2502 protegam
1276 2419 1350 2478 ciris

271 2518 366 2566 tatem
391 2505 482 2564 hanc.

357 2604 385 2659 4.
430 2590 534 2649 ITEM
555 2588 638 2649 hom.
662 2603 713 2658 43.
736 2592 768 2650 in
791 2591 920 2655 Genea:
948 2586 1094 2648 Aliorum
1115 2590 1214 2647 virtus
1234 2585 1351 2645 multo-

276 2697 344 2734 rum
380 2688 483 2758 tegere
515 2674 596 2733 valet
630 2677 785 2736 malitiam.
839 2673 939 2734 Multa
973 2676 1052 2733 enim
1076 2674 1204 2732 Domini
1228 2671 1351 2731 bouitas

277 2773 340 2836 est,
374 2773 405 2819 ot
436 2780 526 2841 saepe
555 2759 636 2821 solet
656 2763 748 2820 etiam
769 2773 1032 2842 propterpaucos
1054 2757 1159 2817 multis
1179 2756 1253 2815 dare
1270 2755 1354 2813 saiu-

96 2854 212 2943 sempter
229 2849 347 2904 desem.
392 2845 434 2904 Et
455 2843 530 2925 quid
553 2843 643 2918 dico,
680 2856 812 2926 propter
830 2865 946 2925 paucos
964 2841 1091 2924 justos?
1134 2841 1232 2923 Saepe
1254 2860 1354 2920 quan-

95 2914 268 2993 :dlem‘ildlllr
279 2929 321 2989 do
351 2950 415 2989 non
442 2931 580 2987 inventus
613 2940 658 2987 cst
690 2931 722 2987 in
740 2930 895 3010 praesenti
912 2930 976 2988 vita
1000 2929 1123 3008 justus,
1145 2937 1280 3008 propter
1298 2923 1357 2980 de-

98 3003 163 3090 ξζξζζ
191 3000 460 3073 vi'‘⁰‘iunctorum
479 3014 643 3088 virtutem,
679 3014 844 3072 viventium
865 3014 1035 3072 miseretur
1058 3024 1090 3072 et
1113 3031 1219 3071 euram
1237 3007 1353 3067 babet:

102 3101 360 3188 efflorens-unde
381 3098 491 3157 clamat
515 3097 656 3159 dicenst·
672 3097 836 3179 Protegarn
858 3098 1012 3157 civitatem
1035 3097 1116 3156 hanc
1138 3106 1272 3177 propter
1294 3112 1354 3165 me,

98 3161 111 3207 '⁸
130 3157 196 3197 m
275 3195 306 3242 ct
335 3196 468 3266 propter
484 3182 585 3242 David
609 3203 741 3262 puerum
769 3202 889 3257 meum3
911 3183 1000 3262 quasi
1023 3182 1156 3241 diceret:
1187 3180 1273 3241 Licet
1293 3176 1355 3257 ipsi

275 3267 394 3350 indigni
417 3270 498 3342 sint,
533 3280 564 3326 ct
584 3265 700 3326 nullam
720 3265 827 3326 salutis
857 3264 991 3327 habeant
1015 3267 1224 3326 occasionem:
1248 3281 1356 3319 verum

275 3355 349 3429 quia
384 3351 494 3411 solitus
523 3372 589 3408 sum
619 3350 861 3411 misericorditer
885 3370 992 3434 agere,
1028 3350 1120 3411 etad
1147 3344 1357 3408 miserandum

273 3432 439 3519 promptus
462 3456 550 3510 suns,
574 3448 705 3517 propter
724 3457 770 3494 me
798 3435 897 3517 ipsum
920 3436 1051 3511 faciam,
1085 3447 1115 3494 et
1128 3444 1261 3515 propter
1281 3450 1361 3511 puc-

275 3541 344 3579 rum
371 3541 472 3580 meum
500 3520 614 3579 David:
645 3532 675 3579 et
707 3522 761 3602 qui
791 3534 860 3580 antc
886 3533 936 3580 tot
956 3540 1054 3579 annos
1086 3520 1184 3578 evita
1202 3515 1357 3597 migravit,

275 3603 328 3664 hic
350 3619 462 3667 auctor
484 3606 523 3663 sit
542 3603 649 3663 salutis
668 3603 733 3680 his,
768 3606 822 3686 qui
848 3626 902 3664 sua
925 3626 989 3665 sese
1007 3601 1211 3687 perdiderant
1228 3598 1358 3658 desidia.

361 3703 391 3758 5.
434 3691 476 3749 Et
500 3689 597 3747 Serm.
632 3687 670 3747 de
699 3691 772 3752 virt
805 3700 836 3747 et
867 3691 965 3750 vitiis:
998 3687 1134 3766 Quando
1165 3685 1249 3744 Deus
1270 3684 1358 3742 visos

276 3772 436 3850 homines,
468 3772 584 3854 quibus
611 3772 760 3854 loquendi
786 3769 901 3835 fiducia
933 3776 992 3845 sit,
1034 3775 1153 3855 quique
1175 3779 1358 3852 peccatores

278 3862 442 3921 restituere
473 3860 588 3939 possit,
617 3857 721 3919 nullos
746 3878 877 3940 prorsus
908 3859 1076 3934 invenerit,
1116 3868 1182 3916 tum
1207 3873 1283 3914 vero
1322 3849 1361 3910 ad

100 3941 267 4041 ἷζθξῑῖζζξζζ·
279 3956 422 4005 mortuos
448 3940 500 4000 illc
522 3942 720 4025 profugiens:
754 3962 904 4025 percos,
925 3945 1049 4026 inquit,
1072 3952 1200 4025 peccata
1222 3939 1360 3997 remitto.

100 4006 224 4081 „silentur
281 4031 353 4106 Quo
373 4024 468 4086 modo
491 4029 569 4084 enim
595 4026 701 4086 satur?
743 4027 830 4086 Hanc
850 4051 928 4112 ego,
950 4029 1076 4111 inquit,
1105 4046 1172 4086 mea
1197 4025 1263 4105 ipse
1288 4041 1363 4104 gra-

101 4091 324 4194 Biil'g'nmmia
352 4123 442 4171 tutor
463 4109 592 4185 urbem,
621 4111 722 4170 David
750 4114 840 4172 etiam
874 4111 931 4173 filii
952 4115 1013 4173 mei
1036 4132 1143 4188 causa,
1165 4110 1221 4192 qui
1244 4105 1364 4165 abbae

102 4195 209 4236 ΗΜ·
281 4196 344 4280 jam
375 4195 497 4279 pridem
532 4196 595 4255 rita
631 4196 771 4257 decessit.
827 4197 940 4280 Aspice
971 4197 1160 4256 Sanctorum
1183 4204 1302 4274 quauta
1322 4192 1363 4249 sit

103 4283 391 4381 ,illllfflliffl
442 4279 549 4363 Neque
573 4281 654 4343 enim
679 4302 736 4343 sua
762 4281 858 4346 rerba
884 4293 1005 4343 tantum
1041 4292 1095 4342 aut
1119 4296 1275 4362 corpora,
1309 4271 1365 4335 sed
