2768 4762
249 367 328 470 ‚¹4⁴
389 439 393 449 ,
614 366 715 434 nn·
737 315 832 433 sen
872 370 940 436 nr

146 636 151 648 Ι
247 546 360 630 ΙιίΙειιι,
390 547 507 634 (fidelis
536 548 619 617 enim
639 565 712 634 ast,
744 553 799 638 qul
820 556 1012 640 repromisit)
1035 568 1068 620 et
1089 544 1322 626 cousideremns

135 704 138 713 .
246 662 377 722 invicem
399 661 435 725 in-
452 663 709 752 prorocationem
729 666 866 727 caritatis
887 675 920 727 et
939 661 1099 727 bonosum
1119 687 1260 750 opernm.

309 789 406 883 jTit
428 792 476 852 I.=
499 790 651 875 inspem
666 794 748 857 ritas
771 805 929 873 aeternae,
950 814 1043 877 quam
1062 795 1228 879 promisit,
1262 799 1320 881 qui

244 915 310 959 non
329 898 477 959 mentitur
495 896 616 959 DEUS.
1033 975 1035 983 Ι

249 1096 253 1113 Ι
328 1024 430 1087 Rom.
448 1023 506 1087 Va
534 1024 736 1091 Commendat
767 1029 926 1093 carimtem
954 1052 1038 1094 suam
1068 1030 1178 1092 DEUS
1199 1033 1233 1093 in
1257 1054 1319 1096 nn-

244 1128 313 1193 hisz
347 1134 497 1216 quoniam
528 1153 599 1194 cum
620 1134 736 1206 ,adhuc
762 1149 941 1223 peccatores
972 1158 1117 1216 essemus,
1145 1139 1317 1201 secundun

243 1249 367 1321 tempus
389 1239 532 1302 Christus
556 1261 618 1324 pro
640 1240 734 1304 nobis
766 1256 906 1306 mortuus
932 1257 979 1306 est
1001 1257 1059 1305 etc.
1107 1245 1142 1305 Si
1164 1246 1197 1305 in
1224 1249 1317 1308 unius

244 1342 361 1409 delicto
392 1328 477 1409 mors
505 1348 644 1431 regnarit
674 1369 733 1432 per
756 1371 876 1421 unum:¹
905 1350 1005 1412 multo
1029 1352 1124 1436 magis
1152 1349 1315 1412 abnndan-

243 1452 318 1523 tiam
338 1455 455 1536 gratiae
486 1465 518 1515 et
541 1453 717 1517 donationis
740 1467 771 1517 et
796 1458 936 1538 justitiae
960 1459 1167 1548 accipientes,
1198 1459 1231 1517 in
1254 1461 1317 1520 vita

244 1558 419 1644 regnabunt
453 1580 512 1646 per
544 1582 640 1622 unum
665 1561 797 1624 JESUM
820 1564 985 1627 Christum.
1041 1563 1106 1624 -Ubi
1145 1563 1315 1626 abundavit

152 1712 158 1723 ,
243 1666 417 1746 delictum,
455 1666 721 1753 superabundavit
740 1673 856 1754 gratim
888 1684 926 1732 ut
947 1673 1027 1759 sicut
1049 1673 1187 1755 regnavit
1201 1692 1315 1756 pecnn-

126 1803 130 1807 ·
176 1765 179 1769 Δ
219 1785 311 1836 tum
336 1776 369 1836 in
395 1787 544 1855 mortem,
574 1779 617 1838 iu
646 1789 677 1838 et
701 1779 799 1860 gratia
825 1789 932 1861 regnet
959 1798 1017 1871 per
1036 1777 1189 1858 justitiam
1212 1779 1245 1861 iu
1266 1780 1314 1838 si-

242 1892 306 1943 tum
334 1893 510 1969 aeternam,
539 1903 597 1968 per
627 1882 760 1943 JESUM
786 1883 944 1945 Christum
970 1884 1140 1945 Dominum
1158 1878 1311 1947 nostrum

324 1988 430 2054 Rom.
462 1989 570 2052 vul..
604 1987 677 2052 Non
707 1968 985 2074 s'nnt‘condignas
1021 1991 1176 2074 passiones
1215 1984 1312 2068 hujnl

183 2122 190 2140 ·
240 2099 390 2182 temporis
411 2095 464 2159 nd
493 2092 630 2158 futuram
652 2093 803 2180 gloriam,
843 2117 923 2179 quae
942 2095 1129 2158 revelabitur
1153 2096 1184 2153 in
1206 2092 1310 2156 nohis.

323 2203 403 2266 Pro
416 2224 445 2263 r.
471 2201 560 2266 XV.=
594 2200 711 2263 Secura
732 2224 816 2264 mens
838 2203 1024 2288 quasi,juge
1042 2203 1224 2263 convivium.
1346 2196 1352 2205 '

324 2309 351 2371 1.
375 2310 488 2372 Joan.
516 2309 591 2371 111.=
620 2308 795 2390 Carissimi,
825 2312 935 2373 sinor
957 2321 1099 2372 nostrum
1116 2329 1181 2370 non
1202 2330 1310 2392 repre·

163 2461 164 2466 κ
238 2416 385 2480 henderit
413 2414 496 2495 nos,
515 2413 661 2476 fiduciam
698 2415 849 2479 hahemus
881 2416 922 2477 ad
950 2417 1068 2479 Deum:
1102 2429 1133 2479 et
1152 2415 1310 2499 quidquid

238 2526 437 2611 petierimus,
480 2525 663 2607 accipiemus
695 2521 734 2583 ab
771 2544 827 2601 eo,
874 2528 1022 2606 quoniam
1062 2523 1205 2586 mandata
1239 2526 1308 2605 ejus

240 2631 453 2709 custodimus,
480 2644 513 2692 et
534 2651 589 2709 ea,
617 2642 786 2714 quaesunt
808 2627 930 2713 placida
949 2653 1053 2693 coram
1075 2651 1133 2708 eo,
1170 2630 1307 2688 facimus.

323 2737 348 2798 I.
372 2739 459 2798 Cor.
487 2738 531 2800 1..
572 2737 642 2800 Sive
676 2747 777 2806 autem
807 2736 1013 2815 tribulamur,
1039 2758 1100 2823 pro
1135 2749 1236 2797 vestra
1259 2759 1310 2796 cr-

237 2842 417 2905 hortatione
437 2858 468 2905 et
487 2845 604 2908 salute:
640 2845 702 2905 sive
724 2842 942 2924 exhortamur,
977 2846 1038 2929 pro
1068 2856 1169 2907 restra
1196 2843 1310 2905 exhor-

237 2951 355 3011 tatione
388 2962 419 3011 et
449 2951 566 3031 salute,
612 2971 692 3034 qnae
725 2963 873 3036 operatur
905 2952 1101 3012 tolerantiam
1141 2952 1309 3012 earundem

236 3059 429 3141 passionum,
465 3081 540 3141 quas
567 3071 598 3119 et
614 3079 672 3118 nos
697 3058 847 3141 patimnr=
877 3069 908 3118 et
929 3079 998 3141 spes
1020 3071 1129 3119 nostra
1154 3057 1243 3118 firma
1263 3071 1309 3119 cst

236 3184 298 3248 pro
317 3165 426 3242 vobis,
454 3171 600 3242 scientes,
625 3163 712 3248 qnod
736 3166 821 3227 sicut
838 3166 916 3226 socii
937 3167 1114 3250 passionum
1134 3164 1230 3235 estis,
1264 3166 1308 3226 sic

236 3271 323 3332 eritis
354 3282 384 3331 et
411 3272 643 3335 consolationis.
1110 3250 1126 3337 ι’
1235 3287 1237 3291 ’

245 3400 252 3417 ‘-
322 3376 439 3440 Hebr.
465 3381 542 3441 IIL:
583 3378 725 3442 Christus
752 3401 827 3441 vero
853 3389 1000 3460 tunquam
1025 3375 1109 3440 filius
1146 3377 1179 3439 in
1212 3375 1306 3437 domo

234 3501 306 3548 sua:
339 3488 419 3566 qu'ae
439 3484 548 3549 domus
569 3506 673 3549 sumus
694 3507 769 3564 nos,
799 3486 825 3549 si
850 3483 997 3548 fiduciam
1034 3499 1067 3549 et
1089 3485 1218 3571 gloriam
1239 3484 1305 3565 spci

234 3593 392 3677 usquead
413 3591 505 3654 linem
524 3591 643 3669 firmam
659 3593 851 3654 retineamus.
1205 3584 1213 3592 ’

316 3699 372 3760 Ηε
384 3699 441 3768 br.
476 3699 531 3760 X.:
553 3699 630 3761 Num
648 3700 689 3761 et'
704 3693 814 3760 vinctis
832 3699 985 3784 compassi
1006 3700 1099 3779 estis,
1115 3709 1147 3760 et
1166 3694 1307 3780 rapinam

232 3805 393 3868 bonorum
420 3819 596 3869 vestrorum
617 3828 688 3869 cum
714 3806 829 3891 gaudio
854 3807 1055 3890 suscepistis,
1086 3813 1308 3893 cognoscentes

233 3935 290 3976 vos
309 3912 425 3974 hahere
447 3913 605 3976 meliorem
625 3926 657 3975 st
674 3926 846 3976 manentem
860 3911 1073 3975 substantiam.
1114 3909 1222 3972 Nolite
1247 3910 1310 3970 ita·

233 4039 295 4102 qne
326 4021 466 4082 amittere
495 4019 715 4085 confidentiam
752 4034 905 4097 vestrum,
941 4040 1021 4102 quac
1051 4039 1191 4104 maguam
1212 4014 1311 4077 habet

187 4129 193 4152 ⁸
232 4130 521 4191 remunerationem.
568 4127 722 4193 Patientia
758 4129 839 4188 enim
868 4124 957 4191 vobis
978 4129 1149 4189 necessario
1171 4137 1239 4200 cst,
1273 4135 1309 4183 nt

231 4232 421 4298 voluntatem
438 4237 498 4299 Dei
518 4236 693 4317 iacientes,
720 4237 887 4320 reportetis
910 4238 1157 4319 promissionem.
