2768 4762
366 444 696 509 sennenn
1029 456 1079 523 19

87 632 210 693 Μιιιιι.
234 626 402 691 mm:
443 626 638 715 Baptizontes
667 647 719 691 eos
746 629 779 689 in
809 631 933 697 nomine
963 628 1077 711 Petris,

54 740 140 812 Filii,
162 750 194 799 et
214 736 348 819 Spiritus
370 739 475 798 sancti.

86 868 180 930 Psnn.
202 864 299 926 cm:
342 863 455 926 Tecum
470 866 660 951 principium
680 866 713 925 in
738 862 789 926 die
810 869 934 932 virtutis
955 884 1027 933 tuae
1044 875 1077 935 in

47 973 225 1037 lentioribus
249 985 442 1035 sanctorum:
464 995 499 1035 ex
517 987 609 1035 utero
623 984 692 1033 ante
709 968 873 1035 lucilerum
892 981 984 1063 genui
996 992 1035 1041 te.

87 1103 209 1166 Hebr.
231 1103 277 1163 I.:
318 1103 490 1166 Novissime
521 1102 631 1166 diebus
660 1102 728 1164 istis
756 1098 883 1169 loeutus
912 1120 960 1171 eet
985 1108 1078 1173 nobis

60 1210 141 1289 lilio,
166 1231 257 1293 quem
276 1211 439 1271 constituit
453 1208 617 1272 haeredem
640 1211 881 1293 universorum,
902 1234 962 1299 per
987 1192 1079 1297 qnem

47 1323 79 1381 :it
99 1330 130 1381 et
150 1317 263 1380 secula.
307 1318 371 1394 Qui
387 1336 459 1378 enm
481 1320 523 1378 eit
538 1316 689 1401 splendor
702 1316 821 1401 gloriae
841 1330 873 1380 et
891 1317 1080 1405 figorneub-

47 1426 136 1489 mtiee
150 1427 229 1509 ejus,
251 1436 445 1507 portansque
460 1424 563 1485 omnia
573 1420 673 1484 verbo
684 1424 809 1486 virtutis
820 1445 904 1503 tune,
917 1430 1082 1512 purgatio·

47 1556 73 1594 m
104 1545 305 1618 peecatorum
329 1530 463 1607 taciens,
498 1529 585 1591 sedet
615 1527 655 1589 ad
680 1528 834 1592 dexteram
859 1533 1037 1615 majestatis,
1051 1535 1083 1594 in

47 1641 154 1703 eelsis:
189 1647 277 1699 tanto
304 1634 417 1696 melior
447 1635 561 1719 angelis
590 1636 726 1715 effeetus,
757 1651 875 1723 quanto
892 1638 1084 1700 differentius

47 1768 86 1806 ne
108 1744 169 1803 illis
185 1763 296 1803 nomen
311 1740 523 1803 haereditavit
569 1742 626 1804 cui
653 1746 732 1803 enim
749 1743 827 1807 dixit
840 1744 1010 1829 aliquando
1028 1766 1085 1806 nn-

47 1848 170 1928 lomm,
203 1848 300 1911 Filius
321 1869 405 1910 mene
426 1861 522 1924 estu,
557 1867 614 1935 ego
630 1846 727 1912 hodie
745 1852 839 1937 genui
855 1852 908 1914 tel
949 1852 1084 1937 Eturnr·
1172 1888 1175 1895 ·

47 1980 92 2018 m:
115 1956 183 2041 Ego
209 1976 264 2016 ero
287 1954 334 2015 illi
362 1958 393 2016 in
419 1967 547 2038 patrem,
582 1968 613 2017 et
635 1956 700 2041 ipse
727 1960 788 2020 erit
805 1958 882 2020 mihi
903 1960 936 2020 in
960 1956 1081 2021 filium?

47 2088 50 2123 :
76 2084 146 2125 enm
176 2064 288 2124 iterum
315 2060 491 2125 introducit
513 2064 754 2148 primogenitum
776 2066 810 2126 in
839 2062 949 2143 orbem
967 2072 1080 2147 terrae,

47 2174 103 2233 :ite
140 2171 183 2231 Et
204 2168 336 2231 adorent
361 2190 431 2230 eum
453 2190 558 2232 omnes
577 2169 688 2256 Angeli
708 2170 778 2232 Dei.
828 2170 871 2234 Et
890 2171 930 2234 ad
944 2172 1080 2258 Angelos

47 2277 134 2340 idem
155 2276 249 2338 dicit:
272 2276 336 2356 Qui
360 2276 435 2337 sacit
455 2277 581 2361 angelos
597 2296 670 2340 tuos
690 2278 838 2361 spiritus,
872 2268 904 2342 et
922 2256 1080 2342 ministros

47 2407 79 2448 os
107 2382 257 2445 flammam
283 2385 371 2467 ignis.
413 2381 464 2443 Ad
478 2382 576 2445 filium
598 2396 714 2445 antem:
744 2382 891 2448 Thronus
911 2399 983 2451 tuus
1004 2388 1081 2449 deus

58 2489 197 2555 eeeulmn
218 2488 331 2550 seculi:
358 2491 445 2575 virga
464 2492 629 2574 aequitatis
654 2491 742 2575 virgo
760 2495 848 2575 regni
866 2494 923 2555 toi.
962 2490 1083 2559 Dilexi-

47 2644 51 2663 .
70 2599 235 2684 justitiam,
259 2609 316 2658 ete.

93 2731 120 2791 1.
152 2729 262 2792 Ioan.
292 2725 364 2789 Νη
406 2727 499 2788 Peter
528 2729 612 2791 mitit
637 2724 740 2791 filium
773 2746 865 2791 suum
880 2704 1085 2817 §rhetorem

47 2836 128 2897 nndi.
172 2837 215 2896 Et
243 2834 339 2918 paulo
369 2845 457 2894 ante:
490 2834 559 2917 lpse
590 2834 697 2897 dilexit
716 2855 791 2915 nos,
821 2848 852 2897 et
878 2838 962 2899 misit
984 2832 1085 2897 filium

47 2966 101 3006 nm
121 2944 378 3028 propitiationem
398 2961 460 3024 pro
481 2944 613 3025 peccetis
634 2943 761 3005 nostris.

94 3074 184 3135 Ῐοιιι.
206 3071 294 3133 XV.:
338 3070 414 3132 Cum
436 3084 537 3132 autem
550 3073 669 3134 venerit
687 3068 882 3155 paraeletus,
915 3090 1006 3153 quem
1027 3091 1085 3155 ego

47 3182 133 3241 ittam
153 3179 242 3242 robis
264 3200 282 3241 ι
301 3178 406 3257 Patre,
439 3179 584 3263 spiritum
602 3179 751 3258 veritatis,
779 3179 836 3262 qui
857 3196 875 3239 a
894 3158 1087 3263 P‘atre'pro-

47 3287 115 3364 dit,
137 3298 195 3348 ete.

102 3392 151 3455 Er
171 3413 235 3479 cap.
255 3391 363 3455 xvi:
405 3390 440 3454 Si
468 3391 550 3453 enim
575 3408 641 3452 ιιοιι
661 3386 791 3471 obiero,
826 3390 1001 3477 paraeletus
1014 3410 1088 3455 ,ιιοιι
1176 3472 1179 3479 Ι

47 3503 121 3563 miet
141 3498 182 3561 ad
201 3520 265 3562 vos.

100 3606 179 3669 Ιιιιιι
201 3602 271 3691 etp)
289 3606 394 3669 xlv.=
433 3605 477 3693 ῌῑ
497 3628 554 3693 ego
578 3596 700 3691 rogabo
714 3618 843 3691 petrem,
865 3617 897 3666 et
918 3602 1012 3666 altum
1034 3624 1091 3689 pe·

47 3714 169 3776 toletum
190 3714 280 3777 dabit
299 3716 399 3793 vobin,
420 3728 456 3776 nt
475 3727 595 3777 maneat
614 3713 776 3777 nobiseum
798 3716 1007 3775 inacternum.
1066 3778 1069 3783 ,

101 3822 149 3883 Er
182 3823 279 3906 paulo
316 3835 405 3907 post:
447 3823 624 3886 Paracletus
652 3834 754 3887 nutem
786 3818 923 3907 Spiritus
953 3831 1089 3897 sanctus,

47 3948 114 3989 uem
133 3931 236 3991 mittet
254 3942 344 4016 peter
369 3931 403 3990 in
423 3930 547 3992 nomine
561 3952 654 4007 moo,·
681 3926 737 3991 ille
751 3944 812 3990 not
831 3924 959 3991 docebit
979 3926 1093 4002 omnin,

47 4048 55 4099 t
78 4049 223 4123 suggeret
244 4034 335 4101 vobit
357 4038 460 4099 omnia
485 4057 688 4135 quaeeunque
706 4032 815 4101 <fitero
832 4030 931 4098 vobis.
1040 4106 1055 4121 Ι

107 4146 134 4207 Ι.
155 4147 242 4211 loen
263 4142 321 4208 Vn
362 4144 439 4207 Tres
463 4157 535 4207 sunt
555 4147 610 4228 qui
630 4122 839 4207 testimoninm
864 4108 987 4215 dantln
1000 4134 1099 4233 enelo,

47 4260 130 4334 nter,
150 4252 302 4334 verbm,
316 4266 355 4317 et
372 4252 515 4337 spiritus
536 4264 677 4317 tenetes.
709 4248 741 4321 e't
757 4250 790 4313 hi
805 4264 869 4316 tres
884 4264 987 4311 onum
1004 4258 1095 4307 tunt.

753 4362 821 4433 2*

781 4625 804 4665 ἱ
