2768 4762
482 328 815 397 SYMBOLO.
1143 340 1194 413 31

201 518 300 585 Dan.
319 516 411 580 vltz
433 512 630 600 Aspiciebam
646 516 681 577 iu
701 516 821 580 visione
836 515 956 599 noetis,
988 530 1021 583 et
1035 538 1108 586 euee
1125 540 1198 587 eum

123 626 262 692 utilibus
300 623 377 687 caeli
402 625 489 709 quasi
516 622 602 686 iilius
628 621 764 684 hominis
792 628 954 708 veniebat,
985 640 1017 690 et
1037 649 1137 714 utque
1154 630 1197 695 ad

122 739 288 819 antiquum
307 730 429 793 dierum
452 733 608 814 pervenite
631 743 663 791 et
685 732 717 792 in
736 748 908 818 conspeetu
922 737 992 819 ojua
1008 734 1196 802 obtuleruut

120 864 201 905 eum.
233 840 299 902 -Et
322 837 410 900 dedit
432 840 461 898 ei
494 848 678 921 potestatem
708 851 740 900 et
761 839 913 903 honorem
937 854 968 905 et
994 846 1142 929 regnunt
1164 858 1197 909 et

119 970 226 1014 omnes
243 946 377 1034 populi,
399 945 503 1007 tribus
522 956 554 1006 et
573 944 771 1030 linguaerpsi
794 951 944 1012 servient:
967 954 1195 1037 potestasque,

119 1072 259 1146 potestas
298 1068 441 1131 aeterna,
475 1040 556 1135 quae
585 1074 650 1116 nou
679 1055 862 1134 auferetur,
881 1068 925 1119 et
958 1078 1087 1191 regnum
1113 1065 1194 1146 ejus,

122 1167 211 1251 quod
229 1182 297 1225 non
321 1172 550 1243 corrumpetur.

204 1292 358 1378 Philip.
380 1292 437 1353 11.·
471 1288 541 1349 Hoc
563 1290 645 1351 euim
668 1291 779 1353 sentite
795 1314 828 1354 in
852 1290 967 1372 robis,
990 1291 1102 1377 quod
1117 1294 1198 1359 etin

119 1400 249 1464 Christo
270 1400 363 1479 Jeuu,
383 1399 438 1481 qui
454 1396 576 1457 eumin
599 1394 701 1456 forma
717 1396 777 1459 Dei
797 1412 891 1478 esset,
913 1420 979 1461 non
997 1404 1199 1484 rapinamar-

120 1508 260 1572 bitratus
284 1512 346 1586 est,
369 1526 434 1567 esse
453 1510 485 1565 e'e
506 1499 664 1586 aequalem
683 1503 777 1585 Deo,
808 1506 862 1566 sed
877 1508 1075 1593 semetipsum
1096 1510 1199 1569 exina-

121 1620 204 1678 nivit
229 1606 428 1696 etopro'pter
449 1608 538 1693 quod
563 1621 594 1671 et
616 1610 701 1673 Deus
728 1611 870 1675 exaltavit
897 1613 1001 1693 illum,
1021 1626 1052 1675 et
1072 1613 1199 1675 donarit

122 1723 173 1782 illi
192 1740 322 1801 nomen,
344 1718 431 1801 quod
445 1731 490 1780 eet
509 1738 605 1800 super
627 1737 718 1780 omne
739 1742 872 1799 nomen,
893 1733 928 1785 ut
950 1714 982 1788 in
1003 1722 1128 1783 nomine
1145 1720 1199 1782 Je-

120 1849 161 1888 su
181 1846 272 1889 omne
289 1846 369 1913 genu
385 1824 546 1903 flectatur,
567 1822 759 1905 caelestium,
781 1804 977 1911 terrestrium
999 1840 1030 1889 et
1053 1826 1197 1889 inferno-

119 1956 205 1996 rumt
228 1945 259 1996 et
275 1934 373 1995 omnir
394 1932 498 2017 lingua
513 1918 711 2009 confiteatur,
736 1954 810 2019 quia
820 1935 974 1998 Dominus
991 1935 1081 2000 Jesuu
1101 1912 1200 1999 chri-

120 2055 186 2105 stus
206 2043 239 2104 iu
256 2041 358 2128 gloria
380 2052 428 2102 est
447 2039 507 2101 Dei
532 2039 642 2125 patrie.

204 2172 292 2233 Luo
320 2166 405 2232 XV.·
434 2168 709 2271 congratulamini
744 2168 846 2255 mihi,
877 2173 953 2257 quia
971 2173 1084 2235 -iureni
1108 2194 1198 2245 orem

122 2302 234 2361 meam,
256 2280 310 2363 qui
332 2281 467 2363 perierat
481 2293 540 2341 etc.
584 2278 723 2339 lbidem.
747 2279 835 2341 Dixit
852 2294 953 2343 autem
962 2293 1057 2371 pater
1077 2280 1116 2343 ud
1130 2258 1198 2343 sei·¹

122 2411 177 2452 voe
201 2407 299 2449 euos·
333 2384 404 2445 Cito
433 2387 575 2468 proferte
605 2384 717 2477 stolam
740 2388 888 2468 primam,
920 2400 951 2449 et
971 2386 1090 2450 induite
1108 2387 1197 2479 illum

46 2552 49 2559 .
125 2508 155 2557 et
180 2496 253 2557 date
279 2492 458 2554 annulum
450 2514 481 2553 ιιι
505 2514 629 2554 manum
638 2493 750 2573 ejus,
783 2506 814 2553 et
836 2492 1066 2561 calceamenta
1058 2514 1091 2553 ιιι
1103 2493 1198 2578 pedet

125 2604 223 2689 ejus·
244 2613 275 2663 et
299 2598 445 2662 adducite
470 2601 602 2661 vitulum
622 2601 808 2685 saginatum,
843 2611 874 2660 et
895 2598 1043 2663 occidite:
1066 2612 1096 2659 et
1112 2620 1200 2660 mau-

126 2710 293 2787 ducemus,
325 2719 356 2768 et
372 2688 550 2791 ιριιΙειιιιιιι
581 2706 726 2790 quirillo
751 2702 835 2766 filius
855 2725 938 2766 meus
961 2719 1105 2769 mortuus
1133 2716 1201 2791 erat

127 2832 158 2882 et
173 2817 308 2898 revixit,
326 2816 463 2899 perierat
484 2826 515 2875 et
537 2813 677 2877 inventus
705 2826 760 2877 est.

209 2946 300 3009 Luc.
321 2945 399 3007 XL:
420 2944 500 3006 Cum
520 2944 614 3007 fortis
634 2958 768 3019 armatus
795 2942 936 3005 custodit
967 2946 1079 3013 atrium
1097 2963 1199 3025 tuum,

127 3058 159 3119 iu
178 3075 256 3141 pace
271 3066 349 3123 ,sunt
373 3074 426 3131 ea,
456 3072 537 3134 quae
572 3052 719 3136 possidet.
761 3052 795 3113 Si
821 3064 921 3112 autom
942 3050 1060 3112 fortior
1082 3072 1121 3114 eo
1145 3072 1201 3125 ιιις

51 3160 54 3195 ¹
125 3164 306 3249 perveniens
323 3161 433 3220 vicerit
454 3180 537 3236 eum,
563 3162 707 3220 universa
725 3180 808 3221 arma
827 3160 896 3242 ejus
909 3158 1054 3236 auferet,
1076 3159 1110 3219 iu
1125 3160 1199 3241 qui-

126 3270 189 3333 bur
204 3266 384 3334 confidebat
394 3312 405 3344 ,
425 3279 456 3326 et
474 3266 578 3349 spolia
598 3269 667 3349 ejus
689 3264 867 3328 distribuet.

207 3400 309 3463 Iiom.
331 3396 437 3459 Vnt:
459 3394 546 3457 Nihil
569 3414 644 3479 ergo
661 3415 745 3454 nunc
771 3393 976 3456 damnationis
996 3407 1041 3456 est
1064 3396 1119 3474 iis,
1138 3391 1198 3479 qui

128 3516 203 3571 auu't
224 3510 257 3569 in
280 3505 406 3568 Christo
428 3504 517 3581 Iesu,
539 3504 593 3585 qui
609 3524 673 3563 non
693 3501 865 3564 secundum
886 3524 1009 3564 earnem
1027 3502 1197 3569 ambulante

127 3617 189 3679 lex
208 3617 292 3677 euim
308 3615 436 3696 spiritus
461 3614 540 3673 vitae
560 3613 593 3673 iu
615 3610 742 3673 Christo
763 3610 861 3688 lesu,
882 3608 1026 3671 liberauit
1048 3628 1129 3670 mea
1151 3606 1198 3669 le-

127 3744 165 3807 ge
188 3723 359 3809 percutiet
381 3721 501 3781 mortis.
538 3746 541 3751 ·

211 3828 238 3891 1.
261 3828 348 3889 Cor.
382 3825 457 3889 v1.=
493 3826 600 3910 Empti
630 3827 701 3888 estis
728 3828 832 3909 pretio
851 3846 973 3912 magno.
1016 3814 1202 3887 Glorifiette

124 3950 159 4001 et
175 3946 311 4023 portate.
326 3933 426 3995 Deum
447 3936 479 3995 in
496 3953 635 4016 corpore
655 3945 771 3994 restro.

198 4044 240 4107 -t
260 4043 374 4106 Petu.
405 4042 450 4103 L:
484 4040 557 4103 Nou
584 4038 850 4124 uorruptibilibus
879 4060 959 4104 auro
987 4038 1035 4101 rel
1071 4050 1199 4124 argento

121 4150 296 4237 redempti.
311 4152 385 4253 ertia
400 4147 440 4210 de
463 4168 542 4211 rana
562 4160 665 4213 restra
685 4152 921 4214 couversatione
935 4160 1086 4238 paternae
1098 4144 1200 4210 tradi-
