2768 4762
402 368 735 438 stunoxo.
1098 360 1154 437 Μ

86 580 134 631 est
160 559 371 651 principium,
405 558 631 646 primogenitus
649 578 685 622 ex
705 552 854 635 mortuis,
880 552 979 617 nteit
998 548 1033 615 in
1052 551 1155 614 omni·

86 676 145 737 btu
177 676 244 757 ipse
271 670 440 755 primatum
468 679 592 731 teneuse
627 669 713 751 quie,
727 669 760 727 in
780 666 851 749 ipso
870 660 1062 747 complacuit
1085 680 1156 723 ons·

87 802 156 843 nern
183 773 409 865 plenitudinem
436 772 626 841 inhabitares
648 787 679 836 et
699 796 757 860 per
780 792 851 833 eum
868 768 1071 833 reconciliare
1086 788 1156 831 ons·

86 868 138 927 nis
169 868 201 925 in
231 866 353 947 ipsum,
389 856 553 943 pseifiuons
587 881 647 945 per
666 862 845 945 sanguinem
863 858 966 921 erucis
984 857 1071 939 ejus,
1091 854 1155 915 sive

87 994 169 1057 quse
198 972 231 1033 in
251 970 366 1044 terris,
387 968 451 1027 sive
472 988 554 1049 quae
574 969 606 1030 in
620 968 721 1031 ,caelis
742 979 841 1031 sunt.
1140 1018 1144 1033 .

173 1079 198 1140 1.
221 1066 413 1139 Corinth.
436 1073 523 1135 XV.:
542 1074 674 1143 Tradidi
687 1071 866 1137 enimvobis
887 1072 1046 1159 inprimis,
1067 1064 1156 1152 quod

86 1198 120 1247 et
139 1185 266 1267 accepis
290 1184 439 1265 quonium
459 1180 602 1243 Christus
623 1192 767 1245 mortuus
786 1192 833 1243 est
855 1202 915 1267 pro
936 1179 1071 1265 peccetis
1096 1196 1158 1245 nor·

87 1295 183 1370 stris,
218 1291 390 1353 secuudum
416 1290 602 1372 scripturus
642 1291 768 1371 etquis
789 1286 928 1373 sepultus
950 1295 1012 1361 est,
1033 1280 1160 1363 etquis

88 1400 263 1463 resurruit
288 1398 382 1459 tertis
404 1393 480 1473 die,
512 1394 683 1461 seeundum
707 1399 899 1479 scriptnrsss
931 1403 964 1453 et
984 1392 1057 1473 qnia
1078 1389 1162 1449 visus

91 1520 139 1569 est
174 1504 316 1588 Cophee,
348 1516 379 1563 et
409 1514 484 1586 post
506 1501 569 1563 lroo
589 1500 741 1563 undecim.
781 1499 903 1563 Deinde
922 1499 1007 1559 visus
1027 1506 1074 1557 est
1093 1490 1163 1577 plns

93 1632 190 1695 quem
207 1609 385 1690 quingentis
411 1607 562 1669 fratribus
587 1607 694 1669 simule
727 1628 762 1669 ex
788 1606 903 1690 quibus
933 1603 1022 1666 multi
1042 1611 1166 1662 monent

95 1736 196 1797 usque
225 1712 346 1789 adhue,
383 1713 509 1796 quidum
543 1726 644 1779 auten
680 1715 902 1793 dormierunt,
941 1710 1062 1775 Deinde
1082 1710 1166 1777 visus

65 1850 70 1865 ι
99 1832 147 1881 est
170 1818 311 1897 Jsoobo,
343 1820 453 1884 deinde
477 1820 639 1907 Apostolis
660 1820 814 1885 omnibns.
867 1818 1039 1883 Novissime
1063 1828 1167 1891 nutem

98 1929 237 1987 omnium
246 1939 391 2009 tunquam
404 1927 653 1991 abortivorum
674 1941 721 1991 est
742 1940 774 1989 et
793 1925 881 2007 mihi,
916 1924 1164 1997 ·Si.resurroetio

93 2045 294 2095 mortuorum
313 2054 377 2097 non
399 2048 459 2115 est,
494 2055 597 2119 neque
618 2033 763 2099 Christus
785 2034 962 2097 resurrexit.
1005 2032 1039 2095 Si
1060 2044 1165 2105 entem

94 2138 238 2201 Christus
256 2160 323 2203 uon
342 2144 528 2221 resurrexit,
549 2144 649 2205 inenis
670 2154 718 2204 est
738 2162 815 2228 ergo
836 2142 1031 2227 praedicatio
1042 2150 1162 2217 nostre,

94 2248 192 2309 innuis
213 2259 261 2309 est
281 2246 409 2311 et'fides
429 2262 560 2313 vestre.-
595 2251 772 2313 invenimur
791 2261 895 2312 eutem
925 2258 958 2313 et
979 2247 1048 2309 salsi
1070 2258 1163 2321 testes

92 2352 170 2412 Deis
203 2354 351 2433 quonium
381 2357 592 2417 testimonium
619 2356 750 2417 diximus
771 2355 918 2417 adversus
938 2355 1052 2432 Deum,
1074 2338 1165 2437 quod

93 2459 293 2519 suscitaverit
314 2456 603 2541 Christum,..quem
618 2478 683 2521 uon
705 2462 878 2538 semeitnvit,
911 2462 939 2523 si
957 2464 1075 2523 mortui
1098 2480 1164 2537 npn

95 2573 278 2646 resurgunt.
319 2562 398 2623 Nem
418 2565 444 2623 si
465 2565 582 2625 mortui
602 2582 667 2625 nou
688 2575 875 2647 resurgunt,
903 2581 1005 2645 neque
1026 2562 1166 2635 Christus

95 2654 278 2733 resdrrexit.
321 2670 419 2749 Quod
448 2673 475 2733 si
497 2668 641 2732 Christus
661 2689 728 2733 uon
748 2668 936 2749 resurrexit,
969 2688 1047 2752 vanu
1060 2679 1107 2731 est
1127 2664 1169 2737 fir

96 2776 152 2839 des
174 2788 292 2837 vestre:
326 2776 430 2840 adhuc
452 2780 532 2840 enim
553 2778 625 2838 estis
660 2778 693 2837 in
713 2778 849 2860 peccetis
869 2778 989 2841 vestris.
1030 2774 1117 2859 Ergo
1137 2784 1170 2835 et

97 2886 154 2968 qui
174 2883 371 2947 dormierunt
395 2886 428 2947 in
449 2882 593 2963 Christo,
614 2886 785 2968 perierunt.
828 2881 863 2945 st
883 2882 996 2946 inliso
1016 2883 1080 2943 vite
1100 2893 1171 2943 tun·

99 2970 168 3053 tum
191 2992 225 3053 in
241 2990 367 3055 Christo
388 3002 546 3076 sperantes
567 3012 692 3070 sumus,
716 2987 957 3052 miserabiliores
977 3010 1085 3051 sumus
1101 3010 1171 3067 om·

98 3096 193 3161 uilius
226 3096 417 3161 hominibus.
488 3096 580 3161 Nune
623 3112 724 3161 nutem
763 3094 908 3159 Christus
943 3099 1112 3159 resurrexit
1149 3100 1198 3177 p·

98 3206 234 3267 mortuis
254 3206 410 3289 primitiae
432 3204 669 3283 dormientium,
703 3203 852 3287 quonism
885 3201 1010 3287 quidem
1030 3223 1087 3285 per
1107 3200 1171 3285 ho-

75 3313 214 3377 minem
227 3330 319 3374 mors
329 3356 340 3390 ,
361 3324 392 3373 et
411 3333 469 3396 per
489 3311 646 3373 lrominem
666 3312 855 3375 resurreetio
875 3323 1085 3376 mortuorum.
1153 3364 1159 3389 ,

183 3416 287 3495 Rom.
306 3418 382 3484 vla
413 3418 595 3504 Consepulti
618 3424 698 3480 enirn
718 3439 824 3480 sumus
840 3438 916 3499 eum
937 3416 995 3501 illo
1016 3438 1074 3502 per
1090 3408 1172 3501 bsp-

96 3528 226 3589 tismum
244 3526 278 3586 in
294 3538 449 3605 mortem,
481 3538 520 3588 ut
539 3524 701 3611 quomodo
734 3522 875 3597 Christus
894 3526 1028 3605 surrexit
1048 3544 1067 3587 s
1086 3544 1170 3605 mor·

98 3636 163 3697 tuis
184 3654 245 3719 per
263 3632 395 3718 glorium
413 3632 541 3711 Putris,
561 3636 604 3695 itu
625 3645 657 3695 et
676 3653 734 3695 nos
756 3635 789 3694 in
808 3635 946 3695 novitate
967 3636 1047 3696 sitne
1058 3630 1170 3695 umbu-
1226 3618 1229 3622 λ

101 3740 209 3803 leuius.
252 3738 287 3800 Si
308 3742 390 3801 enim
410 3739 613 3824 complantati
635 3741 710 3802 sueti
739 3760 846 3801 sumus
865 3739 1062 3803 similitudini
1082 3760 1171 3813 mor,-

101 3846 143 3909 tis
177 3848 269 3929 ejus,
305 3845 396 3908 simul
423 3859 455 3909 et
488 3848 724 3909 resurrectionis
757 3848 881 3911 erimus.
935 3847 1167 3929 nesscimus,

102 3952 177 4033 quis
194 3964 283 4019 vetus
304 3953 401 4018 homo
424 3966 532 4017 noster
554 3952 647 4017 simul
668 3950 838 4019 crucifixus
866 3968 931 4034 est,
965 3967 1002 4017 nt
1026 3955 1170 4019 destrue·

102 4066 154 4117 tur
172 4080 287 4146 eorpus
308 4063 449 4148 peccati,
480 4072 517 4123 ut
537 4061 619 4124 ultra
640 4082 704 4123 non
734 4066 900 4127 serviemus
916 4077 1057 4149 peoeuto.
1101 4065 1168 4141 Qui

100 4164 183 4225 enin
211 4181 355 4231 mortuus
388 4179 455 4247 est,
487 4166 676 4251 justificatus
706 4180 752 4231 est
781 4183 959 4255 speeesto.
1012 4170 1046 4233 si
1066 4184 1167 4233 sutem

94 4276 216 4339 morsui
241 4297 350 4341 sumus
374 4296 447 4338 otuu
475 4274 626 4355 Christo,
663 4276 835 4355 oredimus,
867 4278 943 4361 quis
962 4276 1053 4341 simul
1075 4278 1166 4339 etim
