2768 4762
271 397 355 472 334
571 381 644 457 nu
676 388 1046 500 naumurum
1112 468 1134 493 Ι,

270 600 395 664 cunque
421 580 567 658 voveris,
598 580 716 644 reddes
733 579 913 665 'multoque
939 578 1048 643 melios
1074 591 1203 660 estnon
1224 598 1352 663 vovere,

271 708 365 774 quam
391 701 466 774 post
487 701 595 753 votum
624 691 778 774 promissa
806 699 874 750 nou
893 687 1033 750 reddere.

346 813 379 902 Ἰ.
401 840 498 909 Tine.
525 839 586 903 V.:
614 840 912 905 ¹Adolescentiores'
935 820 1036 903 autem
1083 839 1193 905 viduas
1235 843 1347 908 devita.

271 950 349 1010 Cum
379 950 459 1008 enim
494 947 664 1010 luxuriatae
704 949 821 1014 suerint
840 952 873 1009 in
904 938 1052 1048 Christo,
1081 951 1203 1012 nubere
1221 952 1348 1016 volunt:

198 1076 201 1083 ·
270 1056 419 1141 babentes
440 1054 688 1136 damnationem,
711 1060 785 1141 quia
808 1060 940 1142 primam
952 1056 1044 1120 fidem
1059 1062 1179 1121 irritam
1193 1058 1346 1123 feceruut.

353 1211 470 1276 Dent.
492 1211 631 1272 xxiia:
651 1211 729 1272 Cum
750 1224 858 1273 votum
879 1215 1000 1273 voveris
1021 1214 1159 1274 Domino
1182 1212 1254 1276 Deo
1277 1228 1348 1295 tuo,

270 1340 335 1380 nou
364 1319 503 1381 tardabis
535 1319 683 1380 reddere:
720 1322 793 1402 quia
817 1321 955 1401 requiret
976 1319 1054 1381 illud
1084 1322 1241 1382 Dominus
1263 1322 1346 1384 Deus

270 1440 361 1498 taus;
400 1440 431 1488 et
456 1429 482 1488 si
507 1424 644 1488 moratus
668 1429 785 1504 fueris,
809 1425 1007 1512 reputabitur
1030 1425 1089 1487 tibi
1111 1429 1143 1488 in
1163 1442 1345 1510 peccatum:

270 1534 305 1595 Si
329 1535 468 1606 nolueris
499 1535 666 1618 polliceri,
701 1535 818 1617 absque
850 1545 978 1618 peccato
1011 1536 1083 1594 eris.
1126 1536 1226 1611 Quod
1247 1552 1346 1599 antem

269 1643 371 1703 semel·
393 1663 547 1725 egressum
584 1655 629 1733 est
657 1642 695 1729 de
728 1643 816 1703 labiis
847 1645 928 1718 tuis,
960 1640 1161 1721 observabis,
1200 1658 1233 1706 et
1256 1647 1345 1708 facies

268 1753 349 1815 sicut
377 1752 549 1835 promisisti
575 1750 713 1811 Domino
745 1749 833 1811 1)Εο
861 1762 937 1825 tuo,
972 1762 1002 1810 ct
1030 1753 1163 1834 propria
1184 1751 1345 1816 voluntate

269 1840 453 1923 ctoretuo
472 1858 594 1918 locutus
617 1878 657 1918 cs.
713 1872 717 1881 “

260 2042 263 2047 ,
350 1987 498 2049 Psalm.
523 1988 661 2047 XLIXst
693 1986 822 2048 immola
853 1986 942 2048 DEO
970 1985 1154 2049 sacrificium
1171 1940 1296 2068 laudis,
1318 2005 1347 2053 et

268 2095 365 2159 redde
401 2095 549 2168 altissimo
574 2106 645 2153 vota
673 2107 735 2153 tua.
780 2092 922 2153 Ibidem:
955 2095 1117 2157 Peccatori
1138 2108 1238 2157 autem
1266 2098 1350 2161 dixit

268 2203 403 2264 DEUS:
434 2204 540 2280 Quare
561 2213 597 2261 tu
619 2222 743 2262 enarras
763 2202 896 2281 justitias
921 2224 1022 2282 meas,
1051 2217 1082 2266 et
1099 2206 1225 2266 assumis
1248 2217 1349 2268 testa·

268 2322 405 2370 mentum
426 2331 526 2370 meum
545 2332 601 2395 per
623 2332 658 2370 os
680 2308 786 2370 tuum?
842 2372 844 2385 ὲ

351 2440 409 2501 111.
425 2441 523 2502 ‘Cora
546 2441 606 2501 ll.:
635 2441 705 2501 Non
733 2456 836 2500 sumus
867 2442 946 2499 sicut
967 2438 1112 2522 plurimi,
1135 2440 1341 2502 adulterantes

267 2544 397 2607 verbum
426 2548 516 2626 DEI,
551 2549 604 2611 sed
626 2571 661 2608 ex
682 2550 878 2623 sinceritate,
914 2545 968 2606 sed
989 2549 1071 2608 sicut
1093 2568 1129 2608 ex
1149 2547 1258 2627 ΠΕΟ,
1291 2569 1344 2610 co·

268 2677 333 2715 ram
356 2655 445 2717 DEO
469 2658 501 2715 in
523 2657 700 2717 CHRIS'I'O
733 2655 902 2737 loquimur.

351 2784 401 2846 E't
422 2783 499 2846 IV.:
525 2784 711 2845 abdicamus
738 2784 858 2845 occulta
881 2778 1062 2862 dedecoris,
1098 2806 1164 2846 nou
1185 2786 1347 2848 ambulan-

267 2905 312 2953 tes
344 2895 376 2953 in
410 2895 539 2967 astutia,
577 2913 677 2972 neque
711 2891 919 2951 adulterantes
954 2891 1085 2955 uerbum
1104 2892 1203 2971 DEI,
1240 2895 1346 2956 sedin

181 3018 185 3027 ·
267 2999 513 3060 manifestatione
534 3001 687 3074 veritatis,
711 2999 957 3059 commendantes
976 3012 1095 3083 nosmet
1113 2999 1200 3086 ipsos
1220 3001 1264 3063 ad
1281 3022 1348 3063 om·

266 3127 336 3166 nem
358 3109 575 3168 conscientiam
596 3105 756 3167 bominum
788 3126 891 3167 coram
915 3106 1015 3169 DEO.

573 3347 1068 3463 rannus

350 3519 387 3580 A.
433 3519 663 3582 CONCILIUM
693 3519 794 3582 Tolet.
826 3519 914 3580 VHI.
947 3539 1014 3582 can.
1038 3534 1067 3586 2.
1101 3518 1199 3581 multa
1221 3519 1349 3583 disserit

268 3607 307 3667 de
331 3608 462 3666 incautis
495 3607 686 3686 juramentis.
730 3605 776 3666 Ac
803 3607 884 3665 inter
902 3603 962 3666 alia
984 3604 1109 3686 quidem
1127 3604 1240 3682 docet,
1263 3607 1350 3687 jura-

89 3718 202 3766 umam.
269 3702 370 3751 menta
393 3689 505 3750 resolvi
538 3711 601 3750 non
626 3712 736 3773 posse,
768 3692 841 3770 quia
862 3692 1011 3772 scriptum
1037 3691 1091 3750 sit:
1113 3689 1183 3749 Non
1212 3711 1349 3751 assumes

270 3795 382 3835 nomen
405 3775 533 3835 Domini
558 3774 616 3833 Dei
640 3777 686 3835 tui
709 3776 740 3833 in
763 3794 883 3833 vanum.
929 3776 1088 3834 Caeterum
1107 3776 1288 3854 juramenta
1312 3774 1351 3834 il·

90 3860 355 3935 L31,„‚„,5,‚licita
388 3858 535 3920 servanda
572 3880 635 3919 uon
673 3880 759 3934 esse,
793 3880 827 3917 cx
859 3857 940 3919 beati
969 3858 1133 3918 Ambrosii
1154 3860 1351 3932 testimonio,

90 3901 261 4031 ssggffinlffi
274 3945 328 4027 qui
351 3942 433 4017 libro
456 3948 558 4028 primo
582 3943 759 4004 ossiciorum
782 3942 918 4002 huncio
940 3943 1068 4003 modum
1089 3943 1257 4023 loquitur:
1294 3944 1352 4004 Est

89 4031 363 4128 fffflffi‘ellam
384 4042 495 4089 contra
517 4029 653 4088 officum
675 4048 916 4108 nonnunquam,
940 4028 1060 4089 solvere
1080 4029 1297 4110 promissum,
1322 4039 1351 4088 et

89 4136 217 4177 sententia.
273 4125 495 4174 sacramentum
517 4114 693 4174 custodire=
726 4125 763 4173 ut
783 4113 940 4188 Herodes,
963 4116 1017 4194 qui
1038 4114 1173 4193 jurarit,
1197 4117 1350 4195 quoniam

87 4182 220 4282 wihtl-
273 4195 427 4281 quidquid
459 4199 596 4280 petitura
628 4209 721 4273 esset,
755 4197 843 4257 daret
864 4195 944 4256 filiae
964 4196 1169 4258 Herodiadis:
1193 4210 1225 4258 et
1247 4219 1352 4259 necem

272 4283 399 4346 loannis
423 4284 589 4367 praestitit,
610 4302 650 4343 ne
667 4283 855 4367 promissum
876 4280 1052 4365 denegaret.
1092 4281 1170 4343 Nam
1195 4280 1238 4343 de
1254 4280 1356 4368 lepis·
