2768 4762
383 381 799 452 -DECALOGQ
1064 393 1144 465 m

68 601 133 645 aon
149 587 268 641 arctats
296 573 447 639 exhilarat
475 588 609 653 mentes,
642 597 707 639 non
735 574 861 637 alienat:
884 574 1060 639 affectiones
1079 596 1322 658 nous-manue

68 664 245 741 contrahit,
268 662 322 723 sed
336 662 483 723 extendit
536 664 573 724 In
590 661 705 721 lumine
727 661 786 721 Dei
805 675 964 723 serenatur
987 658 1276 742 memoria,”²⁸¹'¹⁰¹¹⁸·

67 772 153 828 non,
173 748 369 811 obscuratur.
412 747 450 806 In
480 746 595 807 lumine
617 747 676 807 Dei
692 745 856 824 discitur,
886 748 975 830 quod
989 750 1146 809 nescitur:

66 857 134 899 non
157 834 243 918 quod
264 835 378 908 scitur,
401 830 581 905 dediscitur.
625 831 761 913 Superni
783 833 909 913 spiritus
930 832 995 911 illi,
1026 835 1082 916 qui
1104 831 1146 895 ab

68 920 159 982 initio
177 918 280 980 caelos
301 915 495 991 inhabitant,
519 916 670 999 numquid
693 918 767 999 quia
788 915 930 979 incolunt
946 916 1066 996 caelos,
1089 917 1146 979 de·

68 1006 205 1088 spiciunt
226 1016 345 1078 terras,
380 1013 411 1061 et
439 1007 503 1060 non
534 1005 627 1086 magis
657 1022 706 1061 eas
729 1003 854 1061 visitant
874 1014 906 1063 et
924 1001 1145 1085 frequentanti

66 1088 228 1172 Numquid
256 1087 344 1169 quod
380 1107 500 1168 semper
520 1087 626 1159 vident
658 1087 767 1145 sacicm
790 1088 906 1166 patris,
940 1089 1145 1148 ministerium

66 1186 217 1237 evacuant
230 1170 372 1256 pietatis?
422 1170 534 1232 Omnes
557 1171 759 1231 nihilominus
782 1169 1036 1231 administratorii
1050 1174 1226 1253 spiri-ansi.
1241 1201 1262 1242 a,
1274 1200 1308 1242 tt.

64 1270 231 1334 tussunt,
254 1259 337 1316 missi
360 1256 391 1315 iu
414 1258 617 1315 ministerium
639 1267 771 1338 propter
794 1276 870 1329 cos,
894 1257 949 1334 qui
970 1253 1170 1317 haeredita-1

64 1355 127 1405 tem
157 1344 288 1425 capiunt
322 1339 439 1400 salutis.
496 1341 582 1415 Quid
605 1339 704 1421 crgo?
748 1340 939 1399 Discurrunt
960 1336 1080 1421 angeli,
1114 1353 1145 1400 et
1168 1373 1304 1415 snm„

63 1438 254 1489 succurrunt
274 1423 475 1488 hominibus:
500 1435 530 1482 et
551 1429 605 1505 qui
628 1443 663 1482 ex
677 1423 775 1484 nobis
795 1435 883 1497 sunt,
910 1425 1053 1483 nesciunt
1065 1424 1322 1512 nosifflgu'tffiffi

63 1533 123 1573 nec
148 1523 280 1571 »norunt
311 1511 375 1590 jam
411 1509 569 1591 compati,
600 1507 780 1589 inquibus
814 1509 895 1591 passi
918 1519 1043 1568 suntet
1066 1486 1323 1590 ipsiiusqmim-

65 1598 132 1673 Qui
161 1594 288 1655 dolores
313 1592 476 1668 nesciunt,
509 1593 647 1652 sentiunt
668 1605 768 1653 tamen
791 1605 931 1653 nostros:
954 1603 985 1653 et
1011 1593 1066 1673 qui
1092 1569 1209 1651 ve-⁸⁸¹¹‘

62 1692 182 1741 nerunt
217 1678 255 1736 dc
289 1697 398 1760 magna
420 1675 643 1753 tribulatione,
662 1697 738 1740 ,non
763 1690 990 1760 recognoscunt
1010 1678 1090 1756 jam,
1112 1678 1144 1736 in
1258 1752 1261 1756 ἢ

66 1784 134 1845 quo
155 1763 318 1822 sueruntl
344 1761 440 1837 Scio,
473 1762 526 1842 qui
551 1761 641 1821 disits
662 1763 714 1823 Me
735 1748 912 1845 exspectant
932 1763 1020 1842 justi,
1044 1761 1144 1822 donec
1155 1764 1321 1815 Pub-1⁸¹1&

65 1844 222 1907 retribuas
240 1846 324 1907 mibi.
368 1845 474 1906 Justus
491 1857 537 1906 est
565 1844 677 1906 Victor
696 1849 786 1907 etiam
811 1858 987 1929 exspectans
1005 1858 1144 1907 nostram

63 1929 179 2015 procul
205 1929 301 2001 dubio
335 1929 584 1991 retributionem.
633 1930 705 1991 Non
730 1945 777 1993 cst
798 1931 852 1991 ille
873 1933 1022 2014 pincerna
1058 1930 1308 1993 Pha-uomens.

62 2016 188 2091 raonis,
222 2017 277 2097 qui
297 2016 451 2074 inventam
473 2016 602 2096 gratiam
623 2017 754 2076 retinuit
782 2015 862 2091 sibi,
892 2000 957 2097 'pro
983 2014 1071 2076 hetae
1093 2004 1142 2079 sui

61 2103 181 2186 pariter
197 2111 228 2159 et
260 2099 375 2183 captivi
396 2100 520 2159 minime
535 2086 727 2160 chordatus.
771 2102 917 2160 Minister
971 2098 1062 2161 bristi
1084 2113 1140 2174 est,

64 2184 225 2245 Christum
243 2186 394 2265 sequitur.
437 2184 510 2245 Non
532 2196 578 2245 est
599 2184 652 2245 ille
680 2184 799 2247 oblitus
819 2184 892 2246 suae
915 2188 1142 2267 promissionis,

61 2288 120 2330 neo
139 2271 237 2329 'socio
260 2270 414 2350 passionis
443 2269 530 2350 regni
563 2272 758 2331 consortium
788 2268 957 2352 denegavit.
1001 2270 1073 2331 Non
1095 2281 1142 2331 est

62 2353 237 2434 discipulus
260 2363 370 2410 contra
391 2371 437 2410 ma
460 2355 586 2426 istrum,
622 2374 686 2412 non
708 2366 814 2435 potest
835 2356 947 2415 Victor
968 2356 1142 2436 quidquam

62 2437 184 2509 facere,
209 2437 268 2493 nisi
290 2432 379 2512 quod
400 2373 707 2515 vislerismagistrum
724 2437 894 2495 iacientem.
938 2438 1053 2518 Opera,
1072 2460 1141 2519 quae

61 2519 117 2580 ille
139 2519 236 2594 lecit,
260 2529 290 2577 et
308 2519 365 2575 istc
384 2516 458 2576 lecit
477 2516 627 2576 similiter.
670 2518 735 2577 lam
759 2520 859 2578 caelos
881 2523 1050 2604 ingressus,
1062 2543 1141 2602 quos

60 2616 96 2665 ct
116 2615 186 2663 erite
206 2614 330 2685 apertos
357 2598 455 2661 beatis
474 2599 575 2659 oculis
599 2600 803 2683 suspiciebat,
825 2624 896 2662 verc
918 2604 1143 2666 nunc-revela-

59 2701 94 2750 ta
120 2688 199 2762 facie
229 2683 411 2769 speculatur
439 2683 570 2768 gloriam
603 2686 686 2763 Dei,
718 2686 885 2769 absorptus
917 2687 1066 2769 quidem,
1086 2689 1142 2750 sed

61 2792 128 2833 non
155 2770 273 2833 oblitus
291 2769 457 2831 clamorem
478 2790 661 2853 pauperum.
704 2769 795 2831 Beata
815 2775 907 2848 visio,
933 2793 995 2854 qua
1018 2774 1049 2832 in
1070 2794 1144 2834 ean·
1225 2839 1235 2863 ἱ

60 2859 132 2919 dem
151 2858 313 2941 imaginem
332 2856 575 2917 transformatur
598 2855 636 2914 de
659 2855 798 2916 claritate
819 2859 852 2916 in
873 2859 1054 2934 claritatem,
1073 2870 1145 2919 tau·

60 2962 154 3027 qnam
173 2962 190 3001 a
211 2941 338 3001 Domini
361 2943 486 3023 spiritu.
530 2940 558 3001 0
579 2942 689 3023 victrix
714 2943 831 3019 anima,
867 2964 946 3024 quac
968 2944 1050 3003 sicut
1071 2965 1148 3026 pas-¹
1168 2961 1265 3021 invocas
1282 2964 1306 3007 a.

60 3048 112 3089 ser
132 3025 344 3100 transvolans,
374 3026 481 3086 mundi
515 3024 643 3107 laqueos
665 3028 800 3088 evasisti:
833 3032 950 3109 respice
972 3027 1011 3086 ad
1034 3013 1279 3090 incau-V¹⁰²⁰¹⁰¹²·

59 3124 108 3172 tas
128 3131 243 3171 animas
263 3111 421 3172 intricatas
445 3110 530 3187 illis,
554 3111 763 3194 periclitantes
787 3115 818 3170 in
840 3111 919 3190 illis,
953 3124 988 3173 ut
1008 3125 1065 3172 tuo
1084 3134 1144 3196 pa·

59 3198 200 3257 trocinio
222 3215 377 3258 eruamur.
423 3195 560 3267 0,miles
588 3199 730 3273 emerite,
764 3199 820 3279 qui
845 3195 1036 3258 Christianae
1059 3198 1143 3258 mili·

60 3282 124 3341 tiae
138 3279 226 3339 duris
244 3279 407 3342 laboribus
427 3280 581 3363 angelicae
599 3280 754 3342 felicitatis
770 3283 907 3364 requiem
927 3285 1141 3347 commutastis

59 3367 183 3449 respice
200 3364 240 3426 ad
263 3364 402 3426 imbelles
417 3379 448 3428 et
466 3364 633 3425 imbecilles
648 3365 872 3426 commilitones
896 3378 979 3443 tuos,
1018 3370 1073 3448 qui
1090 3370 1141 3427 iu·

59 3460 110 3512 ter
131 3448 261 3511 hostiles
283 3449 402 3533 gladios
421 3462 452 3511 et
476 3448 629 3532 spiritales
645 3452 819 3532 nequitias,
842 3452 903 3511 tuis
928 3450 1074 3513 laudibus
1084 3473 1141 3514 oc·

59 3554 225 3619 cupamur.
270 3535 298 3596 0
318 3538 421 3595 victor
442 3535 569 3607 inclite,
593 3536 648 3616 qui
668 3547 698 3596 et
718 3535 756 3595 dc
769 3548 853 3595 terra
878 3535 958 3596 etde
972 3536 1140 3619 caeloglo-
1200 3527 1204 3534 ⁸

57 3621 228 3680 riosissime
259 3621 353 3680 trium
376 3618 478 3696 hasti,
510 3619 593 3679 illius
630 3618 762 3704 gloriam
798 3619 949 3681 nobiliter
984 3621 1138 3703 superbus

61 3703 260 3787 despiciens,
293 3717 324 3764 et
354 3641 449 3784 hujus
474 3725 569 3786 regna
592 3707 644 3786 pie
671 3704 825 3765 violentus
848 3706 997 3788 diripias,
1020 3709 1140 3789 respice

62 3787 100 3846 (le
124 3788 211 3848 caelo
240 3788 279 3848 ad
299 3791 418 3849 vinctos
441 3801 559 3866 terrae,
583 3803 618 3849 ut
638 3788 714 3850 hacc
736 3792 776 3850 sit
795 3802 924 3849 tuorum
946 3811 1141 3854 consumma-

62 3873 108 3932 tio
133 3872 387 3953 triumphorum,
419 3875 444 3933 si
470 3886 501 3934 et
522 3873 613 3934 nobis
635 3874 757 3933 demum
785 3876 892 3934 vicisse
913 3889 943 3936 te
964 3878 1138 3939 sentiamus.

62 3952 138 4016 Nam
160 3960 185 4017 si
209 3979 244 4017 ex
266 3978 298 4018 rc
321 3978 432 4020 nomen
455 3956 538 4034 tibi,
561 3959 700 4041 perlecta
721 3960 833 4019 veritas
855 3963 986 4021 nominis
1009 3981 1043 4020 ex
1064 3983 1140 4023 nos·

60 4051 112 4100 tra
140 4040 325 4103 liberatione
356 4041 553 4104 censebitur:
598 4056 628 4104 et
650 4055 733 4105 certe
762 4042 847 4105 decst
878 4047 1137 4128 interpretationi,

60 4144 156 4206 quam
186 4127 242 4186 diu
270 4148 346 4203 nos,
388 4130 442 4209 qui
478 4129 525 4187 tui
563 4149 677 4205 sumus,
701 4128 1011 4190 minimcliberamur.
1036 4132 1138 4206 Quam

58 4212 167 4292 pium,
198 4233 292 4294 quam
323 4212 430 4290 dulce,
458 4233 551 4295 quam
570 4234 660 4274 suave
694 4235 715 4273 o
738 4213 898 4275 Victoria
917 4214 1067 4276 hocloco
1090 4214 1139 4274 as·

58 4293 210 4357 flictionis
235 4307 268 4357 et
303 4297 336 4357 iu
369 4296 432 4359 hoc
460 4316 597 4379 corpore
616 4299 726 4359 mortis
746 4310 777 4360 te
795 4320 928 4380 cauere,
962 4311 993 4360 te
1022 4296 1137 4374 colere,
