2768 4762
210 350 264 474 no
574 391 642 457 nn
674 392 809 456 rins
851 392 915 458 nr

291 579 320 643 1.
340 578 424 642 Pet.
444 576 502 640 lle
544 574 649 639 Eratis
674 576 757 640 sient
782 597 855 643 ores
880 590 1035 645 errantesz
1065 585 1120 648 sed
1141 597 1284 658 conversi

211 693 284 755 estis
303 707 388 750 nano
408 684 449 748 ad
464 684 625 746 Pastorem
639 697 671 746 et
687 672 881 770 Episcopum
906 690 1077 753 animarem
1099 709 1284 763 vestrarum.

219 832 222 837 ·
260 798 263 803 ’
294 794 453 858 Coloss.
475 792 518 855 L:
538 791 581 854 Et
601 792 667 877 ipse
686 803 732 854 est
750 805 845 877 capnt
863 799 1008 879 eorporis
1029 797 1200 884 Ecclesiae,
1226 811 1284 891 qni

210 918 258 968 est
277 903 487 988 principium,
516 901 742 984 primogenitus
770 920 806 961 en
831 902 980 963 mortnist
1010 914 1046 965 nt
1064 909 1105 970 sit
1128 911 1161 972 in
1182 918 1287 975 omni-

209 1010 270 1074 bns
302 1013 369 1094 ipse
396 1010 564 1093 primatum
585 1020 709 1068 tenens:
742 1010 817 1092 qnia
834 1012 868 1071 in
884 1008 955 1092 ipso
977 1014 1168 1099 complacuit
1180 1062 1191 1096 ‚
1218 1040 1288 1082 om·

210 1140 280 1179 nem
307 1115 532 1201 plenitudinem
556 1113 751 1192 inhabitare,
773 1128 804 1177 et
824 1136 883 1200 per
903 1134 973 1177 eam
991 1124 1196 1188 reconciliare
1219 1148 1287 1188 om·

209 1228 262 1287 nia
274 1226 306 1285 in
328 1225 437 1306 ipsum,
460 1218 626 1306 pacificans
644 1242 702 1305 per
719 1225 898 1308 sangninem
914 1226 1017 1284 erneis
1038 1229 1108 1307 ejns
1126 1235 1190 1294 sire
1204 1256 1283 1317 quae

209 1335 244 1397 in
265 1330 380 1409 terris‘,
404 1331 466 1392 sive
488 1349 569 1411 quae
596 1329 630 1389 in
645 1329 737 1391 caelis
761 1344 844 1394 sont.

293 1437 395 1501 Ibid.
419 1419 481 1499 Π..
473 1437 569 1496 ·‘In
562 1456 631 1519 ipso
655 1434 811 1499 inhabitat
834 1441 933 1502 omnis
959 1440 1124 1526 plenitudo
1139 1442 1287 1508 divinita-

209 1550 251 1610 tis
267 1544 491 1637 corporaliter.-
514 1556 544 1604 et
566 1546 638 1606 estis
665 1545 700 1604 in
724 1542 782 1607 illo
802 1547 933 1631 repleti,
957 1552 1012 1631 qui
1036 1562 1083 1612 est
1104 1564 1200 1637 eaput
1220 1574 1288 1615 om·

211 1657 261 1719 nis
283 1654 478 1740 principatus
492 1663 523 1713 et
546 1651 719 1735 potestatis.

295 1759 439 1845 Ephes.¹
464 1757 508 1821 1.=
544 1758 730 1819 Benedictus
760 1758 847 1821 Dens
873 1773 907 1823 et-
927 1750 1018 1848 pate'r
1033 1764 1162 1828 Domini
1183 1770 1288 1831 nostri

212 1871 287 1933 Jesn
307 1866 444 1944 Christi,
468 1868 522 1948 qui
542 1864 699 1928 benedixit
720 1870 829 1957 nosin
848 1876 933 1935 omni
953 1874 1175 1937 benedictione
1187 1877 1288 1960 spiri-

217 1974 296 2038 tuaii
312 1987 370 2035 etc.
392 1974 424 2033 in
438 1973 566 2063 ¹landem
586 1972 704 2057 gloriae
732 1976 965 2059 gratissemo,
994 1984 1025 2042 in
1047 2005 1109 2066 qua
1126 1982 1289 2067 gratifica-

213 2085 258 2144 vit
280 2101 338 2143 nos
357 2081 390 2140 in
423 2076 539 2141 dilecto
567 2075 635 2142 filio
657 2101 716 2141 sno
737 2093 796 2144 ete.
852 2084 924 2148 Non
943 2108 1028 2150 cesso
1055 2090 1168 2175 gratias
1196 2107 1289 2172 ageni

213 2211 274 2278 pro
295 2187 401 2264 robis,
423 2189 601 2250 memoriam
623 2189 717 2248 vestri
732 2187 846 2252 faciens
865 2195 898 2252 in
922 2196 1118 2257 orationibus
1137 2199 1229 2273 meis,
1251 2204 1288 2256 nt

214 2299 316 2376 Dens,
338 2298 465 2356 Domini
486 2297 587 2357 nostri
603 2297 677 2357 Jesn
694 2294 810 2358 Christi
829 2299 943 2383 Pater,
977 2303 1096 2388 gloriae
1116 2305 1168 2365 det
1189 2302 1286 2366 robis

216 2411 369 2497 Spiritum
396 2406 562 2488 sapientiae
594 2414 627 2463 et
653 2403 849 2469 revelationis
886 2421 945 2475 eto,
976 2413 1125 2473 suscitans
1150 2409 1241 2471 illum
1271 2430 1288 2469 a

214 2519 365 2588 mortuis,
387 2522 419 2575 et
434 2515 623 2574 constituens
649 2511 689 2572 ad
710 2512 847 2576 dextram
861 2536 948 2578 snam
967 2520 999 2578 in
1014 2517 1209 2594 caelestibus,
1231 2537 1287 2603 ιιι-Ι

213 2648 273 2713 pra
301 2614 427 2684 omnem
447 2621 656 2704 principatum
683 2631 714 2681 et
745 2634 931 2705 potestatem
963 2638 994 2689 et
1017 2629 1166 2687 virtutem
1181 2636 1213 2685 et
1227 2621 1290 2685 do-

214 2736 413 2799 minationem
436 2740 494 2789 eto.

297 2841 315 2901 J
327 2859 410 2900 oan.
433 2834 493 2900 X.:
527 2833 595 2918 Ego
620 2844 651 2893 et
674 2847 764 2917 pater
794 2856 891 2901 unum
919 2859 1034 2901 snmus.
1077 2839 1180 2917 Quem
1199 2850 1291 2923 pater

215 2944 419 3011 sanctificavit
434 2954 463 3001 et
488 2942 572 3003 misit
587 2944 620 3001 in
632 2941 799 3022 mundum,
821 2966 876 3007 vos
900 2945 1025 3027 dieitis,
1048 2949 1123 3031 qnia
1140 2944 1291 3032 blasphe-

216 3076 299 3137 pias,
321 3054 395 3134 qnia
416 3048 500 3129 diri,
522 3049 620 3110 Filius
639 3048 698 3110 Dei
717 3050 807 3137 sumt
847 3052 942 3117 Pater
963 3057 996 3116 in
1020 3076 1068 3117 me
1090 3067 1155 3133 est,
1176 3066 1208 3116 et
1228 3074 1288 3139 ego

217 3167 250 3235 in
269 3173 369 3247 patre.

299 3268 329 3329 Η
340 3288 356 3327 e
368 3264 389 3326 h
402 3285 427 3324 r.
448 3265 489 3325 1.=
513 3262 716 3325 Multifariam
735 3263 903 3350 multisque
920 3268 1021 3331 modis
1042 3267 1117 3330 olim
1133 3268 1220 3330 Dens
1238 3263 1291 3329 lo-

217 3397 316 3463 quens
345 3371 489 3461 patribus
526 3374 559 3431 in
577 3371 764 3457 Prophetis,
793 3376 956 3437 novissime
976 3376 1086 3439 diebus
1111 3377 1177 3439 istis
1200 3373 1291 3435 locu·

216 3499 268 3549 tns
290 3496 336 3545 est
357 3479 448 3543 nobis
474 3482 505 3540 in
520 3476 588 3541 filio
599 3523 610 3558 ,
641 3500 734 3563 quem
751 3483 914 3543 constituit
940 3483 1103 3547 haeredem
1124 3486 1291 3546 universo·

216 3614 309 3670 rum,
342 3608 511 3674 perquem
542 3587 616 3648 feeit
648 3599 679 3647 et
714 3587 845 3649 saecula.
888 3590 1044 3667 Quicum
1072 3593 1112 3652 sit
1133 3588 1285 3676 splendor

218 3701 381 3785 gloriaest
396 3691 498 3779 figora
518 3693 705 3756 substantiae
725 3696 811 3777 ejus,
833 3707 863 3757 et
885 3716 965 3780 quae
981 3710 1166 3779 sequnntur.

302 3802 490 3890 Apoo.1.=
524 3800 592 3887 Ego
614 3822 683 3863 snm
713 3805 831 3887 primns
856 3816 887 3866 et
904 3806 1103 3883 norissimus,
1139 3816 1170 3865 et
1184 3805 1292 3881 rivus,

219 3929 252 3979 et
280 3913 326 3975 sni
348 3922 509 3972 mortuns:
530 3922 562 3971 et
583 3931 653 3971 eece
669 3930 737 3971 snm
753 3913 856 3973 virens
885 3914 919 3975 in
945 3913 1066 3976 saecula
1091 3909 1296 3991 saeculornm,

221 4034 253 4085 et
271 4018 373 4081 habeo
395 4017 493 4079 clares
511 4020 621 4079 mortis
638 4030 670 4079 et
687 4017 813 4084 inferni.
1114 4086 1117 4091 ,
1256 4002 1261 4011 ’

304 4125 385 4188 Mat
399 4123 454 4187 th.
476 4123 643 4187 muti
676 4124 758 4190 Data
791 4138 838 4190 est
868 4125 945 4191 mihi
978 4125 1077 4191 omnis
1106 4134 1245 4213 potestas
1262 4124 1295 4184 in

219 4231 310 4319 ¹eaelo
349 4245 381 4294 et
407 4233 440 4294 in
468 4244 560 4294 terra.
