2768 4762
272 395 350 464 303
581 385 646 449 nn
673 386 941 452 cannara
981 392 1047 453 er

272 580 374 637 tiones
398 585 470 636 sunt
492 577 736 652 martyriorum,
769 590 807 637 ut
826 579 940 638 imitari
959 583 1164 725 noupigest,
1188 585 1282 667 qnod
1302 609 1351 651 α.

98 660 234 752 ⁸¹¹2?ssss
274 661 397 721 lebrare
428 657 569 719 delectat
623 659 686 717 Sed
718 682 776 720 nos
803 662 946 724 volumus
969 685 1104 747 gauere
1135 689 1209 728 eum
1226 679 1350 751 sanetis,

98 723 239 802 nidenan.
274 760 305 805 et
330 743 565 804 tribulationem
597 743 705 827 mundi
725 745 872 807 uolumus
894 752 1046 809 sustinere
1065 772 1136 810 eum
1153 756 1245 835 ipsis.
1289 760 1349 835 Qui

274 832 355 889 enim
375 841 499 917 sanctos
528 830 698 903 murty'res,
728 833 933 911 inquantum
953 837 1115 916 potuerit,
1152 839 1273 900 imitari
1296 864 1351 901 no-

273 912 384 988 luerit,
415 913 454 974 ad
476 933 585 971 eorum
606 912 831 973 beatitudinem
859 938 924 976 non
960 922 1078 999 poterit
1103 926 1286 1001 pervenire:
1308 931 1349 989 sie

273 1012 305 1058 et
335 997 449 1058 Paulus
482 996 654 1078 Apostolus
681 998 858 1078 praedicat,
881 1000 1009 1061 dicens:
1040 1002 1075 1061 Si
1097 1004 1253 1069 fuerimus
1274 1015 1345 1072 socii

272 1086 473 1165 passionum,
495 1083 608 1140 erimus
628 1088 663 1140 'et
679 1082 943 1144 consolationum:
963 1097 995 1145 et
1015 1085 1168 1149 Dominus
1190 1093 1224 1151 in
1247 1093 1346 1155 Eran-

96 1167 374 1245 ron-mugello:
404 1166 437 1224 Si
459 1165 590 1223 mundus
617 1185 672 1223 sos
692 1167 789 1241 odiis
799 1171 935 1246 scitote,
966 1191 1040 1251 quta
1060 1193 1108 1232 me
1126 1176 1272 1256 priorem
1295 1203 1348 1241 ro·

271 1242 320 1311 tiis
341 1250 416 1311 odio
443 1248 564 1312 hahuit.
606 1249 740 1311 llecusat
756 1271 821 1312 esse
838 1256 871 1313 in
894 1275 1048 1338 corpore,
1078 1260 1133 1339 qui
1155 1259 1269 1323 odium
1290 1286 1346 1327 non

268 1336 337 1396 vult
359 1337 509 1395 sustinere
529 1354 601 1393 cum
623 1339 735 1417 eapite.

352 1507 383 1562 ο.
410 1488 672 1638 ἒΕΒΧΔΗΠΙῙΒ
701 1493 735 1550 in
762 1493 822 1576 rig.
848 1491 935 1554 Petr.
963 1507 997 1557 et
1025 1495 1135 1576 Paut,
1167 1521 1261 1585 supr.
1284 1504 1343 1564 ead

268 1591 388 1662 quaest·
1176 1624 1179 1629 ·

352 1696 382 1804 'a
424 1732 620 1795 ismenus
640 1734 677 1793 L.
699 1733 757 1793 in
779 1733 819 1793 ae
839 1733 926 1795 nco.
948 1734 1032 1796 ona
1054 1756 1124 1820 cap.
1148 1751 1230 1808 ss.-
1249 1743 1341 1806 rsa.

91 1819 260 1911 ,53:⁸35
269 1823 377 1881 vitatos
407 1816 657 1903 Apostolorum,
689 1839 743 1877 seu
773 1820 804 1876 in
833 1816 956 1880 honore
975 1835 1147 1895 martyrum
1165 1825 1341 1890 solemnita-

90 1918 253 1981 50s2amtm
269 1919 335 1982 tes,
356 1906 477 1985 antiqui
500 1915 602 1987 patres
621 1905 652 1961 in
671 1904 877 1963 venerationis
901 1908 1046 1981 mysterio
1066 1906 1225 1971 celebrari
1241 1935 1340 1974 sanxe-

88 1970 260 2059 iiiiiifiaaa
270 2001 363 2061 runt,
386 1988 434 2049 rel
451 1987 490 2048 ad
516 1986 705 2048 excitandam
724 1988 943 2064 imitationem,
975 1989 1023 2049 rel
1040 2002 1076 2050 ut
1099 1996 1223 2056 meritis
1239 2018 1335 2059 eorum

88 2067 200 2155 {¹2:¹¹ng
205 2066 258 2153 Ἐξ,
269 2076 508 2147 consociemur,
539 2084 632 2152 atque
654 2069 850 2131 orationibus
876 2072 1074 2154 adjuvemur:
1096 2078 1142 2136 ita
1163 2091 1287 2157 tamen,
1308 2094 1336 2141 ut

88 2167 129 2205 se.
142 2177 162 2204 e.
176 2171 208 2208 as
268 2157 348 2218 nulli
372 2171 561 2232 martyrum,
583 2156 637 2214 sed
651 2156 711 2237 ipsi
728 2155 797 2215 Deo
813 2170 984 2232 martyrum
1003 2158 1183 2239 offeramus,
1206 2171 1336 2248 quamvis

266 2246 307 2303 in
327 2244 482 2304 memoriis
511 2252 682 2314 martyrum
711 2242 932 2301 constituamus
967 2241 1084 2304 altaria.
1144 2248 1227 2324 Quis
1260 2254 1334 2310 enirn

265 2331 461 2405 antistitum,
497 2328 529 2386 in
560 2323 637 2386 locis
662 2336 840 2385 sanctorum
871 2347 1041 2408 corporum
1072 2331 1214 2393 assistens
1236 2333 1328 2408 altari,

86 2421 182 2465 mna
210 2449 221 2483 Ι.
236 2421 255 2465 1.
265 2413 433 2494 aliquando
463 2410 557 2471 dixit:
587 2408 753 2472 Offerimus
779 2408 838 2468 tibi
868 2410 961 2470 Petre
985 2425 1040 2473 aut
1058 2412 1182 2493 Paule,
1204 2428 1255 2478 aut
1272 2418 1328 2492 Cs-

85 2479 194 2578 2⁸22?ss
212 2483 394 2582 1⁸⁸0priane?
415 2494 472 2557 sed
497 2493 583 2577 quod
604 2493 752 2570 offertur,
773 2492 906 2555 offertur
927 2496 1018 2576 Deo,
1041 2501 1096 2580 qui
1114 2514 1267 2577 martyres
1282 2524 1332 2562 co·

86 2569 406 2663 ssfgf'¹¹‘¹’‘”ronarrt,
434 2579 517 2663 apud
548 2581 710 2641 memorias
738 2598 868 2657 eorum,
895 2600 975 2660 quos
1008 2587 1186 2658 coronavit,
1219 2608 1285 2668 quo
1302 2608 1333 2645 ex

261 2670 403 2750 ipsorum
432 2665 575 2725 locorum
600 2684 705 2724 amore
726 2665 830 2743 major
853 2663 979 2724 affectus
1004 2678 1143 2750 exsurgat
1161 2667 1203 2727 ad
1221 2691 1334 2754 augen-

261 2751 332 2811 dam
360 2753 534 2823 caritatem,
574 2761 605 2808 et
629 2751 661 2807 in
694 2745 773 2822 illis,
804 2768 889 2828 quos
905 2751 1019 2810 imitari
1047 2772 1233 2834 possumus,
1257 2758 1332 2816 etin

258 2834 334 2912 illo,
364 2857 428 2916 quo
455 2833 623 2913 adjurante
645 2832 810 2914 possimus.
859 2831 996 2894 Colimus
1024 2856 1099 2920 ergo
1120 2850 1275 2915 martyres
1298 2862 1333 2899 oo

258 2920 344 2981 cultu
366 2918 542 2978 dilectionis
566 2929 597 2976 et
619 2917 792 2990 societatis,
828 2937 891 2997 quo
919 2920 1000 2977 etin
1029 2919 1166 2981 haerita
1183 2917 1334 2985 doluutnr

257 3006 355 3066 sancti
378 3002 518 3063 homines
542 3001 623 3077 Dei,
658 3020 795 3081 quorum
822 3021 879 3059 cor
907 3001 946 3060 ad
972 3001 1138 3149 talemperp
1159 3007 1333 3095 evangeliea

255 3091 384 3149 veritate
413 3087 586 3169 passionem
612 3095 755 3167 paratum
782 3104 845 3144 esse
872 3087 1027 3147 sentimus.
1154 3090 1229 3153 illos
1244 3104 1332 3155 tanto

256 3174 415 3246 devotius,
450 3183 567 3251 quanto
591 3170 729 3229 securius
763 3181 836 3250 post
860 3182 1026 3232 certamina
1048 3174 1152 3235 omnia
1174 3196 1214 3235 su
1253 3190 1330 3252 rata,

255 3269 373 3338 quanto
399 3257 489 3315 etiam
513 3251 679 3314 fidentiore
705 3251 795 3311 laude
819 3255 1033 3335 praedicamus
1060 3258 1126 3340 jum
1146 3260 1179 3318 in
1195 3196 1253 3323 id:
1270 3264 1331 3322 rita
1379 3250 1381 3329 l

254 3341 412 3403 feliciores
435 3341 584 3414 victores,
617 3358 710 3420 quam
729 3338 761 3396 iu
781 3340 838 3398 ista
863 3338 965 3401 adhuc
984 3362 1083 3424 usque
1105 3358 1291 3427 pugnantes.

76 3506 244 3549 Certiosmi
337 3509 367 3564 8.
409 3495 467 3556 ΕΤ
486 3517 554 3579 cap.
576 3508 644 3563 asa
681 3492 794 3556 Omnes
816 3495 992 3558 festivitates
1014 3518 1075 3581 pro
1096 3499 1247 3561 varietate
1282 3522 1329 3561 ra-

76 3558 215 3645 iiiiii?
256 3581 404 3661 gionum,
433 3580 614 3660 diversaque
643 3582 675 3637 in
700 3577 852 3638 honorem
879 3594 1050 3657 martyrum
1069 3594 1236 3667 tempore,
1259 3584 1331 3647 ideo

76 3655 273 3743 illidii&
296 3667 370 3723 Viris
395 3664 599 3745 prudentibus
622 3664 762 3722 instituta
782 3674 871 3737 sunt,
893 3685 933 3725 ne
948 3665 1032 3727 sorte
1062 3688 1134 3730 rara
1155 3686 1332 3755 mugregr·

75 3752 242 3847 &emungit-
255 3749 300 3807 tio
324 3749 433 3831 populi
453 3747 547 3808 fidem
558 3751 710 3809 minueret
732 3748 762 3804 in
787 3745 922 3809 Christo.
964 3749 1137 3835 Propterea
1156 3770 1235 3837 ergo
1265 3754 1330 3815 dies

123 3829 129 3841 ’
254 3830 349 3912 aliqui
384 3835 545 3893 constituti
579 3846 673 3905 sunt,
707 3842 741 3888 ut
764 3831 902 3892 inunum
924 3837 1159 3920 omuespariter
1178 3842 1330 3901 eonveni-

252 3929 345 3990 rent,
377 3927 413 3974 ut
445 3938 462 3976 e
491 3928 663 4002 conspectu
687 3925 797 3976 mutuo
827 3928 859 3977 et
891 3915 968 3981 tides
993 3932 1133 4001 ereren,
1153 3932 1188 3985 et
1208 3920 1328 3987 laetitia

251 4000 352 4080 major
367 4001 498 4062 oriatur.
