<?xml version="1.0" encoding="UTF-8"?>
<!DOCTYPE html PUBLIC "-//W3C//DTD XHTML 1.0 Transitional//EN"
    "http://www.w3.org/TR/xhtml1/DTD/xhtml1-transitional.dtd">
<html xmlns="http://www.w3.org/1999/xhtml" xml:lang="en" lang="en">
 <head>
  <title>
</title>
<meta http-equiv="Content-Type" content="text/html;charset=utf-8" />
  <meta name='ocr-system' content='tesseract 3.04.00' />
  <meta name='ocr-capabilities' content='ocr_page ocr_carea ocr_par ocr_line ocrx_word'/>
</head>
<body>
  <div class='ocr_page' id='page_1' title='image "./summadoctrinaec00kanigoog_0495.png"; bbox 0 0 2752 4770; ppageno 0'>
   <div class='ocr_carea' id='block_1_1' title="bbox 257 312 1175 453">
    <p class='ocr_par' dir='ltr' id='par_1_1' title="bbox 257 312 1175 453">
     <span class='ocr_line' id='line_1_1' title="bbox 257 312 1175 453; baseline -0.005 -21"><span class='ocrx_word' id='word_1_1' title='bbox 257 379 338 453; x_wconf 76' lang='lat'><strong>444</strong></span> <span class='ocrx_word' id='word_1_2' title='bbox 504 369 589 431; x_wconf 81' lang='lat' dir='ltr'><strong>aa</strong></span> <span class='ocrx_word' id='word_1_3' title='bbox 628 312 1071 430; x_wconf 68' lang='lat' dir='ltr'><strong>arancarum</strong></span> <span class='ocrx_word' id='word_1_4' title='bbox 1170 377 1175 385; x_wconf 91' lang='lat'><strong>·</strong></span> 
     </span>
    </p>
   </div>
   <div class='ocr_carea' id='block_1_2' title="bbox 82 547 1363 4350">
    <p class='ocr_par' dir='ltr' id='par_1_2' title="bbox 82 547 1363 4350">
     <span class='ocr_line' id='line_1_2' title="bbox 259 547 1343 699; baseline -0.003 -77"><span class='ocrx_word' id='word_1_5' title='bbox 259 559 420 623; x_wconf 83' lang='lat' dir='ltr'><strong>adversum</strong></span> <span class='ocrx_word' id='word_1_6' title='bbox 438 554 640 699; x_wconf 54' lang='lat' dir='ltr'><strong>,sacerdqpnm</strong></span> <span class='ocrx_word' id='word_1_7' title='bbox 667 547 833 635; x_wconf 78' lang='lat' dir='ltr'><strong>collegium</strong></span> <span class='ocrx_word' id='word_1_8' title='bbox 862 553 1027 699; x_wconf 57' lang='lat' dir='ltr'><strong>qulieqqqqn</strong></span> <span class='ocrx_word' id='word_1_9' title='bbox 1052 567 1218 617; x_wconf 78' lang='lat' dir='ltr'><strong>moveret:</strong></span> <span class='ocrx_word' id='word_1_10' title='bbox 1254 577 1343 621; x_wconf 90' lang='lat' dir='ltr'><strong>nemo</strong></span> 
     </span>
     <span class='ocr_line' id='line_1_3' title="bbox 384 641 1344 703; baseline 0.004 -4"><span class='ocrx_word' id='word_1_11' title='bbox 384 642 497 701; x_wconf 84' lang='lat' dir='ltr'><strong>&#39;riuum</strong></span> <span class='ocrx_word' id='word_1_12' title='bbox 532 641 565 696; x_wconf 87' lang='lat' dir='ltr'><strong>&#39;n</strong></span> <span class='ocrx_word' id='word_1_13' title='bbox 589 641 680 699; x_wconf 90' lang='lat' dir='ltr'><strong>icium</strong></span> <span class='ocrx_word' id='word_1_14' title='bbox 742 649 790 699; x_wconf 87' lang='lat' dir='ltr'><strong>ost</strong></span> <span class='ocrx_word' id='word_1_15' title='bbox 835 659 855 697; x_wconf 94' lang='lat' dir='ltr'><strong>o</strong></span> <span class='ocrx_word' id='word_1_16' title='bbox 879 641 965 698; x_wconf 92' lang='lat' dir='ltr'><strong>uis</strong></span> <span class='ocrx_word' id='word_1_17' title='bbox 1010 641 1127 698; x_wconf 81' lang='lat' dir='ltr'><strong>rarium</strong></span> <span class='ocrx_word' id='word_1_18' title='bbox 1195 654 1290 702; x_wconf 89' lang='lat' dir='ltr'><strong>oste</strong></span> <span class='ocrx_word' id='word_1_19' title='bbox 1313 651 1344 703; x_wconf 80' lang='lat' dir='ltr'><strong>‘e-</strong></span> 
     </span>
     <span class='ocr_line' id='line_1_4' title="bbox 260 642 1342 813; baseline -0.001 -24"><span class='ocrx_word' id='word_1_20' title='bbox 260 642 467 813; x_wconf 54' lang='grc' dir='ltr'><strong>ξξεῗοξὲτιιω</strong></span> <span class='ocrx_word' id='word_1_21' title='bbox 492 663 697 797; x_wconf 63' lang='lat' dir='ltr'><strong>cobsensurn:</strong></span> <span class='ocrx_word' id='word_1_22' title='bbox 718 658 909 802; x_wconf 51' lang='lat' dir='ltr'><strong>iudicgmpse</strong></span> <span class='ocrx_word' id='word_1_23' title='bbox 927 724 992 802; x_wconf 82' lang='lat' dir='ltr'><strong>jam</strong></span> <span class='ocrx_word' id='word_1_24' title='bbox 1019 662 1083 784; x_wconf 73' lang='lat' dir='ltr'><strong>nlla</strong></span> <span class='ocrx_word' id='word_1_25' title='bbox 1105 663 1270 808; x_wconf 52' lang='lat' dir='ltr'><strong>episiopi,</strong></span> <span class='ocrx_word' id='word_1_26' title='bbox 1291 666 1342 789; x_wconf 67' lang='lat' dir='ltr'><strong>liet</strong></span> 
     </span>
     <span class='ocr_line' id='line_1_5' title="bbox 265 806 1344 882; baseline -0.002 -9"><span class='ocrx_word' id='word_1_27' title='bbox 265 814 325 873; x_wconf 91' lang='lat' dir='ltr'><strong>Dei</strong></span> <span class='ocrx_word' id='word_1_28' title='bbox 357 810 488 870; x_wconf 77' lang='lat' dir='ltr'><strong>iaceret:</strong></span> <span class='ocrx_word' id='word_1_29' title='bbox 531 829 621 868; x_wconf 89' lang='lat' dir='ltr'><strong>nemo</strong></span> <span class='ocrx_word' id='word_1_30' title='bbox 648 806 781 866; x_wconf 87' lang='lat' dir='ltr'><strong>discidio</strong></span> <span class='ocrx_word' id='word_1_31' title='bbox 820 808 968 882; x_wconf 88' lang='lat' dir='ltr'><strong>unitatis,</strong></span> <span class='ocrx_word' id='word_1_32' title='bbox 1023 808 1139 868; x_wconf 83' lang='lat' dir='ltr'><strong>Christi</strong></span> <span class='ocrx_word' id='word_1_33' title='bbox 1173 809 1344 872; x_wconf 82' lang='lat' dir='ltr'><strong>Ecclesiam</strong></span> 
     </span>
     <span class='ocr_line' id='line_1_6' title="bbox 268 889 1344 975; baseline -0.001 -17"><span class='ocrx_word' id='word_1_34' title='bbox 268 895 439 970; x_wconf 75' lang='lat' dir='ltr'><strong>scinderet:</strong></span> <span class='ocrx_word' id='word_1_35' title='bbox 461 914 550 953; x_wconf 85' lang='lat' dir='ltr'><strong>nerno</strong></span> <span class='ocrx_word' id='word_1_36' title='bbox 574 891 633 951; x_wconf 90' lang='lat' dir='ltr'><strong>sibi</strong></span> <span class='ocrx_word' id='word_1_37' title='bbox 655 889 779 975; x_wconf 86' lang='lat' dir='ltr'><strong>placens</strong></span> <span class='ocrx_word' id='word_1_38' title='bbox 795 910 830 949; x_wconf 92' lang='lat' dir='ltr'><strong>ac</strong></span> <span class='ocrx_word' id='word_1_39' title='bbox 851 904 990 968; x_wconf 87' lang='lat' dir='ltr'><strong>tumens,</strong></span> <span class='ocrx_word' id='word_1_40' title='bbox 1012 913 1149 953; x_wconf 84' lang='lat' dir='ltr'><strong>seorsum</strong></span> <span class='ocrx_word' id='word_1_41' title='bbox 1168 894 1251 955; x_wconf 84' lang='lat' dir='ltr'><strong>loris</strong></span> <span class='ocrx_word' id='word_1_42' title='bbox 1272 895 1344 957; x_wconf 80' lang='lat' dir='ltr'><strong>liae·</strong></span> 
     </span>
     <span class='ocr_line' id='line_1_7' title="bbox 268 973 1344 1062; baseline 0 -21"><span class='ocrx_word' id='word_1_43' title='bbox 268 982 360 1042; x_wconf 80' lang='lat' dir='ltr'>resim</span> <span class='ocrx_word' id='word_1_44' title='bbox 374 999 485 1039; x_wconf 87' lang='lat' dir='ltr'><strong>novam</strong></span> <span class='ocrx_word' id='word_1_45' title='bbox 505 976 660 1053; x_wconf 90' lang='lat' dir='ltr'><strong>conderet,</strong></span> <span class='ocrx_word' id='word_1_46' title='bbox 685 976 742 1035; x_wconf 88' lang='lat' dir='ltr'><strong>nisi</strong></span> <span class='ocrx_word' id='word_1_47' title='bbox 764 977 789 1034; x_wconf 89' lang='lat' dir='ltr'><strong>si</strong></span> <span class='ocrx_word' id='word_1_48' title='bbox 808 977 850 1035; x_wconf 88' lang='lat' dir='ltr'><strong>ita</strong></span> <span class='ocrx_word' id='word_1_49' title='bbox 868 987 914 1036; x_wconf 89' lang='lat' dir='ltr'><strong>est</strong></span> <span class='ocrx_word' id='word_1_50' title='bbox 937 973 1237 1062; x_wconf 71' lang='lat' dir='ltr'><strong>aliquts‘saerilegae</strong></span> <span class='ocrx_word' id='word_1_51' title='bbox 1251 993 1344 1041; x_wconf 82' lang='lat' dir='ltr'><strong>teme·</strong></span> 
     </span>
     <span class='ocr_line' id='line_1_8' title="bbox 90 1061 1340 1145; baseline 0.001 -21"><span class='ocrx_word' id='word_1_52' title='bbox 90 1067 369 1138; x_wconf 63' lang='lat' dir='ltr'><strong>‘sscaaotefritutis</strong></span> <span class='ocrx_word' id='word_1_53' title='bbox 398 1081 436 1124; x_wconf 86' lang='lat' dir='ltr'><strong>no</strong></span> <span class='ocrx_word' id='word_1_54' title='bbox 477 1061 616 1145; x_wconf 78' lang='lat' dir='ltr'><strong>perditae</strong></span> <span class='ocrx_word' id='word_1_55' title='bbox 649 1061 773 1134; x_wconf 88' lang='lat' dir='ltr'><strong>mentis,</strong></span> <span class='ocrx_word' id='word_1_56' title='bbox 806 1071 842 1118; x_wconf 92' lang='lat' dir='ltr'><strong>ut</strong></span> <span class='ocrx_word' id='word_1_57' title='bbox 859 1072 949 1142; x_wconf 87' lang='lat' dir='ltr'><strong>putet</strong></span> <span class='ocrx_word' id='word_1_58' title='bbox 966 1062 1030 1120; x_wconf 85' lang='lat' dir='ltr'><strong>sine</strong></span> <span class='ocrx_word' id='word_1_59' title='bbox 1049 1062 1108 1121; x_wconf 92' lang='lat' dir='ltr'><strong>Dei</strong></span> <span class='ocrx_word' id='word_1_60' title='bbox 1128 1063 1257 1143; x_wconf 85' lang='lat' dir='ltr'><strong>judicio</strong></span> <span class='ocrx_word' id='word_1_61' title='bbox 1280 1064 1340 1125; x_wconf 87' lang='lat' dir='ltr'><strong>fieri</strong></span> 
     </span>
     <span class='ocr_line' id='line_1_9' title="bbox 89 1132 1341 1231; baseline 0.002 -22"><span class='ocrx_word' id='word_1_62' title='bbox 89 1132 259 1231; x_wconf 47' lang='lat' dir='ltr'><strong>fflissiiiiff</strong></span> <span class='ocrx_word' id='word_1_63' title='bbox 271 1147 475 1220; x_wconf 88' lang='lat' dir='ltr'><strong>sacerdotem,</strong></span> <span class='ocrx_word' id='word_1_64' title='bbox 506 1166 575 1204; x_wconf 89' lang='lat' dir='ltr'><strong>cum</strong></span> <span class='ocrx_word' id='word_1_65' title='bbox 602 1132 754 1203; x_wconf 83' lang='lat' dir='ltr'><strong>Dominus</strong></span> <span class='ocrx_word' id='word_1_66' title='bbox 786 1146 817 1203; x_wconf 92' lang='lat' dir='ltr'><strong>in</strong></span> <span class='ocrx_word' id='word_1_67' title='bbox 840 1144 1007 1226; x_wconf 81' lang='lat' dir='ltr'><strong>Evangelio</strong></span> <span class='ocrx_word' id='word_1_68' title='bbox 1029 1166 1087 1205; x_wconf 87' lang='lat' dir='ltr'><strong>suo</strong></span> <span class='ocrx_word' id='word_1_69' title='bbox 1112 1147 1215 1209; x_wconf 72' lang='lat' dir='ltr'><strong>dicata</strong></span> <span class='ocrx_word' id='word_1_70' title='bbox 1240 1149 1341 1211; x_wconf 82' lang='lat' dir='ltr'><strong>Nonne</strong></span> 
     </span>
     <span class='ocr_line' id='line_1_10' title="bbox 89 1232 1342 1313; baseline 0.006 -26"><span class='ocrx_word' id='word_1_71' title='bbox 89 1235 337 1303; x_wconf 72' lang='lat' dir='ltr'><strong>natt.1o‚29·duo</strong></span> <span class='ocrx_word' id='word_1_72' title='bbox 360 1249 495 1313; x_wconf 79' lang='lat' dir='ltr'><strong>passeres</strong></span> <span class='ocrx_word' id='word_1_73' title='bbox 525 1250 589 1288; x_wconf 83' lang='lat' dir='ltr'><strong>esse</strong></span> <span class='ocrx_word' id='word_1_74' title='bbox 608 1239 756 1303; x_wconf 85' lang='lat' dir='ltr'><strong>veneunt,</strong></span> <span class='ocrx_word' id='word_1_75' title='bbox 783 1240 814 1288; x_wconf 89' lang='lat' dir='ltr'><strong>et</strong></span> <span class='ocrx_word' id='word_1_76' title='bbox 835 1240 942 1288; x_wconf 85' lang='lat' dir='ltr'><strong>neuter</strong></span> <span class='ocrx_word' id='word_1_77' title='bbox 963 1250 1068 1288; x_wconf 88' lang='lat' dir='ltr'><strong>eorum</strong></span> <span class='ocrx_word' id='word_1_78' title='bbox 1086 1232 1170 1291; x_wconf 87' lang='lat' dir='ltr'><strong>cadit</strong></span> <span class='ocrx_word' id='word_1_79' title='bbox 1192 1233 1226 1290; x_wconf 90' lang='lat' dir='ltr'><strong>in</strong></span> <span class='ocrx_word' id='word_1_80' title='bbox 1239 1245 1342 1294; x_wconf 82' lang='lat' dir='ltr'><strong>terram</strong></span> 
     </span>
     <span class='ocr_line' id='line_1_11' title="bbox 265 1304 1343 1400; baseline -0.003 -19"><span class='ocrx_word' id='word_1_81' title='bbox 265 1316 439 1400; x_wconf 85' lang='lat' dir='ltr'><strong>sinepatris</strong></span> <span class='ocrx_word' id='word_1_82' title='bbox 455 1304 634 1373; x_wconf 71' lang='lat' dir='ltr'><strong>voluntate?</strong></span> <span class='ocrx_word' id='word_1_83' title='bbox 678 1313 754 1372; x_wconf 86' lang='lat' dir='ltr'><strong>Cum</strong></span> <span class='ocrx_word' id='word_1_84' title='bbox 771 1311 822 1371; x_wconf 93' lang='lat' dir='ltr'><strong>ille</strong></span> <span class='ocrx_word' id='word_1_85' title='bbox 845 1333 904 1371; x_wconf 91' lang='lat' dir='ltr'><strong>nee</strong></span> <span class='ocrx_word' id='word_1_86' title='bbox 918 1316 1039 1372; x_wconf 89' lang='lat' dir='ltr'><strong>minima</strong></span> <span class='ocrx_word' id='word_1_87' title='bbox 1059 1312 1126 1373; x_wconf 86' lang='lat' dir='ltr'><strong>lieri</strong></span> <span class='ocrx_word' id='word_1_88' title='bbox 1146 1317 1217 1375; x_wconf 90' lang='lat' dir='ltr'><strong>sine</strong></span> <span class='ocrx_word' id='word_1_89' title='bbox 1239 1318 1343 1379; x_wconf 82' lang='lat' dir='ltr'><strong>volun·</strong></span> 
     </span>
     <span class='ocr_line' id='line_1_12' title="bbox 252 1396 1341 1482; baseline 0.006 -25"><span class='ocrx_word' id='word_1_90' title='bbox 252 1414 329 1467; x_wconf 81' lang='lat' dir='ltr'><strong>.tate</strong></span> <span class='ocrx_word' id='word_1_91' title='bbox 349 1402 407 1460; x_wconf 87' lang='lat' dir='ltr'><strong>Dei</strong></span> <span class='ocrx_word' id='word_1_92' title='bbox 430 1397 532 1473; x_wconf 87' lang='lat' dir='ltr'><strong>dicat,</strong></span> <span class='ocrx_word' id='word_1_93' title='bbox 567 1399 717 1456; x_wconf 84' lang='lat' dir='ltr'><strong>existimat</strong></span> <span class='ocrx_word' id='word_1_94' title='bbox 734 1396 848 1479; x_wconf 89' lang='lat' dir='ltr'><strong>aliquis</strong></span> <span class='ocrx_word' id='word_1_95' title='bbox 870 1418 985 1457; x_wconf 88' lang='lat' dir='ltr'><strong>summa</strong></span> <span class='ocrx_word' id='word_1_96' title='bbox 1008 1412 1038 1458; x_wconf 90' lang='lat' dir='ltr'><strong>et</strong></span> <span class='ocrx_word' id='word_1_97' title='bbox 1057 1420 1188 1482; x_wconf 76' lang='lat' dir='ltr'><strong>magna,</strong></span> <span class='ocrx_word' id='word_1_98' title='bbox 1212 1415 1341 1463; x_wconf 86' lang='lat' dir='ltr'><strong>autnon</strong></span> 
     </span>
     <span class='ocr_line' id='line_1_13' title="bbox 265 1482 1338 1564; baseline 0 -16"><span class='ocrx_word' id='word_1_99' title='bbox 265 1489 401 1558; x_wconf 81' lang='lat' dir='ltr'><strong>sciente,</strong></span> <span class='ocrx_word' id='word_1_100' title='bbox 436 1494 490 1542; x_wconf 86' lang='lat' dir='ltr'><strong>aut</strong></span> <span class='ocrx_word' id='word_1_101' title='bbox 513 1502 577 1541; x_wconf 90' lang='lat' dir='ltr'><strong>non</strong></span> <span class='ocrx_word' id='word_1_102' title='bbox 597 1484 793 1564; x_wconf 87' lang='lat' dir='ltr'><strong>permittente</strong></span> <span class='ocrx_word' id='word_1_103' title='bbox 818 1482 887 1542; x_wconf 92' lang='lat' dir='ltr'><strong>Deo</strong></span> <span class='ocrx_word' id='word_1_104' title='bbox 911 1483 942 1540; x_wconf 91' lang='lat' dir='ltr'><strong>in</strong></span> <span class='ocrx_word' id='word_1_105' title='bbox 961 1482 1098 1543; x_wconf 81' lang='lat' dir='ltr'><strong>Ecclesia</strong></span> <span class='ocrx_word' id='word_1_106' title='bbox 1119 1486 1181 1543; x_wconf 85' lang='lat' dir='ltr'><strong>Dei</strong></span> <span class='ocrx_word' id='word_1_107' title='bbox 1213 1484 1338 1563; x_wconf 82' lang='lat' dir='ltr'><strong>fieri,et</strong></span> 
     </span>
     <span class='ocr_line' id='line_1_14' title="bbox 265 1566 1334 1648; baseline 0 -17"><span class='ocrx_word' id='word_1_108' title='bbox 265 1569 461 1643; x_wconf 89' lang='lat' dir='ltr'><strong>sacerdotes,</strong></span> <span class='ocrx_word' id='word_1_109' title='bbox 484 1567 517 1626; x_wconf 90' lang='lat' dir='ltr'><strong>id</strong></span> <span class='ocrx_word' id='word_1_110' title='bbox 539 1579 604 1641; x_wconf 88' lang='lat' dir='ltr'><strong>est,</strong></span> <span class='ocrx_word' id='word_1_111' title='bbox 630 1568 855 1647; x_wconf 82' lang='lat' dir='ltr'><strong>dispensatores</strong></span> <span class='ocrx_word' id='word_1_112' title='bbox 872 1566 950 1644; x_wconf 86' lang='lat' dir='ltr'><strong>ejus,</strong></span> <span class='ocrx_word' id='word_1_113' title='bbox 969 1587 1031 1626; x_wconf 92' lang='lat' dir='ltr'><strong>non</strong></span> <span class='ocrx_word' id='word_1_114' title='bbox 1042 1567 1092 1639; x_wconf 63' lang='lat' dir='ltr'><strong>‚de</strong></span> <span class='ocrx_word' id='word_1_115' title='bbox 1107 1569 1179 1648; x_wconf 88' lang='lat' dir='ltr'><strong>ejus</strong></span> <span class='ocrx_word' id='word_1_116' title='bbox 1197 1575 1334 1633; x_wconf 82' lang='lat' dir='ltr'><strong>sententia</strong></span> 
     </span>
     <span class='ocr_line' id='line_1_15' title="bbox 268 1649 1334 1736; baseline 0.002 -21"><span class='ocrx_word' id='word_1_117' title='bbox 268 1651 425 1716; x_wconf 78' lang='lat' dir='ltr'><strong>ordinarii</strong></span> <span class='ocrx_word' id='word_1_118' title='bbox 469 1651 510 1710; x_wconf 88' lang='lat' dir='ltr'><strong>Et</strong></span> <span class='ocrx_word' id='word_1_119' title='bbox 541 1649 638 1732; x_wconf 89' lang='lat' dir='ltr'><strong>paulo</strong></span> <span class='ocrx_word' id='word_1_120' title='bbox 667 1664 759 1731; x_wconf 88' lang='lat' dir='ltr'><strong>post:</strong></span> <span class='ocrx_word' id='word_1_121' title='bbox 783 1650 937 1733; x_wconf 71' lang='lat' dir='ltr'><strong>Apparet,</strong></span> <span class='ocrx_word' id='word_1_122' title='bbox 964 1672 1033 1732; x_wconf 88' lang='lat' dir='ltr'><strong>qurs</strong></span> <span class='ocrx_word' id='word_1_123' title='bbox 1064 1654 1251 1736; x_wconf 79' lang='lat' dir='ltr'><strong>impugnet,</strong></span> <span class='ocrx_word' id='word_1_124' title='bbox 1287 1677 1334 1716; x_wconf 83' lang='lat' dir='ltr'><strong>nor</strong></span> 
     </span>
     <span class='ocr_line' id='line_1_16' title="bbox 269 1733 1330 1824; baseline -0.001 -23"><span class='ocrx_word' id='word_1_125' title='bbox 269 1739 386 1801; x_wconf 88' lang='lat' dir='ltr'><strong>scilicet</strong></span> <span class='ocrx_word' id='word_1_126' title='bbox 416 1733 631 1811; x_wconf 80' lang='lat' dir='ltr'><strong>CHRJSTUS,</strong></span> <span class='ocrx_word' id='word_1_127' title='bbox 670 1736 723 1814; x_wconf 90' lang='lat' dir='ltr'><strong>qui</strong></span> <span class='ocrx_word' id='word_1_128' title='bbox 751 1735 925 1795; x_wconf 87' lang='lat' dir='ltr'><strong>sacerdotes</strong></span> <span class='ocrx_word' id='word_1_129' title='bbox 940 1748 994 1795; x_wconf 91' lang='lat' dir='ltr'><strong>aut</strong></span> <span class='ocrx_word' id='word_1_130' title='bbox 1008 1740 1173 1797; x_wconf 87' lang='lat' dir='ltr'><strong>constituit</strong></span> <span class='ocrx_word' id='word_1_131' title='bbox 1201 1754 1330 1824; x_wconf 85' lang='lat' dir='ltr'><strong>autpro·</strong></span> 
     </span>
     <span class='ocr_line' id='line_1_17' title="bbox 104 1817 1330 1906; baseline 0.002 -26"><span class='ocrx_word' id='word_1_132' title='bbox 104 1842 250 1893; x_wconf 69' lang='lat' dir='ltr'><strong>impugnato·</strong></span> <span class='ocrx_word' id='word_1_133' title='bbox 269 1824 364 1906; x_wconf 76' lang='lat' dir='ltr'><strong>tegit,</strong></span> <span class='ocrx_word' id='word_1_134' title='bbox 385 1821 439 1880; x_wconf 90' lang='lat' dir='ltr'><strong>sed</strong></span> <span class='ocrx_word' id='word_1_135' title='bbox 463 1819 531 1894; x_wconf 89' lang='lat' dir='ltr'><strong>ille,</strong></span> <span class='ocrx_word' id='word_1_136' title='bbox 561 1821 616 1900; x_wconf 91' lang='lat' dir='ltr'><strong>qui</strong></span> <span class='ocrx_word' id='word_1_137' title='bbox 635 1817 796 1879; x_wconf 84' lang='lat' dir='ltr'>CHRISTI</span> <span class='ocrx_word' id='word_1_138' title='bbox 818 1819 1028 1895; x_wconf 87' lang='lat' dir='ltr'><strong>adversarius,</strong></span> <span class='ocrx_word' id='word_1_139' title='bbox 1046 1832 1076 1879; x_wconf 91' lang='lat' dir='ltr'><strong>et</strong></span> <span class='ocrx_word' id='word_1_140' title='bbox 1095 1821 1260 1885; x_wconf 82' lang='lat' dir='ltr'><strong>Ecclesiae</strong></span> <span class='ocrx_word' id='word_1_141' title='bbox 1281 1828 1330 1906; x_wconf 84' lang='lat' dir='ltr'><strong>eju</strong></span> 
     </span>
     <span class='ocr_line' id='line_1_18' title="bbox 90 1888 1331 1990; baseline -0.006 -11"><span class='ocrx_word' id='word_1_142' title='bbox 90 1903 139 1979; x_wconf 70' lang='lat' dir='ltr'><strong>iii„</strong></span> <span class='ocrx_word' id='word_1_143' title='bbox 151 1888 248 1990; x_wconf 55' lang='grc' dir='ltr'><strong>’ζῖἷῖἒῖ</strong></span> <span class='ocrx_word' id='word_1_144' title='bbox 252 1911 258 1922; x_wconf 89' lang='grc'><strong>’</strong></span> <span class='ocrx_word' id='word_1_145' title='bbox 272 1907 433 1977; x_wconf 87' lang='lat' dir='ltr'><strong>inimicus,</strong></span> <span class='ocrx_word' id='word_1_146' title='bbox 477 1903 517 1963; x_wconf 90' lang='lat' dir='ltr'><strong>ad</strong></span> <span class='ocrx_word' id='word_1_147' title='bbox 548 1902 610 1964; x_wconf 88' lang='lat' dir='ltr'><strong>boe</strong></span> <span class='ocrx_word' id='word_1_148' title='bbox 637 1902 795 1963; x_wconf 86' lang='lat' dir='ltr'><strong>Ecclesiae</strong></span> <span class='ocrx_word' id='word_1_149' title='bbox 822 1907 1030 1986; x_wconf 88' lang='lat' dir='ltr'><strong>praepositum</strong></span> <span class='ocrx_word' id='word_1_150' title='bbox 1065 1925 1120 1963; x_wconf 87' lang='lat' dir='ltr'><strong>sua</strong></span> <span class='ocrx_word' id='word_1_151' title='bbox 1152 1908 1331 1970; x_wconf 75' lang='lat' dir='ltr'><strong>infestatione</strong></span> 
     </span>
     <span class='ocr_line' id='line_1_19' title="bbox 92 1986 1333 2077; baseline 0.005 -30"><span class='ocrx_word' id='word_1_152' title='bbox 92 1986 197 2077; x_wconf 49' lang='lat' dir='ltr'><strong>ffiqgg</strong></span> <span class='ocrx_word' id='word_1_153' title='bbox 214 1998 260 2039; x_wconf 82' lang='lat'>‘1¹¹⁰</span> <span class='ocrx_word' id='word_1_154' title='bbox 272 1990 486 2074; x_wconf 88' lang='lat' dir='ltr'><strong>persequitur,</strong></span> <span class='ocrx_word' id='word_1_155' title='bbox 519 2000 556 2047; x_wconf 86' lang='lat' dir='ltr'><strong>ut</strong></span> <span class='ocrx_word' id='word_1_156' title='bbox 588 1987 792 2069; x_wconf 78' lang='lat' dir='ltr'><strong>gubernatore</strong></span> <span class='ocrx_word' id='word_1_157' title='bbox 818 1987 963 2062; x_wconf 87' lang='lat' dir='ltr'><strong>sublato,</strong></span> <span class='ocrx_word' id='word_1_158' title='bbox 995 1990 1134 2049; x_wconf 86' lang='lat' dir='ltr'><strong>atrocius</strong></span> <span class='ocrx_word' id='word_1_159' title='bbox 1162 2005 1260 2075; x_wconf 88' lang='lat' dir='ltr'><strong>atque</strong></span> <span class='ocrx_word' id='word_1_160' title='bbox 1278 1996 1333 2053; x_wconf 87' lang='lat' dir='ltr'><strong>rio-</strong></span> 
     </span>
     <span class='ocr_line' id='line_1_20' title="bbox 206 2071 1319 2217; baseline 0 -84"><span class='ocrx_word' id='word_1_161' title='bbox 206 2073 211 2084; x_wconf 83' lang='lat'><em>&#39;</em></span> <span class='ocrx_word' id='word_1_162' title='bbox 273 2075 383 2133; x_wconf 88' lang='lat' dir='ltr'><strong>lentius</strong></span> <span class='ocrx_word' id='word_1_163' title='bbox 416 2071 676 2213; x_wconf 55' lang='lat' dir='ltr'><strong>cliqpfflclqleqiae</strong></span> <span class='ocrx_word' id='word_1_164' title='bbox 704 2072 1047 2216; x_wconf 50' lang='lat' dir='ltr'><strong>nanlraggapgrassetur.</strong></span> <span class='ocrx_word' id='word_1_165' title='bbox 1062 2157 1091 2216; x_wconf 76' lang='lat' dir='ltr'><strong>N</strong></span> <span class='ocrx_word' id='word_1_166' title='bbox 1129 2110 1136 2123; x_wconf 70' lang='lat'>=</span> <span class='ocrx_word' id='word_1_167' title='bbox 1299 2155 1319 2217; x_wconf 71' lang='lat' dir='ltr'>b</span> 
     </span>
     <span class='ocr_line' id='line_1_21' title="bbox 154 2159 1328 2220; baseline 0.004 -7"><span class='ocrx_word' id='word_1_168' title='bbox 154 2203 228 2214; x_wconf 91' lang='lat'><strong>..</strong></span> <span class='ocrx_word' id='word_1_169' title='bbox 379 2199 387 2213; x_wconf 85' lang='lat'><strong>.</strong></span> <span class='ocrx_word' id='word_1_170' title='bbox 586 2177 710 2214; x_wconf 87' lang='lat' dir='ltr'><strong>..e.</strong></span> <span class='ocrx_word' id='word_1_171' title='bbox 805 2177 821 2215; x_wconf 87' lang='lat' dir='ltr'><strong>a</strong></span> <span class='ocrx_word' id='word_1_172' title='bbox 891 2176 1033 2216; x_wconf 82' lang='lat' dir='ltr'><strong>omen:</strong></span> <span class='ocrx_word' id='word_1_173' title='bbox 1093 2159 1328 2220; x_wconf 84' lang='lat' dir='ltr'><strong>ecutentsii</strong></span> 
     </span>
     <span class='ocr_line' id='line_1_22' title="bbox 93 2168 1331 2325; baseline 0.009 -32"><span class='ocrx_word' id='word_1_174' title='bbox 93 2205 262 2310; x_wconf 45' lang='lat' dir='ltr'><strong>affabilib-</strong></span> <span class='ocrx_word' id='word_1_175' title='bbox 274 2168 432 2299; x_wconf 57' lang='lat' dir='ltr'><strong>vitaeoaut</strong></span> <span class='ocrx_word' id='word_1_176' title='bbox 459 2238 566 2297; x_wconf 88' lang='lat' dir='ltr'><strong>salutis</strong></span> <span class='ocrx_word' id='word_1_177' title='bbox 586 2176 725 2298; x_wconf 76' lang='lat' dir='ltr'><strong>constslie</strong></span> <span class='ocrx_word' id='word_1_178' title='bbox 735 2169 918 2318; x_wconf 60' lang='lat' dir='ltr'><strong>1lationem,</strong></span> <span class='ocrx_word' id='word_1_179' title='bbox 943 2179 980 2301; x_wconf 63' lang='lat' dir='ltr'><strong>1bi</strong></span> <span class='ocrx_word' id='word_1_180' title='bbox 1001 2181 1176 2325; x_wconf 56' lang='grc' dir='ltr'><strong>Ερίεοορίῐε)</strong></span> <span class='ocrx_word' id='word_1_181' title='bbox 1199 2257 1229 2304; x_wconf 87' lang='lat' dir='ltr'><strong>et</strong></span> <span class='ocrx_word' id='word_1_182' title='bbox 1243 2244 1331 2304; x_wconf 79' lang='lat' dir='ltr'><strong>Sacer·</strong></span> 
     </span>
     <span class='ocr_line' id='line_1_23' title="bbox 93 2308 1329 2405; baseline -0.003 -15"><span class='ocrx_word' id='word_1_183' title='bbox 93 2308 131 2390; x_wconf 65' lang='lat' dir='ltr'><strong>lli</strong></span> <span class='ocrx_word' id='word_1_184' title='bbox 153 2308 262 2389; x_wconf 64' lang='lat' dir='ltr'><strong>iiiiii&#39;·</strong></span> <span class='ocrx_word' id='word_1_185' title='bbox 276 2323 404 2385; x_wconf 89' lang='lat' dir='ltr'><strong>dotibus</strong></span> <span class='ocrx_word' id='word_1_186' title='bbox 425 2318 637 2405; x_wconf 78' lang='lat' dir='ltr'><strong>obtemperare</strong></span> <span class='ocrx_word' id='word_1_187' title='bbox 665 2324 836 2402; x_wconf 85' lang='lat' dir='ltr'><strong>noluerint,</strong></span> <span class='ocrx_word' id='word_1_188' title='bbox 864 2347 934 2386; x_wconf 89' lang='lat' dir='ltr'><strong>cum</strong></span> <span class='ocrx_word' id='word_1_189' title='bbox 955 2327 987 2384; x_wconf 94' lang='lat' dir='ltr'><strong>in</strong></span> <span class='ocrx_word' id='word_1_190' title='bbox 1002 2327 1256 2389; x_wconf 81' lang='lat' dir='ltr'><strong>Deuteronomio</strong></span> <span class='ocrx_word' id='word_1_191' title='bbox 1278 2329 1329 2387; x_wconf 85' lang='lat' dir='ltr'><strong>Ilo·</strong></span> 
     </span>
     <span class='ocr_line' id='line_1_24' title="bbox 91 2404 1327 2498; baseline 0.001 -30"><span class='ocrx_word' id='word_1_192' title='bbox 91 2404 375 2496; x_wconf 53' lang='lat' dir='ltr'><strong>3²:52⁰{3f&#39;13minus</strong></span> <span class='ocrx_word' id='word_1_193' title='bbox 401 2409 485 2466; x_wconf 90' lang='lat' dir='ltr'><strong>Deus</strong></span> <span class='ocrx_word' id='word_1_194' title='bbox 509 2408 612 2468; x_wconf 88' lang='lat' dir='ltr'><strong>dicat:</strong></span> <span class='ocrx_word' id='word_1_195' title='bbox 642 2408 686 2467; x_wconf 91' lang='lat' dir='ltr'><strong>Et</strong></span> <span class='ocrx_word' id='word_1_196' title='bbox 705 2408 799 2469; x_wconf 92' lang='lat' dir='ltr'><strong>homo</strong></span> <span class='ocrx_word' id='word_1_197' title='bbox 820 2414 997 2491; x_wconf 88' lang='lat' dir='ltr'><strong>quicunque</strong></span> <span class='ocrx_word' id='word_1_198' title='bbox 1017 2412 1126 2470; x_wconf 78' lang='lat' dir='ltr'><strong>lecerit</strong></span> <span class='ocrx_word' id='word_1_199' title='bbox 1147 2417 1180 2471; x_wconf 93' lang='lat' dir='ltr'><strong>in</strong></span> <span class='ocrx_word' id='word_1_200' title='bbox 1198 2412 1327 2498; x_wconf 84' lang='lat' dir='ltr'><strong>snperbia,</strong></span> 
     </span>
     <span class='ocr_line' id='line_1_25' title="bbox 275 2492 1330 2579; baseline 0.002 -25"><span class='ocrx_word' id='word_1_201' title='bbox 275 2507 310 2554; x_wconf 89' lang='lat' dir='ltr'><strong>ut</strong></span> <span class='ocrx_word' id='word_1_202' title='bbox 333 2515 395 2553; x_wconf 91' lang='lat' dir='ltr'><strong>non</strong></span> <span class='ocrx_word' id='word_1_203' title='bbox 417 2492 557 2552; x_wconf 76' lang='lat' dir='ltr'><strong>exaudiat</strong></span> <span class='ocrx_word' id='word_1_204' title='bbox 577 2493 783 2570; x_wconf 83' lang='lat' dir='ltr'><strong>sacerdotem,</strong></span> <span class='ocrx_word' id='word_1_205' title='bbox 814 2508 868 2555; x_wconf 86' lang='lat' dir='ltr'><strong>aut</strong></span> <span class='ocrx_word' id='word_1_206' title='bbox 882 2496 1039 2576; x_wconf 86' lang='lat' dir='ltr'><strong>judicem,</strong></span> <span class='ocrx_word' id='word_1_207' title='bbox 1061 2499 1247 2579; x_wconf 90' lang='lat' dir='ltr'><strong>quicunque</strong></span> <span class='ocrx_word' id='word_1_208' title='bbox 1259 2498 1330 2557; x_wconf 81' lang='lat' dir='ltr'><strong>litent</strong></span> 
     </span>
     <span class='ocr_line' id='line_1_26' title="bbox 268 2575 1324 2668; baseline 0.001 -29"><span class='ocrx_word' id='word_1_209' title='bbox 268 2581 301 2640; x_wconf 90' lang='lat' dir='ltr'><strong>in</strong></span> <span class='ocrx_word' id='word_1_210' title='bbox 332 2575 440 2638; x_wconf 88' lang='lat' dir='ltr'><strong>diebus</strong></span> <span class='ocrx_word' id='word_1_211' title='bbox 472 2575 553 2652; x_wconf 89' lang='lat' dir='ltr'><strong>illis,</strong></span> <span class='ocrx_word' id='word_1_212' title='bbox 590 2580 740 2644; x_wconf 86' lang='lat' dir='ltr'><strong>morietur</strong></span> <span class='ocrx_word' id='word_1_213' title='bbox 768 2578 863 2638; x_wconf 89' lang='lat' dir='ltr'><strong>homo</strong></span> <span class='ocrx_word' id='word_1_214' title='bbox 903 2580 974 2658; x_wconf 91' lang='lat' dir='ltr'><strong>ille,</strong></span> <span class='ocrx_word' id='word_1_215' title='bbox 1011 2593 1040 2639; x_wconf 87' lang='lat' dir='ltr'><strong>ct</strong></span> <span class='ocrx_word' id='word_1_216' title='bbox 1068 2583 1169 2641; x_wconf 89' lang='lat' dir='ltr'><strong>omnis</strong></span> <span class='ocrx_word' id='word_1_217' title='bbox 1202 2582 1324 2668; x_wconf 82' lang='lat' dir='ltr'><strong>populus,</strong></span> 
     </span>
     <span class='ocr_line' id='line_1_27' title="bbox 270 2661 1328 2747; baseline 0.001 -25"><span class='ocrx_word' id='word_1_218' title='bbox 270 2683 339 2722; x_wconf 92' lang='lat' dir='ltr'><strong>cum</strong></span> <span class='ocrx_word' id='word_1_219' title='bbox 362 2663 509 2736; x_wconf 87' lang='lat' dir='ltr'><strong>audierit,</strong></span> <span class='ocrx_word' id='word_1_220' title='bbox 534 2661 672 2737; x_wconf 86' lang='lat' dir='ltr'><strong>timebit,</strong></span> <span class='ocrx_word' id='word_1_221' title='bbox 701 2674 731 2721; x_wconf 90' lang='lat' dir='ltr'><strong>et</strong></span> <span class='ocrx_word' id='word_1_222' title='bbox 748 2684 810 2721; x_wconf 90' lang='lat' dir='ltr'><strong>non</strong></span> <span class='ocrx_word' id='word_1_223' title='bbox 824 2677 914 2747; x_wconf 77' lang='lat' dir='ltr'><strong>agent</strong></span> <span class='ocrx_word' id='word_1_224' title='bbox 934 2666 1026 2746; x_wconf 91' lang='lat' dir='ltr'><strong>impie</strong></span> <span class='ocrx_word' id='word_1_225' title='bbox 1049 2667 1138 2723; x_wconf 91' lang='lat' dir='ltr'><strong>etiam</strong></span> <span class='ocrx_word' id='word_1_226' title='bbox 1156 2688 1251 2727; x_wconf 90' lang='lat' dir='ltr'><strong>nunc.</strong></span> <span class='ocrx_word' id='word_1_227' title='bbox 1290 2667 1328 2725; x_wconf 92' lang='lat' dir='ltr'><strong>ln·</strong></span> 
     </span>
     <span class='ocr_line' id='line_1_28' title="bbox 267 2745 1363 2836; baseline 0.002 -29"><span class='ocrx_word' id='word_1_228' title='bbox 267 2745 368 2808; x_wconf 81' lang='lat' dir='ltr'><strong>terfici</strong></span> <span class='ocrx_word' id='word_1_229' title='bbox 407 2749 492 2806; x_wconf 86' lang='lat' dir='ltr'><strong>Deus</strong></span> <span class='ocrx_word' id='word_1_230' title='bbox 522 2746 615 2825; x_wconf 87' lang='lat' dir='ltr'><strong>jussit</strong></span> <span class='ocrx_word' id='word_1_231' title='bbox 646 2746 858 2807; x_wconf 84' lang='lat' dir='ltr'><strong>sacerdotibus</strong></span> <span class='ocrx_word' id='word_1_232' title='bbox 898 2751 960 2808; x_wconf 90' lang='lat' dir='ltr'><strong>suis</strong></span> <span class='ocrx_word' id='word_1_233' title='bbox 993 2769 1055 2807; x_wconf 91' lang='lat' dir='ltr'><strong>non</strong></span> <span class='ocrx_word' id='word_1_234' title='bbox 1084 2749 1327 2836; x_wconf 70' lang='lat' dir='ltr'><strong>obtemperantes</strong></span> <span class='ocrx_word' id='word_1_235' title='bbox 1360 2827 1363 2831; x_wconf 15' lang='grc' dir='ltr'><strong><em>Δ</em></strong></span> 
     </span>
     <span class='ocr_line' id='line_1_29' title="bbox 268 2829 1328 2912; baseline 0.002 -23"><span class='ocrx_word' id='word_1_236' title='bbox 268 2829 431 2912; x_wconf 86' lang='lat' dir='ltr'><strong>judicibus</strong></span> <span class='ocrx_word' id='word_1_237' title='bbox 459 2850 477 2889; x_wconf 88' lang='lat' dir='ltr'><strong>a</strong></span> <span class='ocrx_word' id='word_1_238' title='bbox 506 2851 538 2889; x_wconf 91' lang='lat' dir='ltr'><strong>sc</strong></span> <span class='ocrx_word' id='word_1_239' title='bbox 568 2830 607 2889; x_wconf 91' lang='lat' dir='ltr'><strong>ad</strong></span> <span class='ocrx_word' id='word_1_240' title='bbox 633 2842 753 2912; x_wconf 89' lang='lat' dir='ltr'><strong>tempus</strong></span> <span class='ocrx_word' id='word_1_241' title='bbox 787 2834 959 2890; x_wconf 89' lang='lat' dir='ltr'><strong>constitutis</strong></span> <span class='ocrx_word' id='word_1_242' title='bbox 992 2854 1054 2892; x_wconf 92' lang='lat' dir='ltr'><strong>non</strong></span> <span class='ocrx_word' id='word_1_243' title='bbox 1082 2834 1283 2897; x_wconf 78' lang='lat' dir='ltr'><strong>obedientesa</strong></span> <span class='ocrx_word' id='word_1_244' title='bbox 1307 2843 1328 2891; x_wconf 86' lang='lat' dir='ltr'><strong>et</strong></span> 
     </span>
     <span class='ocr_line' id='line_1_30' title="bbox 269 2912 1328 2996; baseline 0.003 -22"><span class='ocrx_word' id='word_1_245' title='bbox 269 2929 342 2975; x_wconf 86' lang='lat' dir='ltr'><strong>tunc</strong></span> <span class='ocrx_word' id='word_1_246' title='bbox 365 2915 490 2996; x_wconf 89' lang='lat' dir='ltr'><strong>quidem</strong></span> <span class='ocrx_word' id='word_1_247' title='bbox 512 2913 615 2995; x_wconf 77' lang='lat' dir='ltr'><strong>gladio</strong></span> <span class='ocrx_word' id='word_1_248' title='bbox 638 2912 869 2987; x_wconf 85' lang='lat' dir='ltr'><strong>occidebantur,</strong></span> <span class='ocrx_word' id='word_1_249' title='bbox 892 2916 1017 2995; x_wconf 89' lang='lat' dir='ltr'><strong>quando</strong></span> <span class='ocrx_word' id='word_1_250' title='bbox 1039 2916 1140 2977; x_wconf 86' lang='lat' dir='ltr'><strong>adbuc</strong></span> <span class='ocrx_word' id='word_1_251' title='bbox 1162 2934 1196 2979; x_wconf 92' lang='lat' dir='ltr'><strong>et</strong></span> <span class='ocrx_word' id='word_1_252' title='bbox 1216 2924 1328 2980; x_wconf 86' lang='lat' dir='ltr'><strong>circnm-</strong></span> 
     </span>
     <span class='ocr_line' id='line_1_31' title="bbox 265 2997 1326 3085; baseline 0.001 -27"><span class='ocrx_word' id='word_1_253' title='bbox 265 3002 342 3059; x_wconf 91' lang='lat' dir='ltr'><strong>cisio</strong></span> <span class='ocrx_word' id='word_1_254' title='bbox 365 2999 492 3060; x_wconf 77' lang='lat' dir='ltr'><strong>carnales</strong></span> <span class='ocrx_word' id='word_1_255' title='bbox 516 2997 674 3059; x_wconf 80' lang='lat' dir='ltr'><strong>manebat:</strong></span> <span class='ocrx_word' id='word_1_256' title='bbox 704 3018 786 3058; x_wconf 90' lang='lat' dir='ltr'><strong>nune</strong></span> <span class='ocrx_word' id='word_1_257' title='bbox 810 3013 928 3074; x_wconf 87' lang='lat' dir='ltr'><strong>autem,</strong></span> <span class='ocrx_word' id='word_1_258' title='bbox 966 3003 1039 3081; x_wconf 89' lang='lat' dir='ltr'><strong>quia</strong></span> <span class='ocrx_word' id='word_1_259' title='bbox 1061 3007 1260 3065; x_wconf 87' lang='lat' dir='ltr'><strong>circumcisio</strong></span> <span class='ocrx_word' id='word_1_260' title='bbox 1279 3003 1326 3085; x_wconf 89' lang='lat' dir='ltr'><strong>spi·</strong></span> 
     </span>
     <span class='ocr_line' id='line_1_32' title="bbox 95 3080 1324 3228; baseline -0.002 -83"><span class='ocrx_word' id='word_1_261' title='bbox 95 3083 360 3192; x_wconf 41' lang='lat' dir='ltr'><strong>spamam-sitatis</strong></span> <span class='ocrx_word' id='word_1_262' title='bbox 395 3106 462 3144; x_wconf 87' lang='lat' dir='ltr'><strong>esse</strong></span> <span class='ocrx_word' id='word_1_263' title='bbox 489 3083 528 3142; x_wconf 82' lang='lat' dir='ltr'><strong>ad</strong></span> <span class='ocrx_word' id='word_1_264' title='bbox 553 3080 658 3143; x_wconf 88' lang='lat' dir='ltr'><strong>fideles</strong></span> <span class='ocrx_word' id='word_1_265' title='bbox 686 3103 788 3143; x_wconf 89' lang='lat' dir='ltr'><strong>servos</strong></span> <span class='ocrx_word' id='word_1_266' title='bbox 817 3084 891 3142; x_wconf 90' lang='lat' dir='ltr'><strong>DEI</strong></span> <span class='ocrx_word' id='word_1_267' title='bbox 916 3088 1020 3167; x_wconf 90' lang='lat' dir='ltr'><strong>coepit</strong></span> <span class='ocrx_word' id='word_1_268' title='bbox 1033 3129 1073 3228; x_wconf 78' lang='lat' dir='ltr'><strong>,E</strong></span> <span class='ocrx_word' id='word_1_269' title='bbox 1084 3089 1222 3168; x_wconf 86' lang='lat' dir='ltr'><strong>spiritali</strong></span> <span class='ocrx_word' id='word_1_270' title='bbox 1243 3089 1324 3172; x_wconf 79' lang='lat' dir='ltr'><strong>gladie</strong></span> 
     </span>
     <span class='ocr_line' id='line_1_33' title="bbox 86 3165 1325 3254; baseline -0.001 -26"><span class='ocrx_word' id='word_1_271' title='bbox 86 3165 155 3196; x_wconf 76' lang='lat'><strong>⁰⁸¹⁰·</strong></span> <span class='ocrx_word' id='word_1_272' title='bbox 264 3168 391 3251; x_wconf 88' lang='lat' dir='ltr'><strong>superbi</strong></span> <span class='ocrx_word' id='word_1_273' title='bbox 421 3181 452 3228; x_wconf 87' lang='lat' dir='ltr'><strong>et</strong></span> <span class='ocrx_word' id='word_1_274' title='bbox 469 3179 662 3227; x_wconf 88' lang='lat' dir='ltr'><strong>contumaces</strong></span> <span class='ocrx_word' id='word_1_275' title='bbox 685 3181 851 3244; x_wconf 88' lang='lat' dir='ltr'><strong>necantur,</strong></span> <span class='ocrx_word' id='word_1_276' title='bbox 890 3169 961 3229; x_wconf 90' lang='lat' dir='ltr'><strong>dum</strong></span> <span class='ocrx_word' id='word_1_277' title='bbox 983 3170 1021 3231; x_wconf 85' lang='lat' dir='ltr'><strong>de</strong></span> <span class='ocrx_word' id='word_1_278' title='bbox 1076 3170 1189 3232; x_wconf 88' lang='lat' dir='ltr'><strong>eclesia</strong></span> <span class='ocrx_word' id='word_1_279' title='bbox 1212 3176 1325 3254; x_wconf 87' lang='lat' dir='ltr'><strong>ejician-</strong></span> 
     </span>
     <span class='ocr_line' id='line_1_34' title="bbox 263 3252 1323 3335; baseline 0.001 -23"><span class='ocrx_word' id='word_1_280' title='bbox 263 3266 325 3313; x_wconf 89' lang='lat' dir='ltr'><strong>tur.</strong></span> <span class='ocrx_word' id='word_1_281' title='bbox 368 3253 477 3334; x_wconf 90' lang='lat' dir='ltr'><strong>Neque</strong></span> <span class='ocrx_word' id='word_1_282' title='bbox 501 3254 579 3311; x_wconf 88' lang='lat' dir='ltr'><strong>enim</strong></span> <span class='ocrx_word' id='word_1_283' title='bbox 612 3253 712 3311; x_wconf 85' lang='lat' dir='ltr'><strong>vivere</strong></span> <span class='ocrx_word' id='word_1_284' title='bbox 747 3253 822 3312; x_wconf 88' lang='lat' dir='ltr'><strong>soris</strong></span> <span class='ocrx_word' id='word_1_285' title='bbox 854 3267 1000 3335; x_wconf 90' lang='lat' dir='ltr'><strong>possunt,</strong></span> <span class='ocrx_word' id='word_1_286' title='bbox 1030 3274 1097 3312; x_wconf 90' lang='lat' dir='ltr'><strong>eum</strong></span> <span class='ocrx_word' id='word_1_287' title='bbox 1134 3258 1250 3318; x_wconf 86' lang='lat' dir='ltr'><strong>domus</strong></span> <span class='ocrx_word' id='word_1_288' title='bbox 1270 3252 1323 3316; x_wconf 77' lang='lat' dir='ltr'><strong>Du</strong></span> 
     </span>
     <span class='ocr_line' id='line_1_35' title="bbox 265 3336 1262 3421; baseline 0.007 -26"><span class='ocrx_word' id='word_1_289' title='bbox 265 3358 325 3396; x_wconf 87' lang='lat' dir='ltr'><strong>una</strong></span> <span class='ocrx_word' id='word_1_290' title='bbox 353 3340 409 3413; x_wconf 89' lang='lat' dir='ltr'><strong>sit,</strong></span> <span class='ocrx_word' id='word_1_291' title='bbox 441 3349 470 3396; x_wconf 87' lang='lat' dir='ltr'><strong>et</strong></span> <span class='ocrx_word' id='word_1_292' title='bbox 495 3338 605 3396; x_wconf 89' lang='lat' dir='ltr'><strong>nemini</strong></span> <span class='ocrx_word' id='word_1_293' title='bbox 627 3336 707 3395; x_wconf 87' lang='lat' dir='ltr'><strong>salus</strong></span> <span class='ocrx_word' id='word_1_294' title='bbox 731 3359 811 3414; x_wconf 86' lang='lat' dir='ltr'><strong>esse,</strong></span> <span class='ocrx_word' id='word_1_295' title='bbox 850 3340 907 3397; x_wconf 92' lang='lat' dir='ltr'><strong>nisi</strong></span> <span class='ocrx_word' id='word_1_296' title='bbox 932 3360 962 3396; x_wconf 88' lang='lat' dir='ltr'><strong>rn</strong></span> <span class='ocrx_word' id='word_1_297' title='bbox 987 3338 1124 3398; x_wconf 86' lang='lat' dir='ltr'><strong>Ecclesia</strong></span> <span class='ocrx_word' id='word_1_298' title='bbox 1148 3346 1262 3421; x_wconf 85' lang='lat' dir='ltr'><strong>possit.</strong></span> 
     </span>
     <span class='ocr_line' id='line_1_36' title="bbox 84 3420 1329 3504; baseline 0.004 -26"><span class='ocrx_word' id='word_1_299' title='bbox 84 3442 253 3500; x_wconf 63' lang='lat' dir='ltr'><strong>&#39;antesaecu-</strong></span> <span class='ocrx_word' id='word_1_300' title='bbox 351 3435 398 3488; x_wconf 82' lang='lat'><strong>10.</strong></span> <span class='ocrx_word' id='word_1_301' title='bbox 443 3420 682 3481; x_wconf 76' lang='lat' dir='ltr'><strong>GREGORIUS</strong></span> <span class='ocrx_word' id='word_1_302' title='bbox 704 3421 746 3479; x_wconf 89' lang='grc' dir='ltr'><strong>Μ.</strong></span> <span class='ocrx_word' id='word_1_303' title='bbox 772 3423 805 3480; x_wconf 92' lang='lat' dir='ltr'><strong>L.</strong></span> <span class='ocrx_word' id='word_1_304' title='bbox 837 3421 862 3483; x_wconf 83' lang='lat' dir='ltr'><strong>l.</strong></span> <span class='ocrx_word' id='word_1_305' title='bbox 882 3424 991 3504; x_wconf 78' lang='lat' dir='ltr'><strong>epist,</strong></span> <span class='ocrx_word' id='word_1_306' title='bbox 1029 3445 1074 3504; x_wconf 86' lang='lat' dir='ltr'><strong>ep.</strong></span> <span class='ocrx_word' id='word_1_307' title='bbox 1101 3437 1152 3492; x_wconf 72' lang='lat'><strong>94.</strong></span> <span class='ocrx_word' id='word_1_308' title='bbox 1176 3427 1218 3485; x_wconf 86' lang='lat' dir='ltr'><strong>ad</strong></span> <span class='ocrx_word' id='word_1_309' title='bbox 1242 3424 1329 3487; x_wconf 79' lang='lat' dir='ltr'><strong>Patn‘·</strong></span> 
     </span>
     <span class='ocr_line' id='line_1_37' title="bbox 86 3504 1331 3596; baseline 0.003 -32"><span class='ocrx_word' id='word_1_310' title='bbox 86 3509 143 3596; x_wconf 61' lang='lat' dir='ltr'><strong>“ff</strong></span> <span class='ocrx_word' id='word_1_311' title='bbox 155 3521 202 3547; x_wconf 82' lang='lat'>&#39;¹⁰¹²</span> <span class='ocrx_word' id='word_1_312' title='bbox 217 3515 253 3549; x_wconf 78' lang='lat'><strong>⁰¹²</strong></span> <span class='ocrx_word' id='word_1_313' title='bbox 265 3504 371 3565; x_wconf 87' lang='lat' dir='ltr'><strong>archas</strong></span> <span class='ocrx_word' id='word_1_314' title='bbox 397 3505 790 3586; x_wconf 87' lang='lat' dir='ltr'><strong>Constantinopolitnnum,</strong></span> <span class='ocrx_word' id='word_1_315' title='bbox 821 3506 1076 3582; x_wconf 85' lang='lat' dir='ltr'><strong>Alexandrinum,</strong></span> <span class='ocrx_word' id='word_1_316' title='bbox 1100 3507 1331 3581; x_wconf 83' lang='lat' dir='ltr'><strong>Antioclrenuu,</strong></span> 
     </span>
     <span class='ocr_line' id='line_1_38' title="bbox 85 3568 1332 3672; baseline 0.003 -24"><span class='ocrx_word' id='word_1_317' title='bbox 85 3568 111 3597; x_wconf 42' lang='grc' dir='ltr'><strong>’ἃ</strong></span> <span class='ocrx_word' id='word_1_318' title='bbox 140 3570 158 3596; x_wconf 47' lang='grc' dir='ltr'><strong>θ’</strong></span> <span class='ocrx_word' id='word_1_319' title='bbox 266 3588 637 3663; x_wconf 88' lang='lat' dir='ltr'><strong>ctHierosolymitannm:</strong></span> <span class='ocrx_word' id='word_1_320' title='bbox 662 3588 749 3649; x_wconf 88' lang='lat' dir='ltr'><strong>Sient</strong></span> <span class='ocrx_word' id='word_1_321' title='bbox 777 3593 873 3649; x_wconf 88' lang='lat' dir='ltr'><strong>sancti</strong></span> <span class='ocrx_word' id='word_1_322' title='bbox 894 3591 1049 3672; x_wconf 75' lang='lat' dir='ltr'><strong>Evangelii</strong></span> <span class='ocrx_word' id='word_1_323' title='bbox 1075 3606 1216 3671; x_wconf 89' lang='lat' dir='ltr'><strong>quatuor</strong></span> <span class='ocrx_word' id='word_1_324' title='bbox 1238 3595 1332 3664; x_wconf 83' lang='lat' dir='ltr'><strong>libros,</strong></span> 
     </span>
     <span class='ocr_line' id='line_1_39' title="bbox 101 3670 1332 3755; baseline 0.001 -21"><span class='ocrx_word' id='word_1_325' title='bbox 101 3694 240 3751; x_wconf 71' lang='lat' dir='ltr'><strong>concanae.</strong></span> <span class='ocrx_word' id='word_1_326' title='bbox 265 3675 308 3732; x_wconf 90' lang='lat' dir='ltr'><strong>sic</strong></span> <span class='ocrx_word' id='word_1_327' title='bbox 330 3688 466 3754; x_wconf 88' lang='lat' dir='ltr'><strong>quatuor</strong></span> <span class='ocrx_word' id='word_1_328' title='bbox 493 3673 630 3733; x_wconf 81' lang='lat' dir='ltr'><strong>Coneilia</strong></span> <span class='ocrx_word' id='word_1_329' title='bbox 660 3670 813 3755; x_wconf 82' lang='lat' dir='ltr'><strong>suscipere</strong></span> <span class='ocrx_word' id='word_1_330' title='bbox 834 3686 864 3733; x_wconf 91' lang='lat' dir='ltr'><strong>et</strong></span> <span class='ocrx_word' id='word_1_331' title='bbox 883 3679 1016 3734; x_wconf 86' lang='lat' dir='ltr'><strong>venerari</strong></span> <span class='ocrx_word' id='word_1_332' title='bbox 1036 3697 1082 3734; x_wconf 89' lang='lat' dir='ltr'><strong>me</strong></span> <span class='ocrx_word' id='word_1_333' title='bbox 1100 3676 1223 3740; x_wconf 73' lang='lat' dir='ltr'><strong>litteort</strong></span> <span class='ocrx_word' id='word_1_334' title='bbox 1253 3680 1332 3739; x_wconf 70' lang='lat' dir='ltr'><strong>llice·</strong></span> 
     </span>
     <span class='ocr_line' id='line_1_40' title="bbox 84 3744 1333 3843; baseline 0.003 -30"><span class='ocrx_word' id='word_1_335' title='bbox 84 3756 108 3838; x_wconf 43' lang='grc' dir='ltr'><strong>ᾖ,</strong></span> <span class='ocrx_word' id='word_1_336' title='bbox 128 3744 335 3843; x_wconf 40' lang='grc' dir='ltr'><strong>Εἵῇζμῖἷμιυιη</strong></span> <span class='ocrx_word' id='word_1_337' title='bbox 368 3759 509 3835; x_wconf 89' lang='lat' dir='ltr'><strong>scilicet,</strong></span> <span class='ocrx_word' id='word_1_338' title='bbox 539 3759 569 3815; x_wconf 90' lang='lat' dir='ltr'><strong>in</strong></span> <span class='ocrx_word' id='word_1_339' title='bbox 606 3777 668 3838; x_wconf 89' lang='lat' dir='ltr'><strong>quo</strong></span> <span class='ocrx_word' id='word_1_340' title='bbox 703 3779 876 3839; x_wconf 86' lang='lat' dir='ltr'><strong>perversum</strong></span> <span class='ocrx_word' id='word_1_341' title='bbox 902 3752 985 3818; x_wconf 77' lang='lat' dir='ltr'><strong>Arrii</strong></span> <span class='ocrx_word' id='word_1_342' title='bbox 1015 3760 1125 3842; x_wconf 77' lang='lat' dir='ltr'><strong>dogma</strong></span> <span class='ocrx_word' id='word_1_343' title='bbox 1161 3762 1333 3824; x_wconf 84' lang='lat' dir='ltr'><strong>destruitur.</strong></span> 
     </span>
     <span class='ocr_line' id='line_1_41' title="bbox 83 3841 1333 3930; baseline 0.002 -30"><span class='ocrx_word' id='word_1_344' title='bbox 83 3841 640 3930; x_wconf 58' lang='lat' dir='ltr'><strong>⁵·⁰¹²ttt⁰¹¹¹¹⁸Constantinopolitanum</strong></span> <span class='ocrx_word' id='word_1_345' title='bbox 670 3862 812 3922; x_wconf 78' lang='lat' dir='ltr'><strong>quodue,</strong></span> <span class='ocrx_word' id='word_1_346' title='bbox 851 3845 881 3900; x_wconf 92' lang='lat' dir='ltr'><strong>in</strong></span> <span class='ocrx_word' id='word_1_347' title='bbox 914 3864 978 3924; x_wconf 92' lang='lat' dir='ltr'><strong>quo</strong></span> <span class='ocrx_word' id='word_1_348' title='bbox 1002 3844 1148 3904; x_wconf 84' lang='lat' dir='ltr'><strong>Eunomii</strong></span> <span class='ocrx_word' id='word_1_349' title='bbox 1178 3859 1212 3907; x_wconf 87' lang='lat' dir='ltr'><strong>et</strong></span> <span class='ocrx_word' id='word_1_350' title='bbox 1241 3851 1333 3908; x_wconf 87' lang='lat' dir='ltr'><strong>lllaee·</strong></span> 
     </span>
     <span class='ocr_line' id='line_1_42' title="bbox 82 3902 1333 4013; baseline 0.003 -31"><span class='ocrx_word' id='word_1_351' title='bbox 82 3902 212 3932; x_wconf 50' lang='lat' dir='ltr'><strong>“mm&#39;&#39;</strong></span> <span class='ocrx_word' id='word_1_352' title='bbox 265 3925 350 3984; x_wconf 91' lang='lat' dir='ltr'><strong>donii</strong></span> <span class='ocrx_word' id='word_1_353' title='bbox 374 3947 460 3985; x_wconf 90' lang='lat' dir='ltr'><strong>error</strong></span> <span class='ocrx_word' id='word_1_354' title='bbox 482 3929 684 3986; x_wconf 89' lang='lat' dir='ltr'><strong>convincitur.</strong></span> <span class='ocrx_word' id='word_1_355' title='bbox 728 3926 917 4009; x_wconf 84' lang='lat' dir='ltr'><strong>Eplresinum</strong></span> <span class='ocrx_word' id='word_1_356' title='bbox 936 3931 1190 4011; x_wconf 87' lang='lat' dir='ltr'><strong>etiamprimum,</strong></span> <span class='ocrx_word' id='word_1_357' title='bbox 1219 3935 1251 3992; x_wconf 91' lang='lat' dir='ltr'><strong>in</strong></span> <span class='ocrx_word' id='word_1_358' title='bbox 1278 3948 1333 4013; x_wconf 91' lang='lat' dir='ltr'><strong>quo</strong></span> 
     </span>
     <span class='ocr_line' id='line_1_43' title="bbox 258 4008 1334 4096; baseline 0.003 -28"><span class='ocrx_word' id='word_1_359' title='bbox 258 4008 393 4069; x_wconf 86' lang='lat' dir='ltr'><strong>Nestorii</strong></span> <span class='ocrx_word' id='word_1_360' title='bbox 422 4012 560 4091; x_wconf 86' lang='lat' dir='ltr'><strong>impietas</strong></span> <span class='ocrx_word' id='word_1_361' title='bbox 585 4011 753 4092; x_wconf 89' lang='lat' dir='ltr'><strong>judicatur.</strong></span> <span class='ocrx_word' id='word_1_362' title='bbox 818 4010 1065 4073; x_wconf 78' lang='lat' dir='ltr'><strong>Chalcetlonense</strong></span> <span class='ocrx_word' id='word_1_363' title='bbox 1093 4035 1185 4088; x_wconf 79' lang='lat' dir='ltr'><strong>vero,</strong></span> <span class='ocrx_word' id='word_1_364' title='bbox 1222 4019 1254 4075; x_wconf 91' lang='lat' dir='ltr'><strong>in</strong></span> <span class='ocrx_word' id='word_1_365' title='bbox 1279 4033 1334 4096; x_wconf 90' lang='lat' dir='ltr'><strong>quo</strong></span> 
     </span>
     <span class='ocr_line' id='line_1_44' title="bbox 259 4094 1333 4178; baseline 0.002 -26"><span class='ocrx_word' id='word_1_366' title='bbox 259 4094 441 4169; x_wconf 77' lang='lat' dir='ltr'><strong>Eutyelretis</strong></span> <span class='ocrx_word' id='word_1_367' title='bbox 467 4096 676 4176; x_wconf 88' lang='lat' dir='ltr'><strong>Dioscorique</strong></span> <span class='ocrx_word' id='word_1_368' title='bbox 695 4097 828 4177; x_wconf 79' lang='lat' dir='ltr'><strong>pravitas</strong></span> <span class='ocrx_word' id='word_1_369' title='bbox 849 4095 1056 4178; x_wconf 87' lang='lat' dir='ltr'><strong>reprobatur,</strong></span> <span class='ocrx_word' id='word_1_370' title='bbox 1077 4110 1144 4158; x_wconf 88' lang='lat' dir='ltr'><strong>tota</strong></span> <span class='ocrx_word' id='word_1_371' title='bbox 1170 4100 1333 4161; x_wconf 64' lang='lat' dir='ltr'><strong>deletione</strong></span> 
     </span>
     <span class='ocr_line' id='line_1_45' title="bbox 257 4175 1334 4267; baseline 0.002 -29"><span class='ocrx_word' id='word_1_372' title='bbox 257 4178 467 4262; x_wconf 83' lang='lat' dir='ltr'><strong>complector,</strong></span> <span class='ocrx_word' id='word_1_373' title='bbox 500 4180 696 4262; x_wconf 77' lang='lat' dir='ltr'><strong>integerrima</strong></span> <span class='ocrx_word' id='word_1_374' title='bbox 731 4175 962 4263; x_wconf 87' lang='lat' dir='ltr'><strong>approbatione</strong></span> <span class='ocrx_word' id='word_1_375' title='bbox 993 4182 1160 4258; x_wconf 88' lang='lat' dir='ltr'><strong>custodio,</strong></span> <span class='ocrx_word' id='word_1_376' title='bbox 1197 4189 1273 4267; x_wconf 90' lang='lat' dir='ltr'><strong>quia</strong></span> <span class='ocrx_word' id='word_1_377' title='bbox 1307 4185 1334 4241; x_wconf 90' lang='lat' dir='ltr'><strong>in</strong></span> 
     </span>
     <span class='ocr_line' id='line_1_46' title="bbox 255 4261 1337 4350; baseline 0.006 -28"><span class='ocrx_word' id='word_1_378' title='bbox 255 4263 313 4333; x_wconf 72' lang='lat' dir='ltr'><strong>liis,</strong></span> <span class='ocrx_word' id='word_1_379' title='bbox 337 4261 476 4325; x_wconf 80' lang='lat' dir='ltr'><strong>velutin</strong></span> <span class='ocrx_word' id='word_1_380' title='bbox 498 4263 655 4346; x_wconf 87' lang='lat' dir='ltr'><strong>quadrato</strong></span> <span class='ocrx_word' id='word_1_381' title='bbox 678 4263 805 4350; x_wconf 16' lang='lat' dir='ltr'><strong>lapidet,</strong></span> <span class='ocrx_word' id='word_1_382' title='bbox 836 4279 961 4330; x_wconf 73' lang='lat' dir='ltr'><strong>sancme</strong></span> <span class='ocrx_word' id='word_1_383' title='bbox 980 4262 1244 4332; x_wconf 82' lang='lat' dir='ltr'><strong>fidei·structura</strong></span> <span class='ocrx_word' id='word_1_384' title='bbox 1265 4287 1337 4330; x_wconf 87' lang='lat' dir='ltr'><strong>eou-</strong></span> 
     </span>
    </p>
   </div>
   <div class='ocr_carea' id='block_1_3' title="bbox 0 0 1380 4770">
    <p class='ocr_par' dir='ltr' id='par_1_3' title="bbox 0 0 1380 4770">
     <span class='ocr_line' id='line_1_47' title="bbox 0 0 1380 4770; baseline 0 0"><span class='ocrx_word' id='word_1_385' title='bbox 0 0 1380 4770; x_wconf 95' lang='lat' dir='ltr'><strong> </strong></span> 
     </span>
    </p>
   </div>
  </div>
 </body>
</html>
