2768 4762
416 398 808 468 unctuosa·
1062 402 1145 479 ott
1222 427 1232 450 ·

119 594 153 656 B.
179 574 319 656 Maith.
337 586 430 651 xl1.=
461 588 567 651 Bonus
588 585 684 651 bomo
697 588 737 650 de
756 586 845 649 bono
857 584 1004 651 ffiesauro
1017 573 1144 672 profert

65 703 168 768 bona:
188 678 232 761 'et
268 698 366 759 malus
400 697 495 759 homo
526 695 565 757 de
599 695 681 756 malo
716 696 865 758 thesauro
899 698 1024 781 profert
1051 693 1142 757 malo.

43 814 150 874 .Dico
172 820 271 869 autem
292 805 404 878 vobis,
438 806 584 887 quoniam
606 825 697 866 omne
717 803 847 865 verbum
874 809 1028 882 otiosum,
1042 802 1141 887 qnod

68 919 166 981 locuti
188 919 306 979 suerint
327 912 485 986 homines,
510 913 642 975 reddent
664 915 816 994 rationem
833 910 872 974 de
893 934 930 976 eo
955 916 986 973 in
1009 912 1060 973 dle
1086 913 1142 993 jn-

67 1028 151 1088 dicii.
194 1025 241 1085 Ex
269 1021 371 1083 verbis
394 1022 475 1081 enim
495 1022 555 1082 tuis
575 1017 817 1104 justificaberis,
838 1031 869 1083 et
889 1042 925 1082 ex
944 1019 1048 1082 verbis
1075 1021 1138 1082 tuis

70 1131 337 1198 condemnaberis.

150 1284 305 1347 Coloss.
327 1283 385 1347 111.
398 1277 419 1343 τ’
442 1282 534 1343 Nune
575 1262 853 1367 autem⁸deponite
882 1264 915 1344 et
932 1300 988 1342 ros
1021 1282 1142 1344 omnia:

66 1396 168 1471 iram,
201 1393 463 1476 indignationem,
484 1390 647 1466 malitiam,
669 1382 909 1474 blasphemiam,
933 1400 1056 1473 turpem
1078 1386 1145 1450 ser-

67 1523 190 1565 monem
222 1500 260 1560 de
293 1519 349 1560 ore
382 1511 496 1559 vestro.
546 1496 652 1559 Nolite
676 1500 799 1559 mentiri
821 1499 961 1559 invicem.
1003 1496 1144 1558 Ibideme

65 1609 207 1671 Verbum
241 1606 358 1668 Christi
402 1605 522 1667 habitet
555 1607 588 1665 in
619 1604 710 1665 vobis
746 1604 960 1682 abundanter,
992 1604 1028 1666 in
1061 1604 1145 1665 omni
1228 1646 1230 1651 »

68 1717 240 1798 sapientia:
274 1714 420 1777 docentes
452 1726 483 1774 et
505 1725 732 1775 commonentes
756 1724 875 1776 vosmet
899 1733 983 1797 rpsos
1009 1710 1144 1797 panionia,

68 1824 190 1899 hymnis
212 1834 243 1883 et
264 1823 390 1883 canti‘ois
405 1820 640 1905 spiritualibus,
663 1825 695 1881 in
718 1824 816 1906 gratio
838 1832 993 1883 cantantes
1015 1821 1048 1881 in
1069 1838 1146 1883 cor·

68 1929 163 1989 dibus
192 1931 300 1989 restris
332 1931 411 1991 Deo.
465 1929 582 2019 Omne,
618 1929 831 2013 quodcunque
864 1929 966 1991 facitis
991 1929 1024 1990 in
1045 1926 1144 1991 verbo

67 2050 123 2096 aut
155 2039 186 2096 in
226 2054 340 2119 opere,
383 2036 485 2096 omnia
518 2038 550 2096 in
587 2040 712 2096 nomine
746 2036 1012 2097 Domini.nostri
1045 2036 1145 2097 lusu
1245 2078 1250 2091 ι

41 2140 230 2204 ,CHRISTI
252 2124 366 2219 facite,
400 2143 515 2230 gratias
534 2155 657 2226 agentes
678 2143 748 2204 Deo
779 2155 811 2205 et
841 2142 931 2206 Patri
953 2146 1144 2229 peripsum.

150 2291 389 2378 Ephos.1V.:
425 2294 533 2354 Omnis
567 2316 668 2357 sermo
691 2298 788 2359 malus
820 2319 856 2359 ex
877 2320 933 2360 ore
954 2310 1057 2359 vestro
1080 2318 1145 2359 non

67 2403 237 2489 procedate
271 2398 326 2458 sed
357 2400 382 2457 si
419 2401 486 2477 quis
521 2398 624 2460 bonus
659 2403 697 2460 ad
720 2402 964 2465 aedificationem
993 2403 1085 2481 fidei,
1107 2416 1144 2466 ut

69 2511 123 2570 det
145 2508 273 2591 gratiam
295 2486 503 2563 dudientibus.
548 2503 656 2566 Omnis
679 2509 877 2586 amaritudo,
899 2523 929 2570 et
950 2513 1014 2588 ira,
1039 2523 1070 2571 et
1095 2513 1146 2571 iu-

69 2615 231 2699 dignatio,
265 2624 296 2673 et
326 2610 461 2687 elamor,
497 2621 528 2669 et
560 2608 752 2694 blasphemia
771 2614 904 2675 tollatur
927 2636 945 2675 a
965 2617 1148 2701 nobiseum

68 2725 152 2786 omni
169 2712 301 2783 malitia.
344 2718 454 2801 Estote
475 2729 575 2778 autem
603 2719 732 2781 invicem
759 2720 897 2806 benignu
1139 2712 1142 2717 ’

151 2875 266 2936 Prov.
296 2870 385 2932 XV.:
418 2871 593 2956 Responsio
624 2874 728 2937 mollis
762 2878 878 2962 frangit
907 2879 1008 2938 iram:
1043 2896 1151 2941 sermo

67 2985 166 3046 dnrns
185 2984 312 3043 suscitat
334 2981 482 3043 furorem.
525 2982 645 3067 Lingua
667 2987 850 3068 sapientium
863 2998 956 3047 ornat
968 2968 1145 3048 scientiam:

69 3114 105 3155 os
137 3091 294 3151 fatuorum
323 3087 436 3150 ebullit
469 3088 642 3153 stultitiam,
684 3093 802 3177 Lingua
821 3092 1001 3179 placabilis,
1027 3092 1146 3177 lignum

65 3203 162 3259 vitae:
198 3216 277 3279 quae
299 3210 401 3257 antem
421 3198 623 3259 immoderata
645 3212 705 3278 est,
729 3213 870 3262 conteret
888 3202 1042 3283 spiritum.
1085 3201 1148 3260 La·

65 3305 120 3366 bia
142 3306 326 3386 sapientium
348 3304 591 3367 disseminabunt
609 3309 785 3369 s'cientiam:
809 3328 867 3369 eor
886 3307 1057 3369 stultorum
1081 3307 1148 3370 dis·

65 3412 165 3476 simile
188 3414 257 3474 erit.
898 3415 900 3429 '

150 3563 258 3625 Eool.
285 3564 363 3627 v1.=
395 3564 474 3626 Noli·
498 3562 568 3626 lieri
599 3587 660 3648 pro
694 3568 792 3630 amieo
815 3565 958 3629 inimicus
980 3568 1145 3652 proximo:

64 3674 292 3756 improperium
314 3677 395 3734 enim
431 3686 463 3734 et
488 3673 706 3734 contumeliam
733 3675 830 3736 malus
859 3673 1090 3753 haereditabit,
1113 3686 1169 3735 et.

64 3783 163 3841 omnis
187 3793 335 3863 peccator
353 3778 475 3842 invidus
498 3792 528 3840 et
556 3780 713 3866 bilinguis.
758 3782 899 3844 Verbum
921 3783 1012 3844 dnloe
1035 3783 1144 3844 multi·

63 3888 161 3970 plicat
188 3891 322 3964 amicos,
367 3901 398 3950 et
423 3892 543 3974 mitigat
562 3891 724 3953 inimicos:
753 3904 784 3955 et
816 3892 921 3979 lingua
952 3888 1293 3973 &euchaitenorum

63 3994 96 4053 iu
120 3993 355 4059 bonohomine
378 3996 525 4061 abundat.
