2768 4762
93 386 157 463 IV
318 470 319 474 Ἰ
405 381 800 475 Ρωιιτιυτωυω
830 382 1054 454 Bucconis.

201 579 313 681 Quod
337 552 468 650 autem
494 579 546 650 ad
571 603 661 671 opus
682 587 866 671 praesens,
893 604 984 674 opus
1009 594 1046 655 et
1071 590 1352 678 catechisticum

97 707 344 802 appellatum,
370 702 521 790 attinet,
549 726 624 772 non
652 727 742 794 opus
768 714 822 775 est
847 705 992 790 editori,
1019 710 1064 780 cie
1086 711 1154 784 isto
1182 716 1350 788 muttum

98 833 240 911 dicere,
288 850 375 901 cum
414 830 614 898 Petrus
656 831 920 911 Busaeus,
967 832 1026 900 vir
1061 806 1345 930 eruditissimus,

95 958 142 1028 P.
169 951 308 1024 Oanisii
334 951 498 1020 auctoris
524 972 679 1019 coaevus
706 947 939 1050 ejusdemque
963 956 1125 1027 civitatis
1152 963 1279 1050 horna,
1309 966 1350 1034 in

94 1102 166 1151 sua
192 1075 382 1148 sententiis
407 1074 551 1165 copiosa
575 1082 610 1142 et
635 1077 842 1146 venustatis
877 1077 1092 1170 plenissima
1115 1081 1350 1180 praefatione

62 1199 254 1303 ¹jamjam
282 1197 421 1270 dixerit
446 1196 586 1268 omnia.
660 1200 666 1217 “

191 1553 303 1623 Aetas
328 1556 420 1618 tunc
447 1548 621 1640 temporis
647 1540 825 1646 (sortasse
849 1548 1011 1652 dixeris)
1037 1553 1150 1625 aliter
1167 1551 1343 1651 sarmata

89 1683 168 1757 estc
219 1696 305 1770 ergo
344 1673 413 1742 hoc
449 1695 540 1763 opus
576 1692 652 1742 non
693 1673 859 1764 amplius
895 1676 965 1744 erit
988 1655 1342 1750 accommodatum.

86 1803 227 1871 Forma
248 1799 297 1867 sit
324 1795 453 1886 utique
479 1793 582 1873 alia!
630 1814 733 1901 error
758 1803 932 1866 attamen
964 1820 1106 1891 semper
1129 1825 1342 1895 semperque

85 1923 185 1994 idem
211 1924 392 1998 remanet,
419 1937 496 1984 non
522 1915 703 1986 aliterue
726 1919 1005 2003 uetusveritas,
1031 1945 1144 2014 quam
1159 1895 1221 1994 ilie
1245 1926 1343 1995 adio·

84 2068 191 2117 se.ac
216 2037 346 2139 infeste
370 2045 547 2133 perpetuo
574 2048 781 2133 oppugnat.
833 2043 1187 2130 Protestantismus,
1215 2042 1342 2139 Rcfor·

37 2152 52 2173 ‘
82 2168 202 2240 matio
236 2166 288 2237 sic
322 2162 444 2249 dicta,
483 2170 764 2254 contraquam
787 2144 920 2236 'heroes
951 2171 1089 2254 nostri,
1119 2169 1340 2239 venerabilis

80 2295 125 2362 P.
158 2286 441 2372 canisius,
469 2285 656 2378 ipsiusque
682 2306 839 2358 coaevus
862 2291 1108 2364 Busaeus
1138 2285 1338 2364 veritatem

80 2425 193 2507 atque
206 2406 331 2510 fldem
357 2405 564 2510 fortissime
597 2401 865 2502 defenderunt,
900 2411 962 2481 itte
1000 2409 1335 2512 Reformatismus,

79 2537 173 2632 quid
198 2536 266 2605 iste
290 2533 355 2604 illo
383 2542 547 2626 tempore
573 2540 759 2623 tanquam
783 2533 940 2627 embrya
971 2535 1012 2607 in
1046 2548 1170 2610 mente
1193 2541 1337 2635 genito·

30 2748 33 2757 .
79 2662 170 2732 toris
201 2659 259 2730 sui
285 2654 395 2753 suit,
422 2656 463 2725 ici
496 2664 533 2726 et
564 2654 682 2747 paulo
720 2664 805 2747 post
831 2653 937 2750 fait,
977 2669 1014 2730 et
1038 2684 1141 2730 nunc
1167 2672 1220 2729 est
1248 2672 1334 2729 tan-

77 2776 374 2877 quam-perfecte
400 2789 532 2865 natus,
559 2777 729 2847 videlicet
752 2777 1092 2875 philosophismus,
1119 2781 1334 2853 rationalis-

76 2928 181 2986 mus,
207 2894 541 3002 indifferentismus
562 2904 651 2989 etc.;
676 2900 863 2973 enimvero
896 2905 994 2974 ratio
1020 2901 1268 2976 obedientiam
1295 2917 1332 2976 et

75 3028 289 3122 obsequium
316 3024 356 3094 in
381 3025 540 3098 Verbum
560 3022 632 3093 Dei
652 3023 793 3117 Patris,
821 3025 1064 3120 Unigenitum
1087 3022 1166 3124 ejus
1186 3032 1329 3102 lusum

80 3156 334 3231 crimmum,
372 3157 484 3242 atque
511 3147 551 3216 in
575 3153 750 3217 sanctam
771 3144 1044 3236 ecclesiam,
1072 3158 1235 3223 matrem
1261 3176 1329 3223 no·

75 3285 209 3366 strum,
234 3292 381 3364 semper
401 3277 559 3340 recusat.

177 3583 265 3680 Qua
297 3580 343 3649 cte
375 3601 492 3651 causa
524 3577 592 3649 hoc
628 3602 721 3674 opus
760 3578 1012 3651 clarissimum
1050 3556 1127 3651 non
1167 3590 1324 3654 tantum

69 3727 147 3778 non
170 3727 447 3798 supervacuum
472 3703 608 3789 evasit,
637 3726 682 3774 ac
708 3703 866 3791 inutile,
890 3701 954 3774 sed
980 3703 1083 3774 nobis
1108 3700 1324 3777 armamen-

69 3829 215 3902 tarium
227 3826 438 3922 perinsigne
451 3826 956 3920 accommodatissimumque
969 3836 1024 3900 est
1043 3839 1319 3924 comparatum.
1368 3922 1372 3931 Ι

164 4159 225 4230 De
249 4157 464 4232 oeconomia
490 4154 605 4258 hujus
632 4159 750 4254 operis
775 4159 1015 4246 „Admonitio
1041 4157 1094 4232 aa
1120 4161 1321 4232 lectorern“

56 4285 208 4359 tectores
233 4282 374 4378 optime
400 4283 526 4374 docet,
554 4307 670 4377 quam
694 4294 732 4358 et
758 4306 825 4365 nas
850 4287 951 4381 operi
974 4285 1267 4380 praemittimus.
