2768 4762
234 291 315 438 §04
547 342 613 408 ou
642 297 897 408 etutrtrn
924 285 989 405 ur

235 531 407 596 multitudo
434 532 577 598 virorum
598 550 635 594 ao
656 530 838 594 mulierum
868 535 910 596 ita
927 544 965 595 nt
981 533 1013 593 in
1025 530 1142 616 plateas
1161 533 1320 616 ejicerent

191 624 193 631 ’
237 640 400 720 infirmos,
427 653 459 704 et
475 614 639 719 ³ponereut
662 642 696 702 iu
721 639 842 703 lectulis
857 660 894 703 ec
919 638 1096 725 grabbatis:
1118 653 1155 703 ut
1170 646 1318 707 veniente

235 748 357 827 Petro,
393 746 499 820 saltem
523 745 649 820 umbra'
673 746 757 811 illius
790 746 995 810 obumbraret
1020 748 1214 831 'quemquam
1238 749 1320 825 illo.-

237 876 327 936 pum,
363 867 395 918 et
418 854 627 917 liberarentur
650 874 754 916 omnes
775 852 815 916 ub
836 852 1069 923 infirmitatibus
1089 857 1151 917 suis
1167 868 1227 918 etc.
1333 912 1337 921 .

319 987 413 1059 Luc.
434 985 541 1056 vlits
574 984 713 1047 Accessit
735 998 839 1063 retro,
862 995 893 1046 et
916 985 1020 1068 tetigit
1041 982 1196 1051 fimbriam
1216 995 1319 1052 vesti·

235 1097 331 1169 menti
350 1095 439 1175 ejus:
468 1104 503 1156 et'
520 1094 682 1156 confestim
699 1080 785 1153 stetit
799 1090 900 1174 [luxus
923 1095 1079 1177 sanguinis
1106 1095 1182 1177 ejus.

220 1202 233 1230 ’·
320 1201 454 1276 Mattb
485 1199 590 1264 xlv.=
617 1200 660 1261 Et
686 1220 758 1261 cum
779 1202 994 1285 cognovissent
1016 1221 1085 1262 enm
1100 1202 1160 1262 riri
1188 1200 1252 1266 loci
1273 1203 1321 1272 tt..

235 1310 315 1388 lios,
346 1309 497 1381 miserunt
524 1314 557 1370 in
592 1310 765 1370 universum
795 1310 952 1392 regionem
985 1308 1088 1387 iiiam,
1129 1320 1160 1370 et
1182 1308 1318 1374 obtule-.-

235 1432 312 1481 runt
342 1421 369 1478 ei
403 1439 506 1480 omnes
535 1416 613 1479 male
650 1415 815 1476 babentes=
847 1426 879 1477 et
905 1414 1058 1499 rogabant
1080 1437 1167 1494 eum,
1201 1429 1241 1480 ut
1261 1419 1315 1482 rel

234 1524 391 1588 fimbriam
421 1527 592 1587 vestimenti
622 1504 691 1606 ejus
717 1535 888 1609 tangerent
930 1522 974 1586 Et
996 1525 1174 1608 quicunque
1197 1528 1315 1612 tetige-¹

235 1646 328 1714 runt,
358 1633 434 1711 salvi
459 1633 535 1697 faeti
557 1644 640 1705 sunt,
775 1616 779 1623 ¹
1010 1612 1014 1620 ¹
1128 1610 1131 1620 ’

321 1765 416 1843 Gen.
439 1764 546 1827 XIX..-
583 1762 808 1848 Veneruntque
834 1762 900 1841 duo
930 1761 1029 1848 augeli
1052 1761 1219 1826 Sodomam
1240 1785 1316 1830 rese

234 1891 329 1958 pere,
362 1871 486 1933 sedente
513 1869 596 1933 Lotb
609 1872 655 1931 ·in
675 1870 798 1933 toribus
819 1856 980 1939 ciuitatis(
1006 1870 1070 1954 Qui
1097 1864 1165 1932 cum
1182 1870 1313 1936 vidisset

235 1959 307 2055 eos,
337 1981 471 2040 surrexit
499 1990 531 2039 et
558 1979 615 2040 ivit
640 1978 764 2041 obviam
791 1981 852 2040 eis:
898 1976 1102 2060 adoravitque
1125 2000 1247 2061 pronus
1274 1982 1332 2056 ⁵¹¹..

232 2096 371 2165 terram,
399 2098 431 2147 et
462 2084 551 2161 dixit:
594 2084 736 2166 Obsecro
758 2085 905 2162 domini,
940 2084 1089 2147 declinate
1117 2086 1150 2155 iu
1177 2085 1315 2163 domurn
1360 2162 1363 2167 .

232 2195 325 2278 pueri
347 2194 459 2271 vestri,
482 2172 513 2255 et
534 2207 653 2275 menete
682 2194 736 2255 ibi.
914 2274 918 2283 Ι

235 2285 242 2294 ’
317 2299 368 2362 Et
388 2300 525 2362 xxm:
558 2301 700 2367 Surrexit
725 2299 899 2381 Abrabam,
928 2314 961 2366 et
988 2299 1128 2366 adoravit
1147 2278 1310 2398 populum

231 2419 351 2489 meree,
386 2406 468 2469 filios
491 2407 637 2484 videlicet
660 2408 753 2470 Hetb.
991 2464 996 2474 .
1170 2488 1173 2493 Ι

314 2515 411 2576 Item
431 2516 599 2578 mint:
628 2516 671 2596 Et
699 2520 765 2602 ipse
787 2517 917 2600 (Jacob)
946 2518 1171 2605 progrediens,
1193 2517 1309 2580 ederae

230 2621 422 2706 vitspronus
437 2624 470 2685 in
490 2636 606 2696 terram
624 2626 760 2708 septies,
785 2626 886 2688 donec
913 2614 1183 2711 appropinquaret
1209 2626 1307 2687 frater

231 2731 309 2812 ejus.
351 2730 394 2792 Et
411 2732 701 2814 appropinquantes
728 2735 856 2796 ancillae
883 2746 914 2795 et
935 2721 993 2804 'fltti
1009 2755 1131 2815 carum,
1154 2735 1309 2795 incurvati

230 2850 314 2899 sunt.
355 2837 493 2898 Accessit
511 2859 638 2921 quoque
653 2842 709 2902 Lia
723 2863 791 2900 cum
806 2845 911 2923 pueris
932 2846 1011 2911 suis;
1033 2853 1147 2902 etcum
1163 2838 1308 2903 similiter

200 2926 211 2945 ’
231 2943 428 3023 adorassent,
449 2947 574 3006 extremi
596 2946 713 3030 Josepb
734 2960 765 3014 ct
782 2946 916 3011 Rachael
941 2949 1159 3011 adoraverunt.
1232 2967 1238 2973 '

315 3053 351 3133 It
363 3074 416 3133 em
429 3051 433 3059 '
445 3053 570 3135 XLiI.=
601 3053 742 3141 Cumque
770 3055 951 3129 adorassent
977 3054 1096 3142 ioseph
1115 3057 1227 3119 fratres
1247 3058 1307 3136 sui,

230 3170 262 3227 et
276 3162 451 3246 agnovisset
470 3184 522 3226 eos
544 3168 602 3230 e'tc.
691 3148 697 3155 ’
1001 3140 1005 3145 ¹
1056 3152 1059 3157 ¹

313 3272 331 3345 J
339 3292 434 3352 osue
455 3271 514 3333 V.:
547 3271 624 3350 Cum
644 3284 743 3333 autem
758 3285 835 3335 esset
852 3272 947 3346 =Josue
970 3275 1002 3334 in
1024 3293 1098 3358 egro
1121 3272 1209 3346 urbis
1223 3271 1309 3335 Ieri-

231 3377 315 3458 cbo,
348 3380 459 3443 levavit
488 3380 619 3459 oeulos,
649 3392 679 3440 et
697 3379 777 3442 vidit
796 3383 896 3442 virum
910 3365 1171 3442 stantem'contra
1197 3400 1251 3459 se,
1275 3402 1309 3440 e·

228 3488 404 3571 saginatum
419 3499 572 3564 tenentem
594 3485 749 3571 gladium,
781 3490 980 3573 perrexitque
1001 3488 1041 3551 ad
1065 3509 1153 3570 eum,
1191 3500 1223 3549 et
1247 3489 1307 3549 ait:

227 3574 343 3659 Noster
378 3618 431 3674 es,
467 3616 505 3655 an
538 3583 807 3667 adversariorum?
860 3596 925 3672 Qui
961 3595 1139 3680 respondit:
1182 3593 1309 3678 Nequa-

229 3725 322 3787 quam
334 3749 344 3783 ‚
367 3707 421 3768 sed
443 3721 509 3762 sum
530 3703 676 3785 princeps
700 3703 850 3763 exercitus
876 3690 1021 3776 Dominis
1043 3715 1073 3763 et
1098 3723 1186 3762 nunc
1205 3703 1306 3763 venio.

228 3807 349 3874 Cecidit
380 3813 474 3873 Josue
507 3831 624 3893 pronus
656 3811 689 3870 in
721 3822 844 3871 terram.
888 3809 931 3871 Et
952 3809 1104 3888 adorans,
1126 3813 1187 3871 ait:
1220 3807 1313 3887 Quid

226 3915 381 3979 Dominus
403 3937 487 3977 meus
514 3906 661 3999 loquitur
687 3915 727 3977 ad
757 3937 880 3977 servum
908 3917 1020 3979 suum?
1061 3916 1165 3996 Solve,
1190 3919 1307 4000 inquit,

227 4024 465 4095 calceamentum
487 4034 577 4084 tuum
597 4023 636 4087 de
654 4021 788 4109 pedibus
807 4025 889 4086 tuis:
932 4026 1024 4089 loeus
1052 4028 1152 4106 enim,
1183 4027 1217 4086 in
1240 4044 1312 4108 quo

226 4144 307 4210 spus,
328 4143 450 4199 sanctus
477 4142 532 4190 est.
575 4131 725 4213 Fecitque
741 4131 844 4207 Jeme,
866 4144 903 4192 ut
914 4131 974 4192 sibi
995 4133 1098 4194 fuerat
1112 4137 1312 4218 imperatum.

309 4238 334 4299 1.
357 4236 451 4330 neg.
478 4237 567 4316 dib·
606 4239 748 4319 terreus
776 4238 877 4316 uisu
906 4239 945 4302 de
971 4241 1066 4319 ¹090,
1088 4245 1144 4326 qui
1164 4239 1317 4326 veredut
