2768 4762
8 2690 9 2694 ,
95 2658 154 2687 iiius.

176 347 179 352 ’
218 404 221 411 ⁴
266 391 347 463 sao
414 366 420 391 ’
569 383 636 450 na
672 384 1020 452 canisianae
1052 418 1055 421 ι

113 466 117 492 i

671 518 681 549 l

117 619 246 662 ,whom
267 569 467 653 subjicimus:
489 568 739 637 Christianorum
754 573 999 653 aceruatoribus,
1025 570 1346 640 videlicetIconoela·

90 668 255 713 lconoclmiu
268 661 346 735 stis,
368 657 528 718 anathema
548 670 607 721 etc.

352 741 494 803 ACTIO'
509 754 590 802 sexta
623 744 762 803 continet
786 744 1003 806 refutationem
1022 740 1267 821 haereticorum,
1290 746 1345 826 qiii

104 847 249 891 concinnu-
272 829 303 889 in
326 828 486 888 Constant.
514 824 724 888 conciliabulo
752 828 811 888 sub
837 831 939 890 Leone
966 828 1123 889 haeretico
1154 830 1344 910 imperatore

92 899 261 1007 lffiffi’lss'l]
274 918 415 995 imagines
432 910 667 973 damnaverant:
698 907 833 993 quorum
847 922 1027 997 'argumenta
1047 924 1077 972 et
1098 915 1268 973 sententiae
1295 935 1345 973 rc·

92 999 168 1089 2322·
184 994 418 1058 imagi-seruum,
438 1016 497 1079 per
519 997 705 1079 Gregorium
728 999 880 1078 quendam
901 991 1183 1072 Neocaesarcnsem,
1207 1000 1264 1078 qui
1280 1001 1343 1079 jaru

164 1071 171 1087 ⁸
273 1085 455 1164 resipuerat:
487 1092 518 1140 et
548 1101 605 1162 per
638 1081 849 1162 Epiphaniam
863 1083 1053 1158 Diaconum,
1079 1085 1344 1142 nominesanctac

272 1166 391 1242 Synodi
422 1166 542 1248 egregie
570 1164 764 1225 refelluntur.
819 1167 996 1227 Distributa‘
1022 1178 1067 1226 est
1089 1164 1165 1226 haec
1183 1167 1267 1227 actio
1287 1189 1343 1250 per

272 1273 322 1312 sex
352 1262 462 1310 tomos.
505 1249 542 1308 ln
565 1262 678 1330 quarto
712 1263 811 1310 autem
835 1263 921 1312 tomo
940 1255 981 1310 ita
999 1249 1147 1334 legimns:
1170 1251 1269 1328 Quod
1292 1273 1345 1311 au-

93 1334 334 1397 annunciantem
359 1355 430 1395 oum
461 1332 566 1393 multis
591 1334 678 1410 aliis„
714 1356 793 1416 quae
822 1337 854 1394 in
878 1335 1016 1394 Ecclesia
1048 1333 1256 1395 observantur
1281 1339 1345 1396 siric

93 1388 222 1442 perdurans
287 1415 291 1422 .
327 1423 332 1435 ,
550 1421 555 1432 .
606 1421 612 1432 .
687 1420 692 1432 .
920 1422 926 1432 .
1040 1422 1045 1433 .
1119 1422 1125 1434 .

33 1483 34 1486 ,
92 1433 263 1478 traditioubbi·
275 1433 450 1502 scriptura,
481 1418 572 1477 nobis
605 1440 770 1501 imaginum
793 1432 949 1479 veneratio
967 1418 1081 1480 tradita
1102 1431 1162 1496 sit,
1185 1418 1223 1479 ab
1259 1419 1345 1502 Apo·

91 1492 429 1585 iiilliissll’ilstolorum
458 1503 652 1584 temporibus
684 1502 745 1565 late
771 1525 828 1586 per
860 1504 1004 1564 historias
1034 1503 1183 1564 traditum
1215 1517 1277 1578 est,
1306 1505 1344 1563 de

92 1587 212 1677 mg,
275 1594 332 1649 ima
356 1592 404 1648 ine
434 1590 560 1647 maxime
584 1587 863 1661 haemorrhoissae,
879 1584 984 1669 ,quam
1012 1589 1114 1647 multis
1134 1587 1340 1671 scriptoribus

273 1612 458 1736 conllrmare
483 1693 655 1754 possumus.
699 1671 885 1753 Hujusmodi
913 1685 1012 1732 autem
1041 1693 1111 1731 cuni
1137 1673 1209 1756 ipso
1234 1673 1340 1732 Domi-

271 1781 313 1820 no
345 1762 445 1840 imago
472 1759 503 1815 in
538 1770 667 1817 statuam
694 1756 827 1817 conllata
855 1769 909 1819 est.
964 1752 1255 1840 Contingit'autcm
1276 1759 1341 1839 ipsa

270 1842 424 1904 fimbriam
453 1853 568 1901 statuae
596 1842 796 1916 Dominicae,
836 1840 1094 1923 quemadmodum
1120 1842 1150 1900 in
1174 1841 1261 1901 Evan
1283 1841 1342 1901 elio

269 1930 418 1989 traditum
438 1937 503 2001 est,
525 1925 606 1983 unde
633 1927 722 1984 ctiam
742 1925 868 1986 salutem
887 1930 1051 1986 consecuta
1065 1936 1249 2006 est,'atque.
1264 1863 1345 1989 liaeo

223 2011 228 2021 '
272 2017 304 2072 in
324 2010 413 2071 libris
431 2009 601 2067 multorum
627 2009 904 2070 ceclesiasticorum
924 2013 1114 2093 scriptorum
1142 2011 1283 2090 reperire
1308 2008 1346 2070 li·

93 2103 203 2148 annius
274 2109 330 2157 cet.
375 2095 459 2169 Quin
484 2095 573 2152 etiam
590 2092 879 2178 Basiliuslllagnus,
913 2097 1004 2175 cujus
1024 2096 1136 2176 scripta
1153 2113 1210 2174 per
1234 2110 1347 2154 omnes

272 2195 374 2240 terrae
404 2176 479 2236 fines
494 2191 661 2248 resonarit,
685 2179 715 2236 in
743 2177 1050 2260 diver-sisopusculis
1073 2179 1132 2238 suis
1152 2179 1348 2239 mentionem

95 2269 163 2322 ⁰¹⁰⁸·
176 2267 263 2319 atyn·-
275 2267 437 2347 imaginum
467 2262 549 2320 facit.
595 2262 765 2344 Gregorius
788 2265 877 2322 ctiam
906 2263 987 2323 illius
1014 2276 1044 2323 et
1067 2282 1156 2323 carne
1178 2273 1209 2320 et
1231 2265 1343 2344 spiritu

94 2332 261 2412 bilissimas.
275 2351 386 2424 frater,
406 2347 603 2422 Nyssensium
629 2348 772 2428 praesul,
795 2349 826 2407 in
846 2368 987 2408 sermone
1001 2350 1032 2406 iu
1052 2345 1233 2422 Abraham,
1264 2347 1339 2404 idciii

274 2435 375 2507 sentit.
417 2432 494 2492 Item
514 2431 592 2490 alter
615 2433 804 2514 Gregorius,
838 2434 891 2513 qui
922 2432 1116 2514 atheologia
1143 2435 1342 2491 noiiiensor-

274 2521 347 2579 titus
373 2529 443 2592 est,
478 2518 509 2574 in
533 2517 706 2575 versibiisa
731 2538 762 2575 se
787 2518 940 2594 conditis,
972 2520 1025 2598 qui
1043 2515 1081 2575 dc
1101 2518 1219 2575 virtute
1236 2515 1346 2574 inseri·

109 2596 246 2647 ⁰¹''5⁸⁰¹¹⁰'
274 2601 410 2676 biintu'r,
434 2603 574 2673 assentit,
597 2614 626 2659 et
645 2601 796 2676 Joannes,
817 2604 868 2682 qui
888 2622 922 2661 os
940 2622 1015 2660 auro
1039 2600 1234 2681 splendidius
1255 2612 1285 2658 et
1298 2597 1346 2656 lu-

275 2688 373 2747 cidius
399 2699 581 2747 consecutus
602 2697 663 2761 est,
688 2689 716 2743 iii
736 2688 877 2744 oratione
897 2685 1022 2744 funebri
1045 2687 1075 2742 in
1099 2684 1260 2743 lileletium
1279 2686 1346 2765 epi-

272 2792 401 2854 scopum
427 2768 631 2842 Antiochiae,
668 2781 697 2828 et
719 2772 747 2827 iii
769 2791 930 2844 sermone,
957 2772 1010 2851 qui
1032 2767 1237 2844 inscribitur,
1259 2767 1346 2849 quod

140 2903 146 2933 ,
272 2859 383 2916 veteris
408 2866 437 2913 ct
461 2855 532 2912 novi
557 2855 726 2911 testamenti
747 2874 825 2912 uuus
847 2855 887 2912 sit
904 2853 1069 2936 legislator.
1114 2852 1252 2927 Cyrillus
1274 2855 1345 2912 item

86 2920 414 3022 ξζῗξιιῇὣοόκρίαῖοι·
444 2937 643 2996 Nestorianac
666 2936 815 3012 haeresis,
839 2943 869 2994 in
896 2939 1025 3021 epistola
1051 2936 1090 2997 ad
1110 2937 1260 2996 Acacium
1281 2937 1346 3019 epi·

217 3085 222 3095 ,
274 3045 402 3106 scopum
432 3021 678 3103 scythopoleos,
723 3021 901 3080 Anastasius
932 3025 1097 3104 episeopus
1133 3020 1346 3104 Theopoleos,

44 3150 49 3154 ·
94 3086 252 3177 dill'li'f'
275 3108 493 3191 Sophronias,
518 3108 676 3164 Maximus.
728 3105 789 3164 Sed
814 3106 889 3187 quid
915 3105 972 3166 hos
999 3108 1178 3166 nominatim
1198 3105 1346 3165 citamus?

96 3182 387 3284 ῃξζῗξζὶὶξζζθηιηεε
425 3194 504 3250 enim
552 3192 647 3249 saneti
680 3203 783 3270 patres
823 3194 923 3251 nostri
965 3193 1107 3274 imagines
1150 3203 1346 3274 receperunt.

94 3288 241 3335 aarum·
275 3280 375 3354 Quam
396 3275 437 3336 ob
462 3296 581 3334 causam
608 3275 766 3333 mendaces
799 3273 1076 3358 deprehenduntur
1102 3276 1135 3334 in
1152 3274 1235 3351 boc,
1259 3274 1346 3358 quod

274 3363 392 3437 dicunt,
411 3382 472 3419 non
498 3380 560 3418 essc
580 3373 701 3441 patrum
721 3359 929 3425 traditionem.

358 3444 540 3505 ACTIONE
557 3443 627 3502 Vll.
647 3445 676 3501 iii
700 3442 792 3504 defin.
816 3458 903 3504 sanct
924 3489 933 3522 ,
958 3465 1055 3527 magn.
1079 3456 1110 3504 et
1128 3444 1265 3503 univers.
1290 3442 1347 3518 Sy-

96 3523 349 3615 cffijffillffffinod.
370 3529 437 3588 Nic.
457 3529 520 3588 ll.:
546 3528 692 3587 Fatcmur
712 3531 911 3603 unanimiter,
930 3551 987 3589 iios
1003 3528 1222 3588 ecclesiasticas
1248 3527 1348 3587 tradi·

95 3625 240 3703 imaginihus.
275 3617 392 3690 tiones,
418 3617 479 3673 sive
503 3615 621 3694 scripto
645 3614 706 3671 sive
739 3614 962 3673 consuetudine
992 3612 1123 3673 valentes
1144 3624 1174 3671 et
1194 3611 1347 3685 decretas,

276 3701 407 3758 retinere
428 3696 524 3772 velle,
547 3718 678 3778 quarum
702 3697 883 3756 denumero
900 3711 945 3758 est
973 3700 1135 3780 imaginum
1152 3693 1344 3780 effiguratio‚

274 3796 308 3843 ut
325 3803 401 3863 quae
424 3781 572 3842 historiae
589 3781 778 3864 evangelicae
795 3783 1009 3862 promissionis
1031 3783 1189 3856 concinat,
1218 3780 1259 3839 ad
1279 3801 1350 3862 cro·

274 3867 434 3927 dulitatem
465 3887 553 3926 verae
587 3879 617 3926 ct
651 3887 714 3927 non
743 3865 953 3946 phantasticae
973 3867 1193 3926 incarnationis
1211 3865 1293 3929 Dei.
1320 3876 1350 3923 et

274 3950 313 4012 ad
344 3951 508 4010 utilitatem
541 3950 769 4024 similitudinis,
803 3972 894 4031 quam
933 3952 1024 4011 nobis
1050 3950 1192 4024 exhibet,
1225 3950 1350 4009 utiliter

273 4039 434 4096 inventam.
488 4035 543 4093 His
573 4037 616 4094 sic
635 4057 666 4095 se
687 4033 895 4111 habentibus,
916 4039 1030 4119 regiam
1062 4037 1141 4095 viam
1160 4033 1351 4107 incedentes,

275 4131 499 4180 emunctorum
514 4129 695 4179 nostrorum
720 4130 751 4179 et
767 4116 943 4180 divinoriun
962 4122 1091 4181 Patium
1113 4120 1278 4179 doctrinae
1305 4121 1354 4177 iii·

101 4190 265 4284 „fflllffffj
278 4207 434 4279 sistentes,
463 4214 494 4262 et
525 4202 701 4263 Catholicae
730 4202 895 4280 ecclcsiae,
927 4207 958 4264 in
989 4225 1049 4286 qua
1074 4217 1195 4264 sanetus
1214 4202 1353 4287 Spiritus

100 4292 244 4398 ffifflw
281 4287 452 4367 inhabitet,
493 4286 694 4350 traditionem
727 4286 944 4350 obseinantesz
976 4288 1137 4350 definimus
1166 4308 1237 4349 euni
1268 4285 1354 4350 omni
