2768 4762
404 355 800 424 nncsnoco
865 442 869 447 ,
1072 367 1150 439 ωι

77 548 133 611 ubi
153 567 212 634 ego
235 566 321 625 sum,
343 543 408 609 illie
429 557 461 610 et
482 547 622 609 minister
642 566 728 608 mens
750 547 819 609 erit.
860 543 897 611 st
918 547 987 631 quis
1005 544 1153 611 mihimi-

72 657 273 737 nistravarit,
306 652 533 717 honorificabit
553 676 624 717 enm
645 654 740 717 Pater
761 675 857 718 mens.

158 784 304 849 Mattb„
327 785 429 856 xm:
458 785 557 851 Amen
596 786 670 851 dieo
696 785 809 866 vobis,
831 789 905 870 qnia
927 810 1002 868 ros,
1024 791 1081 873 qni
1102 810 1153 853 se-

74 895 140 957 cuti
174 895 249 956 estis
271 915 337 973 me,
371 894 403 955 in
435 899 668 980 regeneratione
702 916 773 957 cum
795 894 911 957 sederit
936 893 1022 957 lilius
1047 896 1152 959 homi·

73 1004 122 1064 nir
143 1003 177 1063 in
197 999 270 1065 sede
289 1003 459 1084 majestatis
490 1023 579 1080 snae,
610 1001 776 1069 sedebitis.
792 1014 825 1064 et
857 1022 913 1064 vos
941 1023 1037 1086 super
1063 1003 1152 1067 sedes

72 1107 257 1186 duodecim,
291 1109 466 1191 judicantes
491 1108 659 1178 duodecim
692 1109 794 1176 tribus
814 1108 921 1172 Israel.
975 1109 1019 1170 Et
1039 1113 1150 1190 omnis,

74 1217 131 1300 qni
151 1215 317 1299 reliquerit
337 1217 479 1296 domum,
507 1215 556 1290 rel
577 1217 689 1282 iratres
712 1229 768 1281 aut
784 1235 928 1292 sorores,
950 1227 1003 1277 aut
1019 1229 1149 1301 patrem,

73 1335 129 1402 aut
157 1337 302 1405 matrem,
335 1335 390 1386 ant
409 1345 552 1402 prorem,
585 1336 640 1386 aut
669 1322 754 1393 lilios
765 1366 776 1404 ,
808 1333 863 1384 ant
890 1341 981 1423 agros
1016 1333 1150 1406 propter
1178 1366 1185 1381 -.

71 1451 187 1506 nomen
227 1453 348 1512 meum,
386 1430 568 1527 centuplum
605 1432 754 1525 accipiet,
807 1440 840 1508 et
865 1430 960 1506 vitam
996 1440 1151 1492 aeternam

72 1538 259 1637 possidebit.

157 1671 247 1732 Luc.
269 1667 374 1743 xlx„
406 1667 503 1737 Venit
530 1682 632 1743 antem
665 1648 828 1757 primns·
797 1712 809 1749 ,
823 1632 965 1732 dicens.
1005 1644 1153 1747 Domine,

72 1797 147 1840 mna
180 1788 236 1838 tua
274 1774 380 1837 decem
402 1798 487 1847 mnas
520 1778 693 1873 acquisivit.
747 1779 792 1841 Ει
811 1780 855 1853 ait
873 1778 937 1839 illi
958 1775 1047 1863 Euge
1067 1773 1153 1834 bone

74 1904 181 1963 serve,
224 1887 351 1966 quirin
383 1866 509 1957 modico
544 1886 632 1946 fuisti
652 1882 772 1963 fidelis,
807 1887 869 1947 eris
888 1893 1072 1971 potestatem
1094 1877 1153 1942 ha-

71 1988 149 2058 bens
172 1990 383 2075 superdecem
402 1994 549 2054 civitates.
579 1991 623 2054 Et
642 1992 723 2054 alter
743 1995 837 2073 venit,
863 1993 984 2055 dicens:
1004 1988 1150 2068 Domine,

69 2118 141 2172 mna
164 2111 218 2172 tua
244 2099 319 2171 feeit
342 2101 482 2183 quinque
503 2120 598 2162 mnas.
653 2099 696 2162 Et
716 2098 790 2181 hnic
812 2103 874 2179 ait:
895 2101 939 2177 Et
956 2111 994 2165 tn
1013 2110 1080 2177 esto
1095 2116 1152 2175 stt·

69 2225 127 2302 per
149 2208 287 2293 quinque
304 2207 451 2293 civitates.

155 2311 241 2395 Apo
255 2333 281 2372 c.
302 2312 362 2371 11.:
396 2313 462 2387 Qui
489 2315 600 2389 vicerit
631 2325 661 2385 et
680 2313 864 2375 custodierit
885 2315 1036 2397 usquein
1057 2309 1152 2401 finem

72 2435 171 2498 opera
205 2435 288 2507 mea,
321 2415 404 2475 dabo
437 2415 484 2477 illi
504 2431 689 2500 potestatem
722 2440 817 2501 snper
849 2404 974 2501 gentes,
1005 2431 1037 2480 et
1065 2432 1152 2503 reget

74 2542 125 2581 cas
159 2523 192 2581 in
221 2524 309 2606 virga
342 2522 459 2607 ferrea,
489 2535 519 2582 et
540 2535 687 2608 tanquam
717 2542 769 2584 ras
794 2520 884 2606 figuli
903 2525 1152 2608 confringentur,
1215 2573 1217 2577 >

72 2630 155 2689 sicut
188 2641 218 2689 et
250 2650 307 2714 ego
339 2630 485 2721 accepia
515 2627 610 2692 Patre
644 2649 731 2691 meo:
776 2640 807 2690 et
828 2626 919 2719 ,dabo
951 2629 1000 2692 illi
1031 2631 1152 2711 stellam

70 2740 265 2814 matutinam.

155 2846 206 2907 Et
241 2844 316 2905 111.=
346 2845 430 2910 Ecce
445 2858 494 2908 sto
519 2845 559 2908 ad
581 2846 696 2912 ostium
714 2857 745 2908 et
764 2843 880 2930 pulso:
901 2843 927 2905 si
949 2845 1020 2928 quis
1045 2842 1155 2906 audie·

71 2955 115 3016 rit
150 2944 258 3014 vocem
292 2974 408 3028 meam,
439 2967 470 3017 et
500 2957 660 3041 aperuerit
695 2953 772 3015 mihi
797 2955 938 3036 januam,
968 2949 1094 3014 intrabo
1113 2950 1153 3013 ad

70 3061 180 3138 illum,
217 3071 248 3121 et
265 3060 405 3124 coenabo
423 3083 492 3124 cum
516 3062 595 3140 illo,
628 3075 658 3123 et
683 3065 749 3147 ipse
774 3082 903 3123 mecum.
947 3061 1012 3137 Qui
1031 3040 1151 3157 vicerit,

70 3166 155 3230 dabo
186 3170 215 3228 ei
245 3167 351 3229 sedere
379 3189 497 3230 mecum
525 3174 557 3229 ln
578 3169 697 3232 throno
723 3191 814 3247 meo:
845 3171 926 3232 sicut
945 3179 977 3229 et
1007 3187 1064 3252 ego
1089 3163 1151 3227 vici

70 3287 103 3337 et
122 3275 187 3337 sedi
204 3296 275 3336 cnm
291 3276 387 3337 Patre
409 3298 478 3338 meo
502 3279 534 3336 in
552 3276 670 3339 throno
694 3280 770 3361 ejus,

151 3382 265 3444 Psal.
302 3382 524 3446 exmia:
565 3383 645 3446 Mihi
674 3400 777 3449 antem
819 3388 909 3448 ulmis
948 3383 1149 3446 honorificati

64 3504 140 3556 sunt
171 3493 261 3553 amici
296 3493 345 3561 tui
374 3493 474 3565 Deus:
517 3493 609 3567 nimie
642 3495 841 3557 confortatus
881 3506 928 3569 est
953 3477 1151 3574 principatus

64 3622 185 3671 eornm.
573 3618 596 3679 s·
959 3582 962 3588 ⁵

148 3709 244 3772 Gen.
266 3706 385 3771 XXVI.
417 3709 460 3769 ait
481 3708 638 3773 Dominus
659 3708 699 3769 ad
719 3709 824 3771 baec:
862 3709 930 3770 Ero
963 3721 1084 3785 tecum,
1117 3722 1149 3771 et

64 3815 246 3879 benedicam
279 3816 357 3898 tibi3
389 3816 449 3878 tibi
485 3819 566 3883 enitn
606 3829 637 3877 ct
657 3818 764 3879 semini
777 3830 843 3879 tuo
884 3816 967 3880 dabo
990 3822 1146 3899 universas

68 3928 208 4010 regiones
233 3923 309 4005 lias,
344 3925 503 4010 complens
525 3928 758 4009 juramentum,
789 3925 876 4007 quod
898 3926 1056 4009 spopondi
1078 3923 1148 3985 Ab·

67 4031 173 4095 ruham
203 4037 371 4118 patrituo
428 4034 471 4095 Ει
489 4033 709 4118 multiplicabo
731 4054 834 4095 semen
855 4046 945 4094 tuum
970 4036 1052 4095 sieut
1072 4032 1147 4094 stel-

66 4138 112 4200 las
133 4142 229 4220 caeli,
255 4142 402 4225 daboque
424 4145 561 4226 posteris
587 4145 651 4203 tuis
671 4144 829 4204 universas
850 4146 993 4228 regiones
1017 4140 1159 4221 bas‚ct

64 4246 314 4313 benedicentur
307 4270 340 4310 m
364 4253 476 4312 semine
498 4261 553 4313 tuo
577 4270 681 4311 omnes
704 4263 808 4334 gentes
829 4265 954 4331 terrae,
976 4272 1034 4327 eo,
1058 4248 1145 4331 quod

1278 410 1289 441 Ι
1357 428 1359 443 ι
