2768 4762
405 361 796 473 paestano.
925 346 928 353 ’
1065 364 1146 448 ⁸⁸⁸1.

64 570 97 621 et
128 549 287 618 theristra.
336 549 381 615 Et
413 550 475 613 erit
508 570 570 635 pro
609 554 696 613 suavi
731 555 833 614 odore
858 550 983 631 foetor,
1023 562 1056 616 et
1081 573 1144 649 pro

63 685 145 727 zona
169 649 345 747 funiculus,
377 668 408 718 et
430 677 491 740 pro
526 660 675 741 crispanti
701 661 787 733 crine
813 658 989 738 calvitium,
1027 670 1060 722 et
1083 682 1144 744 pro

65 773 163 832 fascia
191 765 341 852 pectorali
365 762 510 824 cilicium.
548 765 760 829 Pulcherrimi
781 787 906 850 quoque
929 769 989 828 viri
1006 768 1055 828 tui
1077 768 1146 852 gla-
1251 827 1253 831 .

66 878 123 938 dio
145 875 270 949 eadent,
302 883 334 932 et
355 870 453 931 fortes
476 872 521 930 tui
540 873 573 932 iu
593 872 727 957 proelio.
783 874 825 936 Et
844 874 1033 937 moerebunt
1051 889 1144 958 atque

63 982 217 1069 lugebunt
233 993 344 1065 portae
365 979 453 1060 ejus,
476 990 506 1039 et
527 976 665 1040 desolata
685 958 717 1040 in
739 995 824 1042 terra
845 982 977 1050 sedebit.
1083 1000 1088 1051 j

149 1114 273 1192 Amos.
304 1108 381 1170 vt:
425 1105 510 1183 Vae,
547 1110 601 1190 qui
630 1112 771 1194 opulenti
807 1113 878 1171 estis
910 1115 943 1175 iu
966 1112 1052 1173 Sion
1085 1125 1144 1176 etc.

63 1214 131 1298 Qui
151 1218 294 1281 dormitis
318 1218 350 1276 in
367 1215 455 1277 lectis
476 1213 643 1293 eburneis,
665 1230 696 1277 et
725 1217 869 1278 lascivitis
896 1219 931 1278 in
952 1221 1056 1280 stratis
1077 1240 1148 1280 ves·

63 1330 139 1390 tris:
180 1328 234 1409 qui
264 1326 372 1385 canitis
403 1322 442 1384 ad
464 1343 570 1381 vocem
592 1324 748 1407 psalterii:
783 1325 872 1385 Sicut
892 1325 994 1385 David
1015 1320 1147 1409 putare-‘-
1210 1384 1213 1390 .

64 1447 144 1496 runt
170 1456 200 1494 se
222 1430 337 1493 babere
367 1451 437 1492 vasa
461 1430 589 1506 cantici,
612 1427 754 1492 bibentes
778 1420 890 1493 vinuiu
905 1434 945 1499 in,
963 1431 1095 1516 phialis,
1116 1445 1148 1493 et

65 1543 190 1626 optimo
215 1549 374 1622 unguento
396 1534 546 1596 delibutis
579 1547 610 1598 et
629 1537 708 1597 nibil
732 1538 1046 1622 patiebantursuper
1069 1559 1149 1600 con·

64 1651 198 1709 tritione
228 1640 353 1724 loseph.
410 1642 615 1726 Quapropter
651 1665 733 1704 nunc
766 1645 944 1729 migrabunt
986 1649 1018 1706 in
1048 1650 1149 1731 capite
1216 1718 1220 1727 ι

65 1752 374 1834 transmigrantium:
398 1762 428 1808 et
452 1749 609 1811 auferetur
633 1752 728 1813 factio
756 1752 986 1814 lascivientium.
1030 1746 1150 1816 Juravit

68 1863 223 1920 Dominus
244 1855 357 1916 'DEUS
387 1858 418 1915 iu
440 1858 539 1918 anima
561 1879 636 1936 sua,
673 1860 750 1920 dicit
767 1861 920 1921 Dominus
944 1862 1149 1926 exercituum:

67 1969 218 2027 Detestor
253 1984 310 2048 ego
351 1946 528 2046 supe'rbiam
561 1947 678 2043 Jacob,
715 1979 746 2029 et
783 1966 892 2029 domos
924 1969 992 2051 eJus
1021 1968 1096 2048 odi,
1118 1979 1151 2030 et

66 2073 188 2136 tradam
212 2075 365 2134 civitatem
380 2094 450 2132 cum
467 2070 696 2149 habitatoribus
716 2073 790 2135 suit.
1003 2054 1006 2059 Ι

152 2202 170 2263 l
180 2202 297 2265 acob.
318 2204 375 2267 Va
396 2204 486 2286 Agite
511 2200 594 2264 nuuc
615 2202 744 2281 divites,
767 2200 909 2288 plorate,
933 2206 1087 2269 ululantes
1115 2210 1147 2272 in

65 2313 199 2371 miseriis
223 2315 349 2388 vestris,
373 2333 452 2392 quae
475 2312 637 2370 advenient
657 2311 756 2370 vobis.
801 2313 935 2374 Divitiae
956 2327 1073 2374 vestrae
1085 2336 1149 2398 pu·

68 2418 218 2478 trefactae
247 2429 340 2476 sunt:
379 2429 410 2476 et
431 2419 608 2477 vestimenta
631 2428 730 2473 vestra
754 2437 771 2475 a
796 2422 886 2478 tineis
914 2434 1046 2489 comesta
1064 2436 1150 2482 suut·

69 2522 192 2581 Aurum
214 2533 244 2580 et
270 2534 429 2605 argeutum
453 2535 588 2581 vestrum
606 2506 817 2602 aeruginavit:
851 2535 881 2582 et
901 2545 1016 2608 aerugo
1041 2547 1150 2586 eorum

71 2630 106 2688 iu
134 2630 340 2691 testimouium
372 2628 462 2690 vobis
498 2631 574 2704 erit,
621 2639 651 2687 et
681 2626 880 2687 manducabit
911 2650 1016 2690 carnes
1034 2647 1149 2694 vestras

71 2740 156 2798 sicut
185 2739 275 2822 ignis.
316 2736 557 2799 Thesaurizastis
578 2734 669 2795 vobis
688 2737 764 2794 iram
786 2732 815 2791 in
840 2733 1012 2795 novissimis
1029 2736 1150 2799 diebus.

71 2847 202 2927 Epulati
231 2848 302 2908 estis
324 2866 419 2930 super
441 2858 574 2922 terram,
606 2843 694 2903 etin
718 2841 850 2902 luxuriis
874 2847 1034 2906 enutristis
1054 2845 1151 2906 corda

69 2965 174 3011 vestra
194 2956 224 3012 in
248 2955 298 3013 die
322 2956 497 3015 occisionis.
636 2953 640 2961 '
708 3018 712 3026 ,

158 3060 259 3121 Rom.
289 3056 400 3121 XllI.:
440 3064 508 3142 Nox
541 3061 727 3143 praecessit,
763 3059 828 3119 dies
848 3072 949 3120 autem
976 3059 1152 3142 appropin-

71 3168 190 3247 quavit.
246 3165 439 3249 Abjiciaruus
461 3189 535 3249 crgo
562 3188 658 3249 opera
683 3167 900 3244 tenebrarum,
933 3180 964 3229 et
987 3169 1152 3229 induamur

69 3294 157 3334 arma
181 3271 268 3334 lucis.
312 3275 400 3336 Sicut
424 3273 531 3348 indie,
554 3271 683 3333 honeste
708 3269 914 3335 ambulemus=
944 3296 1008 3336 nou
1037 3278 1069 3335 in
1097 3294 1153 3334 co-

67 3380 309 3442 messationibus
341 3393 372 3442 et
413 3378 637 3455 ebrietatibus,
670 3400 733 3438 non
757 3387 788 3441 in
810 3382 966 3442 cubilibus
993 3395 1023 3442 et
1049 3381 1153 3464 impu-

69 3488 188 3549 dicitiis
233 3501 263 3549 et
301 3503 440 3549 caetera:
484 3486 538 3547 sed
565 3486 737 3563 ¹induimini
777 3489 982 3555 DOMINUM
1021 3488 1172 3550 JESUM.

71 3594 304 3672 CHRISTUM,
328 3610 359 3657 et
385 3596 485 3656 caruis
512 3609 617 3656 curam
638 3608 676 3654 ne
695 3589 829 3657 feceritis
857 3600 888 3656 in
916 3596 1087 3658 desideriis.

158 3701 359 3762 Ezechiel.
383 3703 492 3763 xvi:
536 3701 617 3763 Vivo
647 3722 725 3783 ego,
757 3703 834 3764 dicit
854 3705 1008 3764 Dominus
1032 3700 1152 3780 DEUS,

76 3810 230 3889 quianon
257 3810 332 3871 fecit
357 3811 496 3872 Sodoma
517 3831 610 3871 soror
628 3822 681 3869 tua
702 3812 784 3894 ipsa,
806 3824 836 3872 et
858 3810 939 3871 filiae
959 3810 1050 3894 ejus,
1071 3814 1154 3873 sicut

78 3914 176 3976 fecisti
205 3930 240 3977 tu
270 3930 301 3978 et
324 3916 406 3978 filiae
426 3931 505 3979 tuac.
548 3916 630 3977 Ecce
651 3916 727 3978 baec
750 3919 811 3981 suit
833 3920 978 4001 iniquitas
999 3918 1154 3979 Sodomae

77 4024 196 4083 sororis
221 4037 308 4100 tuae,
339 4024 506 4108 superbia,
540 4026 682 4085 saturitas
706 4020 815 4109 panis,
839 4040 871 4097 et
892 4024 1101 4103 abundantia,
1123 4035 1154 4085 et

77 4130 175 4189 otium
206 4134 303 4214 ipsius
329 4145 359 4192 et
391 4130 526 4193 filiarum
549 4133 634 4212 ejus:
659 4143 689 4192 ct
710 4153 832 4193 manum
854 4155 950 4219 egeno
973 4147 1004 4196 et
1023 4134 1154 4218 pauperi

73 4257 139 4298 non
158 4237 374 4323 porrigebant.
416 4235 459 4301 Et
491 4235 624 4302 elevatae
655 4251 744 4318 sunt,
772 4252 804 4317 et
820 4239 963 4306 fecerunt
993 4241 1156 4306 abomina-
