2768 4762
369 386 799 459 ''nccvnstttt
1036 394 1130 466 ’601

78 616 89 627 .
162 589 206 660 Ε.
248 587 301 659 m
334 583 513 655 haetenus
549 602 619 681 pro
651 575 810 651 instituti
838 574 989 675 quidem
1012 576 1130 647 nostri

64 712 213 784 ratione
225 752 237 794 ,
274 703 365 778 tatis
403 700 450 773 de
490 698 641 775 summio
678 700 754 772 illis
777 700 1000 774 uirtutibusr
1033 722 1129 795 quae

68 860 153 907 eum
177 829 351 902 divinitus
389 823 652 908 infundantur,
699 847 743 895 ae
786 822 929 897 divinos
954 822 1130 894 mortales

62 955 223 1042 faciant,
259 951 340 1048 juro
379 945 529 1045 quidem
554 945 816 1049 ¹Tlteologieae
854 960 1128 1059 nuncupantur,

62 1093 242 1175 reeteque
264 1073 312 1148 od
331 1069 545 1173 sapientiam
570 1069 807 1145 christianam
832 1066 1052 1183 reseruntur.

752 1202 773 1241 O

325 1351 881 1428 SCMHURAE.

24 1563 28 1601 2
152 1551 177 1611 L
201 1549 287 1610 Cor.
306 1547 409 1609 XIII.=
437 1547 528 1609 Nune
557 1562 658 1611 autem
679 1561 800 1611 manent
820 1546 896 1609 fides
908 1591 919 1626 ,
945 1563 1029 1628 spes,
1051 1541 1133 1603 eari-

24 1686 29 1727 ι
49 1671 114 1720 ·tas
121 1701 131 1736 ,
151 1659 212 1717 tria
232 1655 326 1717 haee:
349 1655 454 1738 Major
474 1669 574 1719 autem
595 1655 709 1718 lrorum
731 1669 775 1741 est
796 1656 915 1717 caritas.
1095 1662 1098 1667 “

151 1806 195 1873 11.
214 1807 307 1917 Tim.
326 1809 389 1871 11.=
423 1807 548 1871 sectare
568 1828 652 1871 rero'
662 1811 835 1891 justitium,
867 1806 978 1884 fldem,
1000 1823 1084 1887 spem
1105 1812 1136 1861 et

72 1914 240 1979 caritatem.

154 2063 272 2124 Hebr.
293 2064 366 2125 XI.
394 2066 451 2126 Est
472 2074 572 2125 autem
592 2063 689 2142 fides,
720 2064 939 2149 sperandamm
967 2057 1137 2184 substantia

54 2191 194 2246 .,rerum
214 2182 422 2253 argumentum
442 2190 506 2230 non
527 2173 749 2253 apparentium.

156 2318 243 2402 ssal.
265 2317 313 2377 Vr
335 2319 399 2378 Nos
426 2321 506 2377 enim
527 2318 667 2400 Spiritu,
690 2342 726 2380 ex
746 2321 808 2382 fide
828 2343 912 2405 spem
933 2323 1069 2401 justitiae
1087 2338 1138 2377 ex-

25 2398 34 2445 ²
74 2436 257 2510 spectamus.
308 2423 384 2483 Nam
417 2426 449 2483 in
478 2421 654 2485 CHllISTO
684 2424 779 2485 JESU
814 2446 914 2508 neque
946 2423 1140 2487 circumcisio

25 2526 39 2575 ¹
76 2529 198 2610 aliquid
220 2526 314 2598 valet,
334 2542 432 2605 neque
454 2531 670 2611 praeput'nm,
690 2531 746 2595 sed
767 2530 841 2593 fides
856 2548 969 2613 ,quae
990 2546 1049 2611 per
1060 2526 1141 2586 eari-

25 2628 41 2701 ἦ
63 2626 168 2699 1ιιιῑιιιιι
192 2644 345 2717 operatur.

25 2774 43 2821 '⁵
166 2790 273 2852 llom.
306 2784 408 2845 VIII:
444 2784 552 2848 Certus
584 2810 677 2869 sum„
696 2793 769 2875 quia
788 2809 888 2871 neque
916 2807 1019 2864 mors,
1040 2806 1143 2868 neque

25 2896 41 2971 Ι,
76 2899 160 2972 nita,
183 2916 282 2976 neque
303 2891 419 2973 angeli,
441 2914 542 2975 neque
562 2900 769 2981 principatus,
792 2916 892 2978 neque
911 2897 1059 2971 virtutes,
1088 2912 1143 2953 ne·

78 3024 143 3084 que
169 3004 325 3075 instantia,
362 3020 462 3081 neque
494 3002 616 3080 llrturn,
639 3006 739 3087 neque
766 3001 939 3079 fortitudo,
960 2997 1145 3082 nequealti-

79 3108 178 3180 tudo,
205 3126 304 3186 neque
334 3107 546 3188 profundum,
575 3130 678 3192 neque
706 3122 845 3172 ereatura
865 3107 923 3169 alia
945 3107 1061 3190 poterit
1088 3123 1144 3163 nos

26 3232 30 3249 ¹
79 3232 221 3295 separare
238 3213 393 3272 ecaritate
406 3212 485 3291 Dei,
509 3235 586 3296 quae
612 3228 658 3279 est
676 3221 708 3278 in
728 3216 903 3279 CHRISTO
920 3214 1015 3276 JESU
1034 3212 1144 3272 Doma-

78 3339 126 3381 no
144 3328 261 3377 nostro.

166 3470 301 3531 Joann.
322 3466 424 3533 XIV.'=
462 3470 526 3549 Qui
548 3470 649 3536 autem
670 3476 769 3561 diligit
790 3496 857 3553 me,
881 3473 1027 3558 diligetur
1048 3492 1066 3532 a
1084 3469 1147 3531 Pa·

79 3590 132 3640 tre
150 3597 236 3636 meo.
268 3587 297 3636 et
318 3596 374 3661 ego
396 3577 520 3663 diligam
541 3600 627 3660 enm,
649 3596 678 3643 et
697 3582 950 3651 manifestabam
969 3600 1017 3640 me
1038 3581 1146 3663 ipsum.

73 3678 120 3744 'Si
154 3685 220 3766 quis
251 3680 353 3768 diligit
379 3706 447 3765 me,
482 3708 652 3749 sermonem
680 3710 782 3749 meum
810 3688 977 3751 servabitt·
1002 3698 1035 3747 et
1060 3696 1147 3767 pater

75 3810 169 3855 meus
196 3790 303 3874 diliget
333 3813 421 3871 eum,
458 3805 488 3855 et
518 3794 557 3857 ad
583 3815 651 3856 eum
670 3799 853 3872 veniemus,
895 3808 925 3856 et
962 3794 1147 3853 mansionem

78 3895 169 3980 apud
190 3918 259 3957 eum
277 3898 429 3960 faciemus.

138 4048 272 4113 Rom.
292 4024 400 4117 XIII.
392 4011 485 4133 ·Qui
506 4053 608 4139 diligit
631 4055 824 4137 proximum,
847 4051 944 4135 legem
964 4049 1108 4135 implerit.

85 4182 90 4193 ·
171 4155 259 4214 Luc.
281 4152 354 4220 xla·
372 4160 474 4237 Beati,
499 4164 567 4263 qui
575 4158 701 4243 audiant
732 4158 871 4221 realium
878 4156 955 4236 Ilei,
981 4171 1010 4257 et
1035 4152 1148 4219 eusto-

80 4256 191 4321 diunt
202 4254 320 4323 illud.
552 4252 567 4271 ”
687 4266 691 4274 ’
