2768 4762
218 362 270 432 70
564 355 638 422 Du
680 359 820 423 FIDE
864 357 932 423 ET

221 542 288 604 illie
309 542 588 628 congregabuntur.
603 556 635 607 et
663 547 797 630 aquilae.
838 543 949 608 Statim
975 554 1077 605 autem
1100 556 1175 628 post
1196 543 1305 606 tribu-

224 649 371 712 lationem
396 648 517 712 dierum
540 650 670 713 illorum
685 652 734 716 sol
759 650 1006 728 obscurabitur,
1028 662 1059 712 et
1076 650 1149 713 lune
1167 672 1233 715 non
1246 651 1305 715 da-

225 758 274 819 bit
299 755 401 822 lumen
414 778 519 834 suum,
541 769 572 818 et
593 757 700 822 stellae
721 760 833 823 eadent
852 757 891 820 de
908 757 994 821 caelo
1004 802 1015 836 ,
1037 769 1069 818 et
1084 762 1215 821 virtutes
1234 780 1307 820 cae·

228 866 334 971 lorum
355 860 650 944 commovebuntur,
673 880 705 930 et
723 880 798 929 nme
810 865 973 955 parebit
950 887 1072 950 signum
1090 861 1148 925 lilii
1167 862 1318 961 hominis

229 950 262 1033 in
283 971 394 1035 caelo:
416 984 447 1035 et
467 984 541 1033 tunc
564 971 713 1059 plangent
734 996 839 1037 omnes
855 974 958 1036 tribus
976 985 1077 1034 terrae
1099 983 1130 1032 ct
1151 970 1306 1034 ridebunt

229 1077 331 1141 lilium
352 1077 486 1141 hominis
508 1082 681 1143 venientem
702 1083 734 1143 in
755 1081 893 1144 nubibus
908 1080 985 1144 caeli
1005 1100 1076 1140 cum
1093 1080 1208 1139 virtute
1222 1077 1306 1138 mul-

230 1201 263 1249 ta
287 1198 319 1248 et
340 1187 517 1270 majestates
552 1185 596 1249 Et
615 1187 718 1251 mittet
740 1189 865 1274 angelos
887 1209 962 1252 suos
989 1208 1059 1249 cum
1081 1185 1159 1265 tuba
1176 1198 1207 1247 et
1227 1206 1306 1249 voce

230 1314 357 1380 magna:
396 1304 428 1354 et
448 1293 692 1380 congregabunt,
708 1296 824 1363 eleetos
856 1297 926 1380 ejus
949 1314 967 1359 a
992 1307 1129 1378 quatuor
1149 1295 1265 1372 ventis,
1288 1313 1307 1356 a

232 1403 354 1465 summis
383 1396 540 1463 caelorum
569 1423 669 1486 usquc
704 1401 745 1466 ad
762 1406 911 1467 terminos
934 1424 1053 1465 eorum.
1102 1402 1151 1462 De
1170 1399 1220 1462 die
1247 1422 1307 1461 au-

232 1523 294 1572 tem
316 1494 370 1572 illa
403 1520 435 1570 et
463 1506 544 1571 hora
569 1530 660 1572 nemo
685 1512 759 1589 seit,
794 1530 897 1594 neque
922 1509 1021 1595 angeli
1048 1508 1223 1587 caelorum,
1245 1509 1305 1570 nisi

233 1618 318 1682 solus
332 1627 431 1702 pater.
475 1615 565 1680 Sicut
584 1629 684 1680 antem
703 1618 736 1678 in
758 1615 869 1679 diebus
886 1616 974 1681 Noe:
998 1617 1041 1677 ita
1061 1618 1122 1677 erit
1142 1628 1173 1677 et
1193 1614 1308 1676 adven-

233 1738 284 1788 tus
304 1721 362 1787 dlii
386 1722 532 1786 hominis.
575 1723 666 1787 Sicut
687 1724 767 1785 enirn
782 1737 872 1786 erant
891 1727 924 1786 in
944 1721 1055 1785 diebus
1074 1736 1144 1784 ante
1156 1723 1309 1784 dilnvium

235 1829 430 1895 comedentes
449 1843 482 1892 et
507 1827 667 1910 bibentes,
689 1827 841 1893 nubentes
862 1843 894 1893 et
917 1832 1033 1914 nuptui
1054 1829 1231 1910 tradentes,
1252 1851 1310 1892 us-

235 1959 297 2022 que
319 1935 444 1999 adeum
461 1937 561 2016 diem,
584 1960 649 2023 quo
665 1940 793 2001 intravit
812 1936 881 2002 Not
902 1940 934 2000 in
952 1958 1073 2016 arcam,
1104 1950 1135 2000 et
1153 1936 1312 2021 non'cog-

234 2057 411 2123 noverunt,
427 2044 528 2108 denec
548 2048 633 2110 venit
657 2043 826 2127 diluvium,
849 2059 881 2111 et
899 2043 973 2110 aaliz
988 2064 1109 2109 omues:
1138 2047 1182 2111 ita
1195 2045 1257 2108 erit
1276 2055 1310 2105 et

234 2152 383 2214 adrentus
409 2149 468 2215 lilii
496 2151 632 2216 hominis
653 2167 711 2215 etc.

318 2285 416 2355 Lue
438 2281 540 2395 ΧΨ
573 2283 616 2347 Et
630 2295 722 2347 erunt
754 2286 841 2371 signa
861 2287 894 2348 in
910 2284 977 2349 sole
998 2270 1029 2349 et
1054 2285 1128 2352 iuna
1144 2298 1177 2350 et
1189 2281 1309 2359 stellis,

234 2404 266 2453 et
283 2392 315 2452 in
339 2393 432 2454 terrie
465 2412 612 2477 pressura
634 2388 770 2477 gentium
799 2415 876 2478 prae
905 2392 1090 2459 confusione
1108 2395 1311 2457 sonitusmn-

194 2539 198 2549 v
233 2501 278 2561 ris
306 2511 338 2560 et
359 2496 519 2579 lluctnum,
543 2498 755 2573 arescentibus
780 2499 962 2564 hominibus
982 2523 1059 2588 prae
1077 2505 1189 2566 timore
1206 2511 1238 2561 et
1256 2517 1312 2558 ex-

232 2609 446 2692 spectatione,
471 2628 552 2692 quae
576 2610 797 2693 supervenient
816 2611 963 2671 universo
987 2609 1069 2673 orbi.
1112 2609 1190 2671 Nam
1210 2607 1312 2666 virtu-

150 2699 152 2703 ’
233 2727 280 2776 tcs
302 2715 460 2780 caelorum
480 2712 709 2778 movebuntur:
742 2727 773 2777 et
792 2728 870 2781 tune
888 2715 1041 2781 videbunt
1056 2715 1160 2802 'lilium
1176 2713 1312 2777 hominis

233 2825 404 2886 venientem
413 2827 445 2886 ia
454 2820 538 2884 nube
550 2844 620 2886 curn
631 2835 784 2910 potestate
793 2825 1113 2909 magnaetmajeatate.
1131 2819 1311 2884 Amendico

233 2928 337 3009 vobis,
346 2933 421 3015 quia
435 2950 499 2994 non
510 2929 696 3016 praeteribit
704 2933 862 3017 generatio
876 2929 963 3010 hacc,
985 2930 1085 2993 donec
1100 2930 1204 2993 omnia
1223 2923 1311 2989 liant.

236 3033 402 3128 Coelumet
417 3049 502 3102 terra
515 3037 703 3118 transibunt,
719 3037 815 3101 verba
837 3050 936 3102 autem
956 3043 1104 3103 maa'uon
1119 3034 1311 3099 transibunt.

197 3180 201 3190 ι
236 3141 397 3208 Attendite
419 3146 629 3226 autemvobis,
646 3148 777 3210 neforto
790 3160 958 3232 graventur
970 3146 1067 3209 corda
1080 3159 1182 3207 vestra
1195 3145 1226 3204 in
1241 3163 1314 3205 cra·

237 3249 313 3336 pula
326 3264 358 3315 et
368 3252 528 3334 ebrietate,
542 3269 574 3318 et
582 3257 666 3317 euris
678 3252 775 3338 hujus
782 3257 878 3318 ritae:
901 3255 1140 3338 etsuperreniat
1150 3255 1182 3314 in
1192 3272 1248 3315 vos
1261 3271 1314 3311 rc-

235 3361 365 3442 pentina
375 3358 440 3425 dies
452 3361 515 3424 illa.
541 3363 701 3446 Tanquam
714 3362 844 3448 laqueus
854 3362 935 3423 enim
947 3362 1145 3447 superveniet
1152 3363 1184 3421 in
1195 3379 1313 3434 omnes,

238 3467 294 3548 qui
314 3466 423 3531 sedent
447 3489 541 3556 super
568 3469 678 3532 faciem
694 3473 793 3533 omnir
810 3482 920 3531 terrae.
966 3466 1102 3553 Vigilate
1117 3474 1222 3552 itaque
1243 3484 1313 3529 om·

236 3572 272 3631 ni
291 3582 432 3657 ternpore
457 3589 581 3638 orentes
592 3621 603 3656 ,
626 3588 663 3639 ut
682 3576 767 3662 digni
791 3575 965 3637 habeamini
995 3576 1103 3662 fugere
1122 3584 1179 3641 latr
1199 3575 1311 3652 omnia,

237 3697 315 3760 quae
342 3679 560 3757 saturarent,
583 3697 614 3747 et
641 3697 723 3746 stare
747 3698 818 3747 ante
836 3680 937 3747 lilium
956 3679 1103 3747 hondnis.

319 3788 402 3852 Act
431 3790 492 3857 ‘X.:
525 3789 568 3855 Et
591 3794 753 3880 praecepit
786 3788 879 3856 nobis
909 3789 1091 3877 praedicare
1121 3789 1250 3880 ,populo
1280 3802 1315 3853 et

233 3893 416 3978 testificari,
454 3901 526 3981 quia
554 3903 621 3984 ipse
652 3913 714 3981 est,
736 3922 792 3987 qur
813 3902 1002 3966 constitutus
1029 3913 1077 3962 est
1091 3923 1109 3964 a
1125 3901 1196 3966 Deo
1214 3898 1313 3985 judex

232 4025 372 4067 virorum
393 4019 425 4069 et
441 4018 648 4070 mortuorum.

210 4130 214 4139 “
314 4115 339 4178 1.
360 4113 500 4179 Thess·
532 4114 610 4177 1V.:
643 4117 729 4196 Nos,
752 4121 807 4202 qui
838 4118 977 4195 vivimus,
1000 4121 1053 4201 qui
1074 4118 1189 4181 residui
1204 4137 1311 4178 sumus

228 4225 261 4284 in
292 4222 427 4290 adventu
464 4224 615 4303 Domini,
643 4245 709 4289 uon
739 4227 970 4313 praeveniemus
993 4247 1046 4291 eos
1058 4273 1068 4309 ,
1091 4231 1150 4313 qui
1171 4224 1313 4289 dormie-
