2768 4762
271 376 326 449 48
623 367 694 433 nu
733 368 874 436 FIDE
916 368 984 437 ΕΤ

271 552 347 617 tales
374 562 550 639 serpentum
578 574 700 618 morsus
724 556 853 620 curavit
901 555 1024 621 Etenim
1046 558 1072 620 si
1090 571 1201 643 portas
1221 560 1341 625 inferni

271 640 443 739 perfregit,
464 640 668 739 sicariorum
695 643 774 703 ostia
799 639 942 720 reclusit,
972 645 998 704 si
1022 643 1159 727 paradisi
1178 653 1342 709 renovavit

135 774 143 789 ,
272 742 452 808 ingressum,
471 724 497 785 si
508 723 748 786 dtaholrnervos
761 724 895 789 reciditt
911 726 991 808 quid
1008 730 1131 806 mirum,
1156 729 1182 788 si
1190 732 1341 811 pestilera

94 824 185 921 liiii
200 807 1343 980 '‘¹''titt:‘attii'tlt,tl⁸ttltttt⁰ittztltiittit·

709 937 718 969 ,
1332 943 1341 959 .

271 1004 276 1019 '
355 1014 402 1069 Η.
425 998 650 1061 ΗΙὸΤΟΒΙΑΕ
671 998 860 1084 Tripartitae
876 998 946 1062 Lib.
967 998 1023 1065 VI.
1046 1020 1115 1077 cup.
1139 1014 1167 1071 1.
1184 1024 1220 1064 ex
1240 1000 1344 1066 histn-

269 1088 317 1147 ria
333 1083 550 1147 Ecclesiastico
566 1084 796 1163 Theodoreti,
811 1083 866 1145 lib.
887 1085 946 1147 111.
989 1085 1052 1147 Coe
1076 1088 1101 1147 it
1124 1088 1220 1173 igitur
1239 1087 1342 1149 Julia-

268 1192 328 1231 nus
345 1168 521 1253 Imperialia
543 1181 665 1311 sceptra
687 1168 874 1237 desiderare.
929 1108 1139 1247 Quamohrem
1162 1170 1339 1233 discurrens

268 1274 327 1338 per
343 1256 516 1314 universam
536 1251 594 1313 Hel
608 1253 683 1331 ada,
706 1266 790 1315 vates
806 1252 975 1337 quaerebat
996 1274 1143 1337 responsa
1165 1254 1340 1334 reddentes,

269 1336 456 1414 consolans,
489 1357 527 1397 an
559 1336 598 1397 ad
620 1358 710 1397 suum
729 1339 893 1421 imperium
933 1342 1126 1437 perveniret:
1162 1340 1340 1422 invenitque

269 1424 387 1499 virum,
409 1421 464 1504 qui
491 1421 537 1482 illi
559 1422 730 1483 desiderata
748 1443 781 1482 se
802 1420 907 1485 dicere
930 1424 1090 1483 lateretur.
1132 1421 1164 1485 Is
1177 1442 1247 1484 eum
1263 1444 1341 1508 per-

270 1506 387 1567 ducens
417 1505 457 1566 ad
475 1506 636 1588 quemdam
668 1503 827 1567 idolorum
854 1504 974 1581 locum,
1016 1518 1048 1567 et
1079 1506 1279 1569 introducens
1307 1508 1342 1567 iu

269 1591 417 1667 adytum,
439 1590 616 1651 seductores
639 1588 801 1653 daemones
835 1591 987 1654 mouerit·
1030 1589 1151 1668 Quibus
1170 1589 1343 1654 solenniter

270 1673 512 1759 apparentibus,
541 1687 664 1737 terrore
692 1673 891 1759 compellitur
917 1672 1058 1737 Julianus
1085 1676 1119 1735 in
1154 1675 1258 1737 fronte
1284 1694 1342 1736 sua

271 1763 372 1821 crucis
401 1759 537 1819 formare
565 1758 765 1841 signaculum.
815 1760 906 1819 Tamo
933 1758 1096 1820 daemones
1113 1758 1258 1844 trophaei
1280 1758 1344 1820 do-

109 1839 530 1985 1,ί,,,,,,,ιμιιιίιιίοἰθέοαιιιιιι
562 1844 778 1925 respicientes,
808 1854 839 1904 et
864 1862 937 1904 suae
965 1841 1124 1907 recordati
1146 1843 1340 1943 devictionis,

110 1983 114 1990 ·
148 1939 401 2094 000οἱ1131
433 1926 992 2073 ttttt¹3¹'‘nii5‘¹t⁰tttt
1016 1928 1345 2095 igtlsdtssttt}

270 2096 373 2159 crucis
387 2114 419 2155 se
441 2092 519 2155 dixit
539 2092 736 2177 obstupuisse
761 2096 876 2156 virtute
888 2138 899 2175 ,
934 2115 973 2157 eo
1005 2096 1094 2179 quad
1115 2093 1251 2156 videntes
1278 2090 1343 2155 hoc

269 2184 391 2265 signnm
398 2177 560 2239 daemones
570 2181 770 2240 evanuissent
787 2179 893 2240 Porro
905 2180 1032 2263 Magusz
1050 2178 1344 2277 Nonhocsuspice·

270 2268 326 2343 ris,
340 2265 451 2347 iuquit,
460 2284 479 2323 o
492 2261 575 2323 bone
587 2266 645 2340 vir,
657 2284 709 2324 eos
716 2265 853 2325 timuisse
864 2265 945 2325 sicut
952 2266 996 2326 ais
1007 2308 1016 2341 ,
1036 2262 1090 2326 sed
1101 2262 1269 2325 abominata
1276 2260 1342 2323 hoc

271 2352 393 2434 signum
413 2349 537 2431 potius,
559 2346 779 2410 abscesserunt.
822 2346 865 2409 Et
880 2348 924 2408 ita
943 2351 1065 2433 capiens
1084 2348 1238 2423 miserum,
1263 2344 1341 2407 odio

271 2432 404 2518 replevit
428 2430 595 2493 Christiani
620 2431 769 2517 signaculi
795 2430 960 2493 lulianum.

251 2541 258 2563 ·
358 2530 409 2585 η.
437 2514 639 2577 EPHRAEM
672 2516 740 2593 Syr.
768 2518 801 2577 iu
829 2536 919 2577 serm.
949 2516 988 2578 de
1017 2514 1049 2578 S.
1072 2528 1104 2579 et
1122 2514 1208 2577 vivif.
1233 2531 1340 2575 eruo:

272 2599 338 2663 Nos
362 2600 570 2663 Christiania
595 2602 770 2663 Gentilibus
798 2620 835 2661 ac
855 2600 977 2662 Iudaeis
998 2597 1197 2678 declinemus,
1242 2610 1343 2658 ostes-

96 2682 263 2777 ¹¹⁰·¹·2·⁰J3⁰·
276 2706 335 2769 que
357 2696 482 2747 nostros
511 2686 648 2770 pretiosa
675 2706 710 2747 ac
726 2682 846 2746 vivifica
860 2684 960 2745 Crnce
977 2704 1180 2761 coronemus,
1203 2618 1341 2743 dicentes

276 2791 347 2832 cum
372 2768 528 2854 Apostolo
557 2768 675 2831 Paulos
707 2769 787 2829 Mihi
819 2768 900 2831 absit
923 2769 1072 2853 gloriari,
1105 2768 1164 2828 nisi
1190 2769 1223 2827 in
1239 2764 1342 2825 Cruce

96 2882 181 2941 «ιρις,
194 2888 226 2927 ‚a
274 2856 403 2917 Domini
422 2855 521 2915 nostri
543 2852 641 2913 JEsu
661 2853 835 2916 CHRISTI.
873 2852 1082 2939 Pinpamusia
1101 2852 1223 2935 januis,
1245 2862 1342 2933 atque

96 2932 310 3039 ξξξῗζξοζῗξζξιι
348 2938 505 3037 frontibus
533 2940 667 3037 nostris,
701 2950 743 3037 'et
777 2940 808 2997 in
846 2956 918 3037 ore,
953 2950 985 2999 et
1016 2939 1049 2999 iu
1079 2948 1221 3033 pectore·
1248 2945 1343 3015 atque

96 3030 266 3185 iiisiiiiis
279 3019 1342 3168 :titiicittii,ffiffitttffmnlzttmttttti

96 3176 227 3218 ''⁸'‘¹⁸²¹⁰’
276 3194 406 3255 mortis:
428 3190 568 3252 fidelium
588 3210 680 3275 spes,
703 3190 755 3251 lux
774 3190 861 3253 orbis
881 3202 995 3266 terrae,
1015 3188 1151 3273 paradisi
1165 3186 1342 3263 reserstrin,

276 3274 470 3363 profligatrix
511 3275 689 3352 haeresum,
723 3274 949 3339 monachorum
975 3271 1215 3348 adminiculum,
1234 3266 1343 3330 firma-

275 3373 409 3424 mentum
427 3358 520 3435 fidei,
552 3378 660 3445 magna
684 3358 888 3444 salutarisque
909 3356 1077 3437 custodia,
1098 3369 1130 3419 et
1147 3354 1249 3440 gloria
1266 3371 1343 3437 per-

275 3459 369 3531 petua
394 3442 652 3506 orthodoxorum
676 3445 708 3504 iu
732 3458 899 3507 aeternum.
941 3442 1029 3504 Hauc
1053 3462 1074 3504 o
1097 3440 1270 3503 Christiane
1288 3454 1344 3496 sr-

273 3542 425 3591 maturam
447 3528 556 3589 diebus
579 3527 706 3612 singolis
735 3542 766 3590 et
780 3527 945 3605 noctibus,
981 3528 1068 3588 horis
1093 3537 1187 3607 atque
1203 3538 1343 3583 momen-

274 3616 315 3675 tis
336 3633 369 3673 ιιι
392 3615 475 3673 omni
503 3612 574 3674 loco
600 3612 802 3673 circumferre
834 3632 898 3672 non
931 3612 1073 3687 desinas,
1109 3608 1252 3691 nihilque
1274 3604 1343 3664 sine

276 3702 345 3784 ipsa
363 3694 524 3781 perficias:
545 3696 599 3757 sed
625 3700 687 3757 sive
710 3696 861 3771 dormias,
895 3697 958 3755 sive
980 3698 1039 3756 iter
1061 3712 1153 3838 aqna,
1174 3688 1345 3789 siveevipi·

275 3783 335 3859 les,
357 3783 421 3842 sive
437 3784 526 3865 operi
545 3783 681 3857 insistas,
704 3784 766 3841 sive
785 3778 972 3857 manduces,
996 3799 1059 3839 save
1104 3776 1181 3853 ibas,
1203 3792 1346 3835 saverna-

276 3869 323 3928 ria
342 3868 486 3950 naviges,
507 3866 570 3925 sive
595 3866 783 3927 transmittas
806 3862 950 3939 tlumina,
972 3864 1030 3924 hac
1053 3876 1084 3924 te
1099 3862 1197 3922 lorica
1209 3860 1347 3920 circum·

275 3964 359 4035 tege,
382 3950 580 4031 membraque
610 3962 664 4011 tua
699 3952 801 4011 omnia
822 3949 950 4011 salutari
981 3950 1070 4031 signo
1097 3964 1230 4019 exorna,
1251 3954 1349 4023 utque

276 4036 484 4117 circumsepi,
517 4046 548 4094 et
577 4055 641 4096 non
657 4035 805 4097 accedent
828 4035 869 4097 ad
883 4047 915 4096 te
934 4032 1022 4093 mala.
1064 4032 1134 4092 Hoc
1154 4030 1235 4090 enim
1255 4027 1348 4109 signo

274 4140 351 4181 cons
375 4132 465 4198 ecto,
486 4118 679 4180 adversariae
701 4133 869 4204 potestates
888 4117 1096 4194 conterritae,
1118 4123 1347 4192 manentesque

276 4140 435 4269 recedunt.
477 4204 562 4269 Crux
587 4208 653 4289 ipsa
668 4204 832 4269 ernusti
847 4204 998 4267 veraciter
1017 4196 1220 4263 sanctificavit
1236 4192 1348 4256 orbem
