2768 4762
662 294 675 326 Ι

413 390 803 487 nncunoeo.
898 344 904 361 '
1055 384 1163 467 ‘m

69 580 299 658 CHRISTUM,
329 580 385 663 qui
414 579 446 641 in
467 580 542 663 ipsis
562 576 691 639 habitat.
734 578 816 640 Bene
837 578 927 641 etiam
947 573 1306 673 &mmmm-{1:355}a

68 669 155 754 phus
189 668 319 727 cecinit:
349 663 503 725 Mirabilis
524 665 611 722 Dens
644 665 675 723 in
706 664 818 724 sanetis
836 665 911 729 suis.
953 663 996 724 Et
1017 665 1145 725 iterum:
1211 656 1217 668 ’
1254 655 1261 677 ’
1287 657 1294 670 ‘

72 756 204 814 Sanctus
224 753 256 811 in
278 763 363 812 terra
379 744 477 828 illius,
499 746 645 809 mirificas
666 748 743 809 l'ecit
764 767 868 811 omnes
881 747 1056 811 voluntates
1076 751 1145 831 ejus
1200 816 1203 821 ,

70 861 105 900 :n
127 860 136 896 r
161 858 209 897 sis.
375 866 377 875 ·
803 862 810 874 ·
923 854 928 875 ·
961 886 965 893 .

138 858 183 988 ps.
226 917 460 981 CONCILIUM
494 918 671 999 Gangrense
703 918 734 976 in
768 918 950 1000 prooemio:
990 918 1146 995 Quoniam

73 1019 177 1068 sancta
204 1004 437 1087 Episcoporum
464 1001 601 1078 synodus
624 1003 740 1062 invenit
759 1001 856 1064 multa
877 1000 946 1064 fieri
967 1005 1145 1064 indecenter

70 1090 113 1152 ab
134 1090 204 1166 his,
227 1090 283 1170 qui
305 1085 502 1147 Eustathium
524 1088 621 1147 secuti
643 1099 716 1146 sunt
728 1130 736 1161 ,
767 1090 939 1147 necessario
961 1089 1069 1149 statuit
1089 1098 1146 1171 pai·

72 1177 133 1236 lam
166 1172 310 1235 omnihus
343 1172 453 1249 iactis,
490 1184 649 1253 amputare
681 1174 841 1247 universa,
874 1192 953 1253 quae
975 1172 1014 1231 ab
1036 1171 1145 1232 eodem

69 1258 150 1322 male
171 1259 330 1318 commissa
351 1269 431 1317 sunt.
474 1256 558 1316 Loca
578 1268 755 1315 sanctorum
773 1268 944 1332 martyrum
964 1256 1012 1315 rel
1039 1254 1317 1343 basili.huustrrttant

72 1366 124 1405 cas
149 1354 366 1419 contemnere,
405 1353 436 1401 et
465 1360 586 1415 omnes,
617 1341 672 1420 qui
698 1338 773 1398 illue
794 1341 1001 1413 conveniunt,
1026 1309 1321 1409 repre-si‘h‘illlslli

70 1428 208 1495 hendere
234 1429 348 1486 inventi
370 1437 451 1485 sunt
776 1478 779 1483 .
1156 1409 1312 1444 ‘mmm‘

145 1513 200 1570 ET
222 1531 289 1574 ean.
311 1524 378 1576 ραι
410 1510 443 1569 Si
474 1509 544 1590 quis
572 1506 748 1589 arrogantia
778 1519 883 1583 utens,
917 1518 949 1566 et
977 1508 1147 1580 martyrum

72 1607 328 1678 congregationes
352 1593 541 1666 abhorrens,
583 1605 613 1651 et
633 1613 738 1667 sacra,
769 1613 847 1673 quae
868 1594 901 1651 in
922 1593 966 1650 eis
988 1589 1149 1650 celebran-

73 1695 149 1755 tur,
173 1691 333 1737 eteorum
354 1680 514 1737 memorias
537 1688 678 1751 accuset,
713 1683 753 1737 sit
774 1674 943 1736 anathema.
1050 1694 1053 1699 ·

158 1775 187 1827 6.
230 1760 488 1821 AUGUSTINUS
509 1762 542 1822 L.
564 1761 668 1837 XXII,
692 1760 730 1821 de
752 1764 810 1822 civ.
831 1763 891 1822 Dei
918 1781 983 1844 cap.
1006 1770 1054 1825 lh:
1085 1758 1148 1817 Mi-

74 1845 234 1921 raculum,
270 1846 356 1926 quod
378 1844 546 1906 Mediolani
580 1847 697 1905 factum
725 1859 785 1923 est,
822 1868 892 1907 cum
914 1844 979 1906 illio
1002 1862 1144 1916 essemus,
1155 1832 1307 1924 θξξζζξξιζ,

74 1929 200 2009 quando
223 1928 412 1989 illuminatus
435 1942 480 1999 est
502 1950 632 2006 caecus,
667 1931 706 1990 ad
728 1930 897 1993 multorum
918 1930 1062 1989 notitiam
1082 1932 1263 2010 po-1'10t1211·

71 2015 134 2071 tuit
155 2016 331 2094 pervenire,
354 2016 427 2094 quia
448 2025 478 2072 et
498 2014 625 2096 grandis
647 2027 692 2074 est
709 2005 840 2092 ¹civitas,
862 2026 893 2075 et
912 2013 957 2073 ibi
979 2025 1045 2073 erat
1067 2024 1150 2072 tuuc·

70 2097 265 2177 imperator,
288 2109 319 2157 et
339 2098 486 2158 immenso
509 2096 629 2181 populo
651 2111 726 2158 teste
748 2120 796 2161 res
818 2113 903 2182 gesta
922 2110 989 2175 est,
1011 2117 1148 2159 conetur-

71 2194 158 2241 rcnte
189 2181 228 2240 ad
250 2202 388 2263 corpora
421 2184 594 2257 Martyrum
624 2183 759 2243 Protasii
792 2198 823 2245 et
853 2184 1001 2244 Gervasii.
1058 2181 1146 2253 Quae

71 2287 141 2324 cum
172 2265 303 2324 laterent
334 2278 366 2325 et
395 2269 518 2346 penitus
551 2271 763 2342 nescirentur,
793 2269 953 2349 Episcopo
976 2266 1144 2327 Ambrosio

70 2371 130 2432 per
150 2351 302 2407 somnium
327 2347 478 2423 revelata,
501 2362 624 2429 reperta
646 2364 739 2422 sunt,
762 2351 816 2410 ubi
840 2372 946 2410 caecus
968 2349 1148 2432 illedepul-

73 2436 114 2491 sis
136 2428 291 2489 veteribus
312 2428 449 2488 tdnebris
471 2431 550 2489 diem
574 2433 661 2491 vidit.
717 2434 830 2493 Narrat
851 2435 965 2493 ibidem
982 2436 1063 2494 inter
1086 2434 1145 2492 alia

72 2513 222 2575 miracula
249 2511 460 2594 Augustinus,
495 2513 532 2571 de
564 2515 700 2593 quodam
722 2519 871 2576 orationis
895 2518 967 2576 loco
990 2539 1007 2577 a
1027 2515 1146 2576 Tribu-

73 2600 154 2658 uitio
187 2599 255 2657 viro
291 2598 386 2680 ipsius
418 2597 581 2678 Augustini
612 2600 763 2680 permissu
794 2597 980 2676 aedificato,
1016 2603 1048 2660 in
1078 2621 1142 2681 quo

73 2696 159 2744 terra
181 2694 285 2742 sancta
325 2681 364 2742 de
384 2679 607 2756 Hierosolymis
632 2681 740 2755 allata,
773 2686 959 2743 reverentiae
981 2705 1071 2745 causa
1093 2678 1295 2768 ¹⁰·saffiu'm'

72 2781 141 2826 cata
170 2765 370 2827 serrabatur:
405 2765 492 2848 quod
514 2786 581 2825 cum
603 2766 711 2826 luisset
730 2769 849 2847 juvenis
872 2767 996 2849 quidam
1017 2768 1144 2850 paraly-
1234 2755 1242 2768 ⁹

72 2861 154 2911 licus
176 2850 307 2927 allatus,
328 2863 489 2920 oraverit,
523 2863 616 2932 atque
639 2852 710 2911 inde
732 2855 880 2913 continuo
904 2854 1030 2934 (inquit)
1054 2853 1145 2935 pedi-

72 2935 134 2996 bus
166 2938 227 2995 suis
255 2935 356 2994 salvus
382 2934 538 3001 abscessit.
591 2937 632 2996 Et
663 2950 737 3018 post
759 2937 817 2996 alia
839 2938 988 3018 quaedam
1010 2957 1146 2998 comme-

70 3035 190 3081 morata
211 3019 380 3095 miracula,
402 3020 551 3081 nonnulla
573 3021 611 3080 de
629 3021 710 3081 beati
735 3021 883 3104 Stephani
907 3022 1046 3104 reliquiis
1071 3042 1145 3081 nar-

73 3118 136 3164 rat:
159 3123 293 3185 quorum
314 3106 447 3185 primum
468 3105 569 3165 verbis
592 3106 775 3186 hujusmodi
797 3119 951 3167 recenset:
974 3106 1024 3167 Ad
1048 3127 1142 3188 aquas

70 3188 273 3260 Tibilitanas,
295 3189 416 3269 inquit,
451 3189 610 3272 Episcopo
633 3191 778 3251 all'crente
801 3191 971 3271 Projecto,
994 3190 1141 3271 reliquias
1153 3200 1188 3244 at
1207 3201 1318 3263 reliquus

69 3274 215 3346 martyris
238 3269 451 3353 gloriosissimi
484 3273 650 3356 Stephani,
684 3275 723 3334 ad
753 3278 820 3357 ejus
840 3279 1018 3336 memoriam
1039 3252 1306 3342 νεηὶε-ῗὸῃῗξὶῗῗζῗ

69 3356 126 3417 bat
155 3376 280 3438 magnae
299 3357 506 3418 multitudinis
529 3379 697 3418 concursus
724 3374 754 3421 et
781 3380 939 3420 occursus.
983 3361 1032 3420 lbi
1054 3380 1142 3419 caeca
1152 3351 1289 3393 ”³¹²¹²²⁶⁰·

68 3440 198 3516 mulier,
223 3452 259 3500 ut
282 3442 320 3501 ad
339 3442 530 3525 Episcopum
553 3454 727 3525 portantem
749 3447 881 3528 pignora
903 3465 989 3505 sacra
1011 3444 1143 3504 ducere·-

67 3538 144 3601 tur,
177 3525 297 3601 oravit,
327 3523 443 3603 llores,
482 3548 560 3608 quos
583 3526 719 3603 serebat,
753 3530 859 3590 dedit:
881 3541 1018 3611 recepit,
1040 3526 1273 3591 ocultam

69 3610 227 3686 admovit,
260 3611 405 3691 protinus
427 3610 515 3671 vidit.
556 3611 781 3695 Stupentibus,
805 3616 859 3695 qui
880 3614 1029 3690 aderant,
1050 3635 1142 3697 prae·

70 3693 137 3756 ibat
159 3692 319 3769 exultans,
355 3696 434 3755 viam
466 3717 614 3778 carpens,
649 3710 680 3758 et
695 3700 760 3757 viae
783 3697 893 3757 ducem
916 3698 1049 3759 ulterius
1075 3719 1141 3759 non

70 3781 243 3860 requirens.
292 3778 413 3839 Ibidem
446 3780 531 3840 aliud
559 3770 647 3840 hisce
671 3782 773 3842 verbis
800 3795 955 3843 recenset:
976 3784 1140 3845 Memorati

68 3864 246 3923 memoriam
267 3865 427 3941 martyris,
460 3885 540 3946 qnae
558 3867 661 3948 posita
689 3879 733 3927 est
760 3871 792 3927 in
825 3865 950 3927 castello
969 3867 1139 3946 synicensi,
1229 3917 1233 3928 .

70 3947 157 4026 quod
174 3948 367 4031 Hipponensi
389 3948 531 4010 coloniae
551 3952 682 4009 vicinum
705 3964 767 4029 est,
789 3952 925 4032 ejusdcm
951 3951 1011 4013 loci
1033 3952 1141 4013 Lucil·

69 4028 120 4090 lus
136 4030 330 4114 Episcopus,
351 4034 473 4117 populo
493 4035 694 4116 praecedente
715 4048 808 4117 atque
830 4036 1044 4119 subsequente,
1061 4058 1142 4120 por-

67 4112 173 4175 tabat:
193 4113 317 4194 fistula,
339 4121 427 4199 cujus
446 4119 588 4179 molestia
599 4121 663 4200 jam
687 4119 743 4180 diu
764 4119 976 4199 laboraverat,
1000 4134 1031 4183 et
1048 4121 1140 4183 sami·
1177 4150 1182 4167 ·

65 4198 221 4262 liaristimi
252 4203 300 4263 sui
328 4203 460 4281 medici,
482 4206 538 4285 qui
558 4224 624 4264 eam
642 4216 779 4281 secaret,
801 4205 1001 4290 operiebatur
1021 4226 1139 4283 manus,

63 4283 152 4350 illim
175 4286 245 4372 piae
271 4288 410 4351 sarcinae
431 4289 622 4369 amatione,
643 4286 701 4351 ubi
721 4302 841 4354 :metm
860 4292 965 4377 attigit
979 4290 1138 4374 reliquias,
