2768 4762
272 368 351 453 188
496 376 577 440 DE
618 368 1115 445 subventione

95 575 389 631 tantumtantum
411 575 525 643 mater,
547 585 605 648 per
625 586 719 647 quam
740 561 873 626 clamant
894 577 1006 646 gentes.
1049 565 1257 644 Benedictus,
1291 575 1348 653 qui

94 647 131 692 ⁷¹*
145 633 222 680 Μ·
272 650 358 710 veuit
389 649 423 709 iu
455 643 579 711 homine
612 649 762 711 Domini:
805 658 836 707 et
864 646 1062 710 benedictum
1093 672 1204 712 nomen
1227 653 1349 737 gloriae

95 752 152 796 nuc.
167 757 227 801 naa
272 734 340 813 ejus
368 734 400 792 in
428 733 568 797 saecular
598 746 647 794 etz
686 730 874 818 implebitur
926 732 1005 795 loria
1035 736 1103 815 cjus
1124 739 1224 798 omnis
1244 750 1348 801 terrae

271 814 341 894 fiat,
377 814 441 879 fiat.
495 816 660 879 Benedicta
680 829 718 879 tu
737 821 770 879 in
790 816 913 877 mulieri
936 839 996 895 us,
1030 840 1123 901 quam
1154 820 1275 883 beatam
1296 825 1350 884 di-

273 913 350 963 cunt
370 922 475 963 omnes
495 905 721 985 generationem
751 919 844 1001 quam
867 921 951 985 reges
972 900 1153 978 honorant,
1186 909 1347 991 principes

94 1021 193 1065 mm„
213 1022 263 1065 m,
273 999 476 1064 venerantur,
510 985 620 1047 divites
659 985 771 1070 populi
800 985 980 1062 obsecrant,
1015 989 1172 1071 virgines,
1195 1011 1276 1072 quae
1296 993 1347 1054 vel

95 1070 246 1161 22201’00·
273 1081 507 1154 praecesserunt
541 1069 590 1130 vel
625 1083 821 1152 sequnntur,
858 1072 889 1132 in
909 1070 1058 1154 templum
1078 1073 1170 1157 Regis
1192 1078 1348 1139 comitan-

95 1191 239 1242 ΜΨ,
274 1167 337 1216 tur.
380 1154 545 1216 Benedicta
563 1157 648 1221 tuin
669 1152 871 1231 mulieribus,
894 1175 986 1236 quam
1011 1155 1116 1217 Esaias
1142 1158 1242 1219 oculis
1266 1182 1348 1242 pro-

271 1238 404 1323 pheticis
424 1239 611 1321 asspicicus,
632 1239 883 1321 prophetissam,
902 1251 933 1300 et
955 1241 1121 1321 virginem,
1154 1255 1185 1303 et
1206 1240 1344 1323 laterem,

271 1335 302 1384 ct
329 1323 451 1399 locum,
474 1334 506 1382 et
530 1333 625 1406 ceput
649 1321 723 1382 tibn
745 1323 940 1406 obsignatum
961 1343 1072 1386 arcana
1097 1327 1218 1387 ratione
1242 1331 1346 1389 nomi·

93 1426 248 1479 mamaea.
269 1409 362 1469 navic
406 1406 572 1468 Benedicta
591 1419 627 1467 tn
644 1427 735 1483 vere,
759 1428 851 1489 qnam
870 1407 1015 1468 Ezechiel
1037 1428 1192 1488 auroram,
1215 1424 1246 1472 'et
1266 1434 1347 1495 por.

270 1504 331 1554 tam
352 1491 555 1569 conclusam,
578 1512 635 1575 per
653 1512 746 1572 quam
761 1491 847 1553 solus
866 1491 952 1553 Deus
975 1494 1130 1575 ingressus
1152 1508 1207 1572 est,
1229 1508 1345 1557 etrur-

57 1658 61 1663 .
273 1597 341 1637 snm
364 1575 542 1637 conclusam
563 1574 739 1659 appellavit
781 1577 831 1636 Tu
856 1575 923 1636 sola
947 1597 1017 1637 vere
1038 1576 1218 1655 benedicta,
1252 1601 1345 1661 quam

78 1678 154 1720 mn.
174 1689 196 1727 ι,
211 1685 244 1726 te
272 1664 321 1721 vir
346 1660 574 1722 desideriorum
601 1658 712 1732 Daniel
740 1671 875 1723 montem
902 1659 997 1737 vidit,
1019 1673 1050 1721 et
1068 1660 1195 1723 Abacuc
1210 1664 1345 1726 admira·

94 1728 344 1828 fflfsslgffibilis
371 1758 507 1807 montem
520 1764 660 1827 opacum.
705 1745 843 1806 Mentem
871 1764 1000 1826 qnoque
1016 1745 1094 1822 Dei,
1118 1760 1252 1807 montem
1271 1751 1344 1832 pin-

315 1851 385 1903 cm,
406 1842 543 1891 montem
557 1828 774 1910 coagulatum,
810 1840 961 1901 montem,
992 1830 1023 1887 in
1045 1851 1109 1910 quo
1129 1832 1277 1913 placitum
1297 1846 1343 1895 est

302 1935 340 1976 eo
363 1912 524 1989 habitare,
558 1925 588 1972 te
620 1924 691 1972 tuns
718 1912 770 1973 ille
793 1913 978 1995 progenitor
996 1924 1088 1994 atque
1111 1936 1163 1975 rer
1178 1916 1344 1999 propheti·

271 2020 307 2060 ce
335 1999 516 2059 decantavit
572 1995 737 2056 Benedicta
764 2009 801 2056 tu
828 1999 859 2055 in
880 1995 1085 2068 mulieribus,
1119 2019 1211 2078 qnam
1225 2000 1344 2062 Zacha-

272 2085 333 2144 rias
353 2103 454 2143 rerum
473 2080 645 2141 divinatum
666 2082 823 2163 inspector
842 2082 968 2141 eximius
983 2078 1200 2142 candelabrum
1215 2106 1344 2145 aureum
1376 2074 1379 2081 ¹

271 2167 351 2228 vidit
376 2178 492 2251 septem
511 2163 664 2240 lucernis,
688 2177 718 2224 et
736 2170 852 2248 septem
871 2165 1051 2241 infusoriis,
1080 2164 1112 2225 id
1135 2178 1202 2255 apt,
1225 2182 1345 2250 septem

271 2252 408 2334 Spiritus
432 2253 530 2312 saucti
560 2248 740 2311 muneribus
774 2242 963 2310 exornatum,
1012 2250 1062 2309 Tu
1079 2271 1150 2311 vere
1166 2250 1341 2330 benedicta,

272 2357 351 2418 quae
371 2349 525 2417 tamquam
548 2333 707 2415 paradisus
729 2335 811 2395 iutra
836 2346 865 2395 tc
884 2335 1023 2395 contines
1040 2334 1136 2416 ipsius
1150 2335 1342 2419 Edenplan-

270 2433 403 2483 tatorem
437 2419 610 2481 Christum:
646 2419 701 2500 qui
723 2416 843 2480 infinita
867 2420 980 2479 virtute
1006 2438 1041 2479 ea
1070 2419 1151 2479 almo
1177 2433 1268 2482 utero
1283 2434 1340 2481 tuo

269 2505 420 2591 prodiens
441 2507 539 2565 instar
567 2502 676 2579 fluvii,
711 2516 847 2584 quatuor
872 2504 1036 2586 principiis
1055 2508 1113 2583 per
1142 2504 1342 2588 Evangelium

268 2603 349 2675 rigat
377 2591 486 2651 facicm
508 2588 666 2649 universae
695 2600 805 2648 terrae.
849 2586 1015 2648 Benedicta
1037 2599 1073 2646 tn
1094 2590 1127 2647 in
1146 2589 1340 2664 mulieribus,

271 2687 302 2736 et
319 2674 646 2735 benedictus.fructus
667 2675 782 2733 ventris
809 2674 865 2732 tui.
909 2673 1061 2746 Fructus,
1083 2692 1117 2731 ex
1140 2695 1204 2754 quo
1227 2686 1340 2756 proto·

92 2763 256 2822 fluunt-a·
270 2759 388 2845 plestus
411 2758 509 2818 Adam
530 2777 674 2834 vescens,
697 2768 815 2817 evomet
835 2767 967 2817 veterem
989 2756 1072 2817 illam
1086 2760 1263 2839 potionem,
1282 2779 1339 2840 per

270 2865 363 2927 quam
399 2843 517 2903 fraudis
556 2861 704 2901 vencnum
723 2838 834 2901 hausit.
878 2841 1031 2917 Fructus,
1062 2861 1098 2899 ex
1120 2862 1185 2923 quo
1209 2841 1284 2925 ligni
1307 2863 1347 2903 a·.

268 2928 426 2990 maritudo
460 2924 631 2987 dulcescit:
668 2927 722 3007 qni
748 2936 897 3008 expurgat
918 2924 1157 3002 humanitatem,
1188 2929 1243 3007 qui
1263 2946 1339 2986 vern

256 3011 377 3074 tlsraeli
407 3012 509 3073 lentes
540 3009 715 3071 uberrimos
751 3008 879 3090 praehet
903 3012 935 3069 iu
954 3010 1141 3081 solitudine,
1165 3013 1218 3090 qui
1243 3030 1339 3091 aquas

76 3119 162 3178 ‘exoa
179 3117 386 3170 17,15·,amaras
406 3093 504 3157 efficit
518 3095 645 3170 dulces,
668 3106 699 3154 et
722 3114 836 3154 novum
855 3097 942 3177 panis
962 3114 997 3155 ac
1020 3094 1083 3154 cibi
1107 3093 1236 3153 imbrem
1249 3097 1340 3153 emit·

95 3179 162 3217 ⁸²¹⁶·
269 3184 319 3248 tit.
363 3180 547 3242 Benedictus
586 3180 728 3254 fructus,
764 3181 824 3260 qui·
841 3200 875 3239 ex
900 3183 1084 3261 incorrupta
1106 3180 1235 3260 virginei
1258 3183 1339 3238 uteri

270 3266 375 3349 planta
389 3278 524 3326 maturus
545 3284 682 3326 racemos
700 3263 815 3324 extulit
859 3263 1043 3324 Benedictus
1065 3264 1202 3337 fructus,
1226 3282 1259 3321 ex
1272 3282 1338 3342 quo

93 3342 258 3436 &mm
270 3352 372 3413 fontes
390 3363 530 3411 emanant
545 3368 641 3431 aquae
668 3348 802 3409 salientis
825 3350 858 3408 in
878 3350 971 3408 vitam
987 3361 1149 3411 aeternam.
1193 3347 1339 3421 Fructus,

90 3443 189 3492 roms.
203 3452 236 3491 tt·
269 3456 303 3496 cx
329 3457 394 3518 quo
416 3435 518 3496 vitalis
537 3436 626 3518 panis
650 3431 797 3493 dominici
814 3435 981 3515 corporis,
1004 3445 1035 3493 et
1051 3430 1184 3493 salutare
1211 3431 1339 3490 immor·

268 3519 393 3581 talitatis
415 3519 565 3602 poculum
584 3515 759 3578 conficitur.
775 3517 984 3591 ,Benedictus
1007 3517 1138 3588 fructus,
1161 3535 1251 3595 quem
1270 3535 1340 3575 om-

267 3606 316 3664 nis
343 3603 448 3687 lingua
477 3601 670 3677 caelestium,
705 3603 898 3661 terrestrium
924 3614 955 3662 ct
983 3603 1177 3661 infernorum
1201 3596 1340 3658 celebrat

89 3688 385 3775 rasttp.2,1⁰.lripll⁰i
418 3689 598 3759 sanctitate,
644 3688 676 3747 in
700 3705 762 3744 una
800 3683 959 3745 divinitate
995 3687 1164 3745 trinitatem
1195 3683 1337 3743 indicans

289 3793 479 3835 crsonarum·
1130 3820 1134 3826 .

88 3795 287 3936 ΗΜΜΡ
349 3872 378 3927 2.
423 3851 763 3919 lnENAEUsullt
787 3848 1342 3935 adv.Hac1·.cap.31.:Quemad·

86 3941 195 4002 ΨΜ
208 3942 392 4005 vir-modum
415 3937 629 4024 protoplastus
660 3934 712 3996 illc
740 3934 839 3997 Adam
860 3936 898 3996 dc
923 3936 995 3997 rudi
1022 3950 1107 3997 terra
1123 3947 1155 3995 ct
1174 3933 1277 3995 adhuc
1292 3934 1342 4003 ‚dc

86 4002 140 4080 ili?
150 3991 234 4034 [Μ’
264 4028 383 4110 virgine
407 4023 559 4098 (nondum
585 4023 669 4089 enim,
702 4017 825 4103 pluerat
854 4022 961 4097 Deus,
995 4033 1026 4082 ct
1059 4019 1155 4081 homo
1184 4039 1248 4077 non
1270 4031 1341 4079 crat

84 4088 252 4194 ddl'lflfflsq.
265 4121 411 4194 operatus
436 4106 565 4188 terram)
587 4105 698 4165 hahuit
711 4104 931 4182 substantiam,
963 4118 995 4165 et
1018 4105 1186 4187 plasmatus
1204 4115 1250 4162 est
1271 4123 1341 4164 ma·

87 4187 221 4242 ⁰⁸¹¹‘·¹·⁸·
263 4216 306 4255 nu
326 4194 410 4270 Dei,
441 4192 472 4253 id
496 4205 574 4267 est,
597 4189 693 4251 verbo
725 4190 799 4249 Dei:
822 4193 924 4252 omnia
950 4190 1030 4250 enim
1049 4210 1106 4272 per
1130 4192 1232 4270 ipsum
1254 4187 1339 4248 sacta

262 4291 349 4342 snut:
372 4290 403 4341 et
417 4279 549 4363 sumpsit
571 4275 722 4337 Dorulaus
745 4272 851 4340 limum
877 4286 1014 4353 turre,
1048 4286 1078 4336 et
1091 4272 1255 4360 plasmavit
1273 4269 1341 4335 bo·
