2768 4762
250 395 329 465 166
632 390 715 455 ΒΕ·
744 390 842 455 SPE
884 389 950 456 ET

338 574 474 641 Calos·
495 572 569 638 nt:
601 575 693 639 Nunc
714 591 817 641 sutem
850 576 999 660 deponite
1026 587 1059 640 et
1085 599 1142 643 vos
1163 584 1286 665 omnia,
1308 585 1341 650 i-

255 701 342 762 ram,
364 684 607 769 indignationem
635 696 693 748 etc.
736 683 861 746 induite
877 706 933 748 ros
946 686 1029 748 sicut
1049 685 1141 750 electi
1161 691 1231 768 Dei,
1250 715 1343 759 sanc-

176 773 178 777 *
255 797 302 869 ti,
327 803 359 854 et
382 779 509 870 dilecti,
531 794 648 854 viscera
666 791 916 872 misericordiae,
947 791 1185 878 benignitatem,
1207 793 1339 864 bumili-

257 910 372 994 tatem,
401 898 597 981 modestiam,
627 902 825 984 patientiam,
870 913 1092 985 supportantes
1120 902 1251 969 invicem
1263 953 1273 986 ,
1304 922 1339 972 et

139 1060 145 1069 ,
259 1005 411 1069 donantes
441 1005 595 1068 vobismet
624 1008 716 1090 ipsis,
758 1008 875 1090 siquis
906 1005 1052 1069 adversus
1084 1007 1220 1093 aliquem
1242 1013 1340 1079 babet

261 1113 437 1194 querelame
459 1116 540 1176 sieut
561 1127 593 1177 et
616 1115 769 1177 Dominus
795 1114 923 1177 donavit
945 1113 1036 1177 vobis
1048 1159 1059 1194 ,
1090 1117 1134 1178 ita
1157 1130 1195 1180 et·
1207 1139 1272 1183 vos.

344 1241 436 1304 Luc.
458 1242 595 1306 xxm:
637 1243 750 1325 Pater,
782 1242 902 1308 dimitte
923 1241 1004 1306 illis:
1036 1264 1102 1306 non
1123 1247 1204 1306 enim
1226 1248 1339 1327 sciunt,

261 1347 340 1432 quid
365 1328 496 1414 faciunt.

344 1473 428 1541 Act
450 1478 545 1543 VIL:
574 1480 728 1562 Domine,
759 1503 800 1547 ne
820 1491 936 1545 statuas
958 1477 1020 1542 illis
1041 1474 1103 1543 boc
1123 1493 1295 1566 peccatum.

345 1585 473 1650 Marc.
504 1589 573 1651 xi:
595 1589 638 1652 Et
662 1611 733 1651 cum
747 1589 867 1652 stabitis
889 1587 929 1649 ad
944 1587 1117 1667 orandum,
1140 1588 1294 1669 dimittite,
1312 1591 1338 1652 si

158 1685 161 1690 ’
262 1688 339 1779 quid
358 1688 480 1758 bibetis
509 1695 654 1759 adversus
684 1696 833 1781 aliquem:
863 1703 900 1755 ut
920 1705 952 1756 ct
968 1692 1062 1758 Pater
1076 1709 1200 1775 vester,
1228 1699 1289 1791 (1¹¹³,
1304 1699 1338 1758 in

262 1802 367 1890 caelis*
385 1815 447 1880 est,
480 1802 615 1868 dimittat
649 1803 741 1867 vobis
777 1815 905 1890 peccata
936 1812 1048 1865 vestra.
1102 1803 1199 1881 Quod
1230 1807 1256 1866 si
1281 1824 1338 1865 vos

264 1931 330 1970 non
359 1909 554 1990 dimiseritis,
577 1930 634 1973 nec
654 1919 744 1997 pater
764 1922 887 1988 vester,
910 1911 967 1994 qui
983 1912 1018 1971 in
1037 1910 1127 1974 caelis
1146 1923 1207 1990 est,
1230 1910 1340 1973 dimit·

265 2029 312 2078 tet
330 2016 419 2080 vobis
437 2028 566 2103 peccata
587 2029 698 2083 vestra.
1037 2076 1040 2081 ⁴
1242 2082 1246 2095 ,

346 2121 492 2209 Ephes.
514 2124 590 2190 lit:
621 2127 733 2207 Estote
765 2125 896 2189 invicem
928 2122 1071 2211 benigni,
1108 2122 1338 2202 misericordes,

265 2212 424 2293 donantes'
439 2232 579 2314 invicem,
601 2238 683 2296 sicut
692 2243 734 2303 ,et
751 2230 836 2295 Deus
849 2233 882 2294 in
897 2228 1075 2297 eflmsw
1095 2230 1222 2293 donarit
1234 2229 1339 2292 vobis.

267 2379 273 2390 -
348 2340 445 2402 Luc.
465 2338 539 2403 vi:
560 2341 733 2419 Dimittite,
754 2351 787 2402 et
804 2339 1009 2425 dimittemini.

348 2445 491 2510 Mattb.
514 2448 587 2511 Vb:
611 2447 644 2507 Si
669 2446 847 2509 dimiseritis
864 2459 992 2532 peccata
1009 2467 1139 2526 corum,
1160 2445 1294 2507 dimittet
1308 2456 1341 2506 et

264 2555 354 2618 vobis
374 2533 464 2641 pater
484 2569 585 2619 vester
601 2555 741 2619 caelestis
763 2556 876 2617 delicta
887 2564 998 2618 restra.
1041 2554 1075 2617 Si
1089 2567 1266 2617 autemnon
1288 2550 1340 2612 di·

264 2663 408 2726 miseritis
424 2662 629 2742 bominibus,
650 2681 709 2727 neo
725 2666 819 2748 'pater
837 2676 938 2727 vester
959 2644 1094 2726 dimittet
1115 2660 1205 2724 vobis
1226 2678 1341 2746 pecea-

263 2781 296 2833 ta
318 2783 431 2837 vestra.
913 2782 916 2791 ’

347 2875 498 2940 Mattb.
530 2877 668 2945 XVIII-t
702 2877 746 2940 Et
773 2879 869 2942 iratus
903 2879 1057 2942 Dominus
1087 2878 1175 2961 ejus,
1207 2874 1344 2938 tradidit

265 3007 336 3047 eum
363 2985 564 3064 tortoribus,
599 2974 804 3069 quoadusque
822 2986 969 3050 redderet
984 2989 1163 3049 universum
1188 2983 1341 3045 debitum.

265 3092 319 3156 Sic
342 3107 374 3156 et
394 3107 484 3177 pater
504 3114 590 3154 meus
609 3093 748 3157 caelestis
772 3096 866 3159 iaciat
882 3094 991 3174 vobis,
1027 3097 1055 3157 si
1077 3114 1142 3155 non
1161 3093 1342 3154 remiseritis

264 3203 478 3284 uuusquisque
502 3200 593 3262 fratri
622 3222 679 3262 suo
700 3202 740 3264 de
770 3203 920 3266 cordibus
943 3204 1062 3265 vestris.
1104 3199 1148 3260 Et
1166 3197 1262 3283 paulo
1284 3219 1342 3259 au·

265 3319 310 3370 te:
331 3304 421 3371 Tune
438 3307 586 3372 accedens
613 3307 726 3373 Petrus
746 3310 888 3393 adeum,
909 3310 1004 3372 dixit:
1037 3304 1194 3386 Domine,
1213 3307 1340 3390 quoties

264 3412 409 3502 peccabit
422 3420 455 3479 iu
471 3437 519 3478 me
538 3417 636 3478 frater
651 3439 753 3497 meus,
775 3433 806 3481 et
825 3419 977 3482 dimittam
998 3415 1048 3480 eil
1074 3415 1180 3499 Usque
1207 3405 1343 3498 septies?

265 3516 353 3583 Dixit
377 3507 424 3583 illi
447 3523 555 3586 Iesus:
585 3525 657 3588 Non
683 3525 756 3588 dico
778 3524 855 3606 tibi,
885 3543 983 3611 nsque
1004 3525 1135 3610 septies.-
1170 3519 1343 3602 sedesque

266 3633 440 3716 septuagies
461 3633 583 3715 septies.

348 3732 458 3799 Eecl.
486 3734 659 3801 xxvln..·
683 3736 748 3816 Qui
769 3739 922 3804 vindicari
940 3738 1026 3820 uult,
1050 3761 1067 3802 a
1090 3737 1229 3800 Domino
1253 3736 1345 3797 inve·

264 3846 330 3906 niet
357 3843 544 3924 vindictam,
574 3859 605 3908 et
633 3858 760 3932 peccata
781 3848 864 3910 illius
901 3870 1025 3913 servans
1045 3845 1190 3910 servabit.
1233 3840 1346 3904 Relin-

264 3954 478 4037 queproximo
501 3967 557 4015 tuo
577 3957 701 4015 nocenti
719 3964 769 4018 te:
792 3968 822 4019 et
848 3968 924 4019 tune
949 3956 1130 4040 deprecanti
1146 3951 1205 4014 tibi
1227 3968 1347 4036 pecea-

262 4070 293 4120 ta
319 4059 489 4121 solventur.
532 4061 635 4123 Homo
661 4061 780 4125 bomini
801 4066 1055 4126 reservatiram:
1076 4075 1106 4123 et
1124 4061 1228 4123 aDeo
1245 4079 1346 4141 quae-

260 4167 303 4227 eit
326 4167 494 4229 medelum?
535 4169 573 4228 In
592 4165 747 4232 bominem
773 4171 904 4233 similem
925 4169 985 4233 eibi
1007 4194 1072 4236 non
1099 4169 1195 4231 babet
1222 4166 1345 4226 miseri·

259 4271 423 4336 cordiam:
442 4276 485 4349 '‘et
502 4272 541 4337 de
562 4279 696 4361 peccatis
724 4279 789 4340 suis
814 4278 1026 4364 deprecaturi
1047 4279 1141 4364 'lpse
1153 4276 1229 4340 dum
1261 4292 1341 4335 earo
