2768 4762
237 378 317 464 1³30
608 381 678 445 DE
717 376 852 477 FIDE
892 376 960 443 ΕΤ

239 568 468 653 nequeuntes,
491 585 593 651 neque
615 567 720 644 avari,
743 574 844 650 noque
865 562 1006 642 annosi,
1028 584 1128 649 neqne
1169 568 1324 653 maledici,

240 698 341 761 neque
363 695 487 761 rapaces
510 696 639 760 regnam
659 674 719 735 Dei
740 670 959 757 possidebunt.
1117 662 1121 674 ⁴

547 876 1001 955 PATR-ES.
1111 888 1318 965 -2',

258 1052 262 1057 ’
328 1069 355 1124 1.
377 1024 414 1117 a.
460 1048 721 1115 ano-usmarus
752 1051 788 1113 ι.
809 1050 914 1113 xxm
951 1048 982 1112 a.
1018 1052 1079 1119 av.
1105 1051 1165 1115 na
1199 1074 1221 1115 0w
1248 1069 1319 1125 ea:

65 1161 84 1198 r.
92 1152 144 1194 cor.
155 1160 186 1201 ss.
195 1160 229 1196 1·-
241 1142 379 1224 Propter
398 1138 487 1221 quod
509 1140 553 1199 ait
573 1135 765 1221 Apostolust
800 1133 950 1196 Videmus
971 1138 1058 1197 nunc
1077 1157 1136 1221 per
1157 1140 1322 1222 speculum

65 1411 85 1447 t.
94 1382 163 1445 Josn'.
171 1408 193 1449 s.
201 1409 222 1448 a.

80 1905 150 1956 vitu
161 1918 225 1973 actor

242 1228 275 1286 in
296 1226 483 1307 aenigmate,
517 1234 594 1283 tunc
616 1232 718 1282 autem
740 1220 819 1281 faeie
841 1221 880 1282 ad
901 1221 1020 1283 faciem.
1063 1221 1239 1285 Praemium
1261 1227 1322 1286 ita-

243 1330 303 1392 que
324 1305 398 1369 lidai
422 1305 515 1368 nobis
536 1306 616 1366 visio
639 1307 697 1367 ista
719 1317 870 1382 servatur,
893 1304 932 1366 de
955 1326 1017 1387 qua
1039 1318 1071 1367 ct
1081 1306 1213 1369 loannes
1231 1309 1322 1393 Apo·

242 1393 341 1456 stolus
370 1391 517 1475 loquens:
547 1389 624 1450 Cum
646 1391 845 1472 apparuerit,
867 1391 981 1472 inquit,
1003 1388 1117 1451 similes
1143 1392 1170 1452 ei
1193 1395 1319 1471 crimus,

242 1479 390 1562 quoniam
421 1473 596 1535 videbimus
629 1494 720 1549 eum,
757 1475 851 1535 sicuti
885 1487 939 1535 est
982 1474 1089 1536 Facies
1113 1481 1213 1539 antem
1233 1478 1319 1556 DEI,

241 1560 448 1623 manifestatio
482 1561 551 1640 ejus
581 1556 779 1641 intelligenda
807 1570 873 1636 est,
904 1578 969 1620 non
991 1558 1120 1642 aliquod
1141 1562 1202 1622 tale
1224 1584 1321 1622 mem-

241 1646 391 1722 brorum,
416 1643 506 1726 quale
529 1664 586 1705 nos
608 1641 756 1727 babemus
778 1644 811 1703 in
833 1664 972 1726 corpore
995 1657 1088 1726 atque
1110 1646 1171 1707 isto
1193 1650 1319 1709 nomine

243 1751 468 1815 nuncupamus.
512 1729 659 1810 Disputat
680 1725 812 1805 deinde,
847 1749 886 1789 an
908 1731 1070 1811 corporcis
1093 1730 1193 1792 oeulis
1217 1732 1319 1792 Deum

243 1835 341 1875 usuri
362 1834 466 1874 simus.

227 1937 235 1946 .
329 1912 359 1965 2,
403 1897 458 1956 ET
479 1907 546 1978 cap.
568 1908 619 1963 30.
636 1896 677 1978 ej.
694 1875 730 1955 l}
763 1895 890 1972 Quanta
918 1898 979 1956 erit
1003 1896 1058 1958 illa
1079 1897 1225 1976 felicitas,
1260 1899 1318 1962 ubi

68 1963 365 2064 iiisiifoe'mnnllum
388 1982 449 2041 crit
467 1979 601 2056 malum,
635 1978 889 2075 nullumtlatebit
908 1978 1045 2058 bonum,
1076 1982 1236 2044 vacabitur
1256 1984 1317 2044 Dei

68 2061 416 2142 ¹·⁰⁰‘·¹⁵’²⁸⁶‚laudibus,
451 2067 506 2147 qui
537 2067 597 2125 crit
627 2066 730 2126 omnia
759 2067 792 2125 in
828 2063 994 2126 omnibus?
1036 2066 1113 2127 Nam
1133 2067 1211 2148 quid
1231 2066 1317 2129 aliud

70 2308 172 2359 Putas,
187 2305 210 2350 6.

69 4160 146 4208 Hisce.
153 4168 187 4213 dt,
197 4170 217 4208 t·

248 2165 376 2237 agetur,
408 2149 463 2210 ubi
480 2170 586 2231 neque
607 2149 670 2209 ulla
691 2148 809 2211 desidia
832 2148 1023 2228 cessabitur,
1055 2172 1155 2234 neque
1181 2150 1244 2213 ulla
1266 2154 1318 2211 in-

247 2239 382 2321 digentia
403 2231 619 2311 laborabitur,
640 2234 754 2294 nascio.
797 2231 978 2308 Admoucor
997 2237 1087 2297 etiam
1107 2248 1213 2298 sancto
1236 2236 1319 2298 Can-

245 2325 331 2396 tica,
368 2318 424 2380 ubi
456 2318 527 2401 lego
557 2315 607 2381 uel
637 2318 753 2379 audio:
782 2316 890 2396 Beaii,
925 2321 981 2400 qui
1000 2319 1143 2382 habitant
1168 2323 1200 2381 in
1221 2321 1317 2382 domo
1344 2382 1348 2390 ,

243 2419 299 2468 tua
319 2406 473 2482 Domine,
502 2405 535 2463 in
556 2402 678 2463 saecula
699 2401 896 2463 sacculorum
920 2402 1092 2466 laudabunt
1119 2418 1161 2472 te.
1203 2405 1317 2467 Omnia

242 2488 380 2553 membra
406 2500 437 2550 et
463 2489 580 2548 viscera
606 2486 856 2562 incorruptibilis
877 2491 1039 2571 corporis,
1062 2504 1142 2572 quae
1163 2511 1245 2551 nunc
1267 2493 1316 2550 vi·

243 2576 350 2637 demus
378 2593 436 2656 per
468 2592 543 2631 usus
576 2573 763 2633 necessitatis
800 2574 903 2633 varios
935 2584 967 2633 et
997 2585 1100 2634 motus
1137 2573 1316 2651 distributa,

243 2660 401 2743 qnoniam⁴
416 2670 492 2716 tunc
518 2676 583 2715 non
609 2657 669 2715 erit
702 2657 769 2739 ip'sa
790 2656 972 2732 necessitas,
1000 2657 1055 2718 sed
1100 2657 1191 2734 lena,
1220 2672 1314 2735 certa,

242 2748 391 2820 secura,'
407 2741 591 2824 sempiterna
617 2739 763 2817 felicitas,
805 2737 975 2823 proficient
1011 2743 1044 2801 in
1076 2679 1222 2805 laudibus
1245 2742 1315 2803 Dei.

242 2829 357 2891 Omnes
380 2828 499 2910 quippe
520 2823 590 2904 illi,
614 2824 652 2885 de
674 2823 789 2907 quibus
810 2825 875 2906 jam
895 2846 963 2886 sum
985 2824 1130 2904 locutus,
1154 2830 1209 2910 qui
1233 2848 1315 2888 nunc

243 2912 340 2995 latent
359 2908 540 2972 barmoniae
565 2908 741 2994 corporalis
762 2910 903 2987 numeri,
934 2914 998 2971 non
1021 2908 1180 2989 latebunt,
1202 2914 1318 2974 intrin-

243 3017 332 3058 secus
352 3007 383 3056 et
410 2996 596 3057 extrinsecam
619 3015 677 3077 per
698 2997 843 3077 corporis
861 3007 974 3056 cuneta
997 2994 1162 3079 dispositi,
1193 3009 1317 3059 etcum

243 3083 371 3144 caeteris
391 3078 503 3156 rebus,
526 3100 606 3161 quae
626 3078 671 3138 ibi
694 3099 819 3164 magnae
837 3092 868 3139 at
891 3100 931 3139 ue
943 3078 1099 3143 mirabiles
1112 3076 1312 3158 videbuntur,

244 3164 412 3228 rationales
431 3174 546 3223 mentes
568 3165 600 3222 in
623 3164 702 3222 tanti
725 3161 852 3225 artificis
869 3101 999 3224 laudem
1029 3164 1224 3226 rationabilis
1243 3165 1318 3248 pul-

244 3248 431 3311 chritudinis
450 3247 654 3309 delectatione
676 3249 874 3316 succendent.
925 3248 1017 3312 Certe
1038 3247 1095 3309 ubi
1115 3250 1200 3311 volet
1220 3251 1316 3332 spiri·

244 3349 315 3410 tus,
349 3334 394 3395 ibi
416 3335 562 3418 protinus
586 3334 646 3393 erit
677 3353 816 3417 corpus:
850 3353 906 3394 nec
926 3333 1011 3394 solet
1032 3333 1152 3416 aliquid
1173 3356 1186 3396 s
1211 3335 1313 3408 iritus,

244 3419 334 3502 quod
370 3440 427 3479 nec
459 3419 603 3502 spiritum
631 3420 731 3499 possit
759 3418 886 3496 decere,
918 3438 975 3479 nee
997 3440 1121 3500 corpus.
1164 3355 1247 3480 Vpera
1268 3415 1312 3477 ibi

243 3502 346 3587 gloria
368 3504 445 3580 erit,
480 3501 537 3562 ubi
560 3501 711 3563 laudantis
732 3523 789 3563 nec
811 3522 919 3563 errore
941 3503 1122 3584 qnisquam,
1157 3523 1215 3564 nee
1234 3500 1313 3564 adu·

245 3588 360 3648 latione
385 3585 574 3646 laudabitur.
616 3584 716 3647 Verus
739 3584 864 3664 honor,
886 3588 941 3666 qui
964 3584 1042 3646 nulli
1064 3587 1227 3670 negabitur
1243 3585 1316 3669 dig-

242 3693 309 3749 no,
330 3670 411 3732 nulli
436 3671 596 3731 deferetur
617 3670 767 3754 indignos
788 3670 843 3730 scd
865 3690 921 3729 nee
944 3670 983 3731 ad
1006 3692 1075 3731 eum
1096 3672 1211 3735 ambiet
1229 3669 1314 3731 ullus

243 3757 388 3841 indignus
402 3800 412 3833 ,
450 3755 506 3815 ubi
527 3755 632 3815 nullus
662 3756 858 3839 permittetur
879 3774 962 3832 esse,
985 3757 1044 3815 nisi
1067 3754 1188 3840 dignus.
1231 3754 1316 3816 Vera

242 3862 302 3925 pax
326 3840 371 3900 ibi
392 3853 456 3918 est,
482 3839 537 3900 ubi
560 3839 637 3900 nibil
661 3839 801 3914 adversi,
824 3860 880 3900 nec
902 3861 918 3900 a
941 3861 973 3901 se
993 3841 1081 3923 ipso,
1109 3848 1166 3903 n‘ec
1188 3838 1228 3901 ab
1251 3839 1314 3902 alio

242 3926 409 4007 qnisquam
439 3932 587 4008 patietur.
629 3925 804 3997 Praemium
826 3926 951 3986 virtutis
973 3927 1032 3985 erit
1053 3926 1119 4009 ipse
1131 3970 1141 4003 ,
1170 3928 1226 4008 qui
1250 3927 1318 3985 vir-

243 4021 341 4070 tutem
370 4009 472 4086 dedit,
510 4023 541 4070 et
572 4011 627 4092 qui
654 4031 686 4072 se
719 4012 820 4094 ipsum
845 4031 909 4092 quo
931 4008 1039 4070 melius
1061 4022 1092 4070 at
1112 4013 1214 4094 majus
1236 4008 1319 4071 nibil

243 4097 344 4178 possit
362 4115 442 4171 esse,
464 4096 618 4178 promisit.
663 4094 749 4171 Quid
771 4104 816 4155 est
836 4095 918 4154 enim
938 4092 1034 4168 aliud,
1057 4096 1145 4177 quod
1166 4116 1224 4179 per
1237 4115 1319 4179 pro·

243 4177 368 4263 phetam
392 4178 485 4242 dixit:
508 4180 573 4240 Ero
597 4176 723 4239 illorum
745 4178 840 4256 Deus,
863 4191 893 4241 et
915 4180 974 4264 ipsi
996 4192 1088 4241 erunt
1110 4179 1186 4241 mibi
1208 4179 1318 4265 plebs:

244 4265 326 4343 nisi,
356 4284 414 4349 ego
451 4287 528 4344 cro,
556 4262 640 4326 unde
669 4265 835 4327 satientur:
867 4285 925 4348 ego
955 4284 1029 4342 cro,
1053 4284 1258 4349 quaecuuque
1280 4262 1321 4324 ab
