2768 4762
1152 324 1161 352 l

136 376 144 387 ’
230 371 308 447 ιιι
352 320 366 346 '
411 425 414 429 .
514 361 595 427 nn
618 308 972 435 csnrrsrn'nr

313 550 448 614 Levit
468 547 578 611 XIX:
616 547 688 610 Non
713 544 890 633 perjurabis
922 545 957 607 in
976 528 1100 615 nomine
1119 564 1212 626 meo,
1250 567 1304 611 nec

230 659 353 749 pollues
374 677 488 721 nomen
508 659 568 719 Dei
589 658 646 718 tui.
691 657 760 741 Ego
781 656 951 716 Dominus>

310 766 452 853 Eitis
468 788 502 851 si
524 787 699 871 peccaverit
719 765 841 863 anima,
863 797 895 846 et
915 782 1049 846 audierit
1064 805 1174 846 vocem
1192 791 1305 869 juran-

143 880 156 918 ”
230 900 290 976 tis,
312 899 464 980 testisque
483 880 596 970 fuerit,
620 893 707 978 quod
728 907 783 955 ant
803 896 884 987 ipse
881 892 977 970 vidit,
1003 905 1056 953 aut
1076 895 1221 956 conscius
1240 908 1301 980 est:

230 1007 291 1067 nisi
311 1003 515 1080 indicaverit,
548 1001 690 1089 portabit
713 1002 907 1084 iniquitatem
934 1021 1029 1068 suam.
1072 998 1202 1079 Anima,
1227 1023 1303 1084 quae

229 1113 385 1199 juraverit
404 1121 436 1171 et
454 1108 626 1193 protulerit
646 1106 736 1170 labiis
755 1109 832 1184 sins,
855 1120 890 1169 ut
907 1106 956 1168 vel
977 1107 1055 1169 male
1075 1107 1156 1190 quid
1178 1108 1313 1204 faceret!

229 1218 279 1281 vel
311 1218 410 1294 be'ne,
444 1227 476 1278 et
507 1217 541 1277 id
575 1219 677 1301 ipsum
697 1217 873 1298 juramento
903 1229 935 1277 et
955 1237 1096 1277 sermone
1114 1213 1302 1296 firmaverit,

171 1360 176 1382 .
231 1312 394 1408 oblilaque
413 1335 522 1409 postea
544 1325 728 1385 intellexerit
751 1323 898 1384 delictum
920 1343 1025 1402 suum,
1048 1336 1119 1408 agat
1139 1328 1303 1409 poeniten·

229 1436 305 1496 tiam
328 1455 390 1518 pro
413 1444 542 1515 peccato
556 1475 566 1510 ,
607 1445 638 1493 et
672 1431 782 1491 offerat
805 1429 843 1491 de
866 1431 1010 1516 gregibus
1031 1453 1154 1516 agnum„
1168 1439 1234 1495 sive
1254 1457 1304 1496 ca·

229 1561 340 1628 pram,
364 1537 531 1621 orabitque
552 1560 613 1623 pro
635 1559 671 1600 ea
685 1536 837 1599 sacerdos
858 1553 889 1601 ct
910 1559 970 1622 pro
989 1553 1118 1624 peccato
1143 1543 1224 1623 ejus.

207 1741 210 1747 Ι
314 1669 426 1732 Eccl.
449 1668 585 1731 xx111.=
605 1670 763 1732 Jurationi
777 1688 841 1730 non
862 1682 1015 1732 assuescat
1029 1691 1063 1732 os
1075 1683 1178 1733 tnum.
1222 1673 1302 1734 Mul-

229 1779 255 1840 ti
277 1780 358 1838 enim
380 1798 467 1839 casus
488 1780 522 1838 in
544 1777 607 1838 illa.
662 1776 840 1865 llominatio
859 1798 933 1840 tero
954 1775 1014 1837 Dei
1036 1798 1100 1839 non
1121 1781 1163 1839 sit
1184 1779 1303 1840 assidua

230 1887 263 1949 in
287 1906 342 1947 ore
363 1897 420 1946 tuo
431 1930 442 1964 ,
466 1898 496 1946 et
514 1885 689 1947 nominibus
704 1886 889 1945 Sanctorum
910 1906 974 1944 non
988 1884 1201 1946 admiscearis:
1226 1906 1305 1967 quo-

229 1996 312 2053 niam
333 2012 398 2052 non
419 1994 478 2052 eris
501 1992 642 2051 immunis
664 1991 703 2051 ab
726 1995 778 2051 eis.
822 1993 911 2052 Sicut
929 1994 1011 2053 enim
1034 2013 1136 2053 servus
1164 1993 1305 2052 interro·

231 2113 320 2183 gatus
342 2097 479 2174 assidue,
509 2096 647 2160 alirore
667 2119 731 2158 non
753 2099 920 2159 minuiturr
956 2102 1000 2160 sic
1023 2102 1116 2161 omnis
1136 2101 1250 2180 jurans
1276 2111 1329 2160 et.

230 2207 401 2282 nominans,
424 2207 457 2264 in
478 2218 549 2268 toto
569 2226 587 2267 a
608 2219 737 2288 peccato
759 2222 828 2266 non*
853 2206 1050 2291 purgabitur.
1089 2205 1151 2267 vir.
1171 2205 1304 2266 multum

223 2312 339 2398 'jurans
349 2357 359 2390 ,
395 2313 578 2399 implebitur
599 2315 780 2395 iniquitate,
808 2327 840 2375 et
859 2336 924 2389 non
946 2314 1087 2376 discedet
1106 2335 1125 2374 a
1145 2312 1240 2374 domo
1261 2313 1299 2371 il·

229 2421 290 2483 lius
323 2421 423 2507 plaga.
477 2421 520 2482 Et
543 2424 569 2482 si
604 2421 821 2500 frustraverit,
845 2422 1008 2483 'delictum
1033 2422 1117 2483 illius
1138 2400 1233 2505 super
1252 2423 1298 2502 ip-

214 2536 297 2592 'sum
326 2533 405 2591 erite
438 2543 469 2592 et
498 2531 523 2591 si
547 2528 802 2608 dissimulaverit,
839 2530 992 2612 delinquit
1013 2530 1205 2613 dupliciter;
1229 2526 1258 2586 et
1278 2527 1300 2585 si

152 2694 155 2703 ,
230 2639 261 2699 in
284 2659 412 2699 vacuum
443 2637 613 2718 juraverit,
648 2657 711 2697 non
738 2637 972 2718 justificabitur.
1013 2635 1203 2720 Ilgplebitur
1225 2637 1301 2693 enim

229 2742 438 2804 retributione
459 2744 569 2803 domus
593 2744 683 2803 illius.
727 2747 977 2829 Indisciplinatae
999 2741 1143 2827 loquelae
1170 2763 1238 2803 non
1258 2763 1303 2801 as-

228 2863 349 2912 suescat
369 2871 403 2910 os
439 2862 544 2910 tunmz
580 2862 625 2913 est
647 2853 726 2909 enirn
750 2852 788 2933 in,
805 2853 857 2912 illa
878 2852 1006 2913 verbum
1027 2853 1159 2935 peccati.
1180 2828 1183 2837 ⁶
1205 2851 1302 2912 Homo

229 2973 366 3022 assuetus
385 2960 418 3018 in
438 2957 541 3019 verbis
565 2959 766 3043 improperii,
799 2961 831 3020 in
854 2959 997 3022 omnibus
1021 2957 1133 3020 diebus
1155 2960 1223 3021 suis
1245 2979 1305 3019 nou

228 3067 399 3128 erudietur.
431 3078 434 3083 ·

311 3174 531 3256 EtxxV11.=
553 3195 692 3279 Loquela
714 3197 845 3258 multum
867 3199 999 3281 jurans,
1028 3197 1304 3284 horripilationem

227 3307 322 3393 capiti
342 3301 478 3379 statitet,
502 3314 533 3362 et
553 3305 753 3366 irreverentia
775 3308 869 3389 ipsius
899 3298 1224 3372 obturatio‘aurium.

308 3408 425 3471 Zach.
447 3408 507 3473 V.:
541 3409 609 3493 Ego
639 3409 730 3473 video
759 3414 903 3475 volumen
925 3415 1042 3476 volans.
1097 3413 1141 3474 Et
1163 3414 1247 3474 dixit
1268 3409 1304 3472 ad

224 3539 273 3580 me
296 3516 435 3601 (angelus
457 3516 612 3597 scilicet).·
645 3519 730 3582 Haec
753 3533 798 3581 est
820 3521 1017 3600 maledictio,
1040 3542 1121 3604 quae
1143 3521 1306 3605 egreditur

224 3645 318 3708 super
341 3625 449 3684 faciem
471 3626 571 3686 omnis
592 3637 714 3687 terrae:
739 3630 811 3709 qnia
834 3632 932 3691 omnis
952 3631 1018 3706 sur,
1040 3633 1123 3692 sicut
1139 3627 1188 3689 ibi
1204 3631 1306 3711 scrip·

222 3742 291 3792 tum
322 3743 386 3808 est,
423 3730 638 3816 judicabitur:
672 3746 702 3794 et
723 3738 821 3796 omnis
842 3739 973 3817 J'urans,
1011 3758 1046 3798 ex
1074 3737 1138 3797 hoc
1160 3731 1306 3798 similiter

221 3814 426 3896 judicabitur.
470 3806 608 3877 Educam
630 3818 730 3895 illud,
760 3820 837 3882 dicit
859 3823 1012 3882 Dominus
1035 3823 1256 3883 exercituum:
1278 3831 1307 3880 et

221 3925 324 3983 veniet
355 3921 395 3981 ad
427 3921 554 3983 domum
584 3924 663 3984 suris
696 3926 787 3986 etad
810 3926 937 3989 domum
964 3931 1100 4012 jurantis
1122 3929 1155 3988 in
1178 3930 1307 3991 nomine

221 4047 290 4092 mec
312 4028 518 4097 mendaciter.
553 4044 585 4092 et
606 4034 888 4096 commorabitur'
880 4058 912 4096 in
945 4038 1049 4099 medio
1079 4035 1197 4099 domus
1218 4037 1307 4120 ejus,

219 4150 251 4204 et
272 4148 433 4200 consumet
453 4157 543 4217 eum,
564 4151 595 4200 et
617 4139 699 4224 ligna
722 4143 808 4224 ejus,
832 4155 863 4205 et
880 4143 998 4228 lapides
1021 4146 1100 4227 ejus.

303 4245 413 4310 Item
433 4242 755 4333 V11L=Loquimini
788 4252 949 4316 veritatem
982 4252 1201 4337 unusquisqne
1233 4268 1306 4312 cnm
1349 4244 1350 4251 '
