2768 4762
284 375 363 451 lca
406 363 407 367 ‘
666 372 738 434 uu
769 370 908 436 sunu
938 370 1007 439 nr

284 557 377 621 Certe
403 555 461 621 ubi
485 554 577 644 pellis
609 569 642 622 et
666 579 760 629 caro,
792 557 848 618 nbi
872 579 940 620 ossa
969 569 1001 618 et
1020 561 1108 619 nemi
1129 570 1160 621 et
1182 567 1309 647 sanguis
1332 582 1366 632 et

287 664 403 719 venae,
438 642 484 705 ihi
516 644 618 706 carnis
652 656 832 721 structura,
863 641 908 703 ibi
931 662 1017 702 serus
1034 645 1223 725 proprietas.
1243 701 1244 704 ,
1264 649 1308 712 Et
1328 652 1365 714 in

287 748 398 807 carne,
418 729 539 811 inquit,
561 749 627 790 mea
642 726 756 788 ridebo
772 728 882 787 Deum.
926 726 1062 803 Quando
1091 731 1192 789 omnis
1219 753 1292 795 earo
1314 739 1366 797 vi.

184 862 193 888 ,
288 811 377 874 debit
401 812 535 875 salutare
550 814 632 888 Dei,
658 813 691 873 id
713 824 777 889 est,
796 811 900 872 lesum
919 812 1036 888 Deum,
1057 823 1132 873 tuno
1149 826 1182 875 et
1198 837 1256 899 ego
1274 820 1365 881 vide-

285 895 331 958 bo
348 896 576 982 cedemptorem
597 910 630 959 et
652 896 835 959 salvatorem
856 909 888 957 et
904 897 1004 959 Deum
1023 916 1141 956 meum:
1170 899 1286 977 ridebo
1303 925 1364 965 au.

285 992 348 1044 tem
374 985 408 1043 in
432 982 493 1044 i'sts
514 1003 624 1061 carne,
661 1002 740 1063 quae
756 1002 803 1040 me
824 1002 906 1042 nunc
924 982 1059 1053 cruciat,
1083 1002 1163 1062 quae
1184 1004 1266 1046 nunc
1284 1002 1370 1069 prae,

286 1066 400 1129 dolore
432 1066 571 1129 distillat.
624 1068 725 1142 Quem
752 1067 874 1126 risurus
906 1086 976 1126 sum
1007 1086 1065 1149 ego
1094 1075 1160 1148 ¹rpse
1182 1080 1239 1128 ete.
1282 1071 1314 1131 Is
1335 1077 1361 1134 si

284 1171 351 1212 non
371 1153 404 1211 in
425 1172 499 1213 sexu
522 1172 581 1213 suo
606 1162 840 1211 resurrecturus
854 1162 910 1227 est,
932 1152 957 1210 si
979 1170 1043 1209 non
1066 1151 1180 1211 eisdem
1200 1154 1359 1236 membris,

204 1281 207 1284 -
285 1256 366 1333 quae
397 1237 523 1317 jacuere
553 1238 586 1296 in
615 1249 773 1311 stercore,
800 1237 827 1294 si
858 1255 923 1295 non
953 1232 1077 1294 eosdem
1098 1236 1208 1296 oeulos
1228 1242 1360 1321 aperiat,

229 1360 235 1367 -
285 1320 326 1381 ad
346 1319 513 1382 'videndum
536 1321 655 1396 Deum,
688 1319 804 1401 quibus
828 1330 903 1379 tunc
929 1317 1057 1378 videbat
1073 1320 1279 1400 vermiculos,
1300 1325 1359 1385 ubi

94 1480 98 1491 ι
285 1407 347 1467 erit
369 1426 445 1490 ergo
473 1405 556 1467 Jobl
597 1405 666 1490 Ego
698 1403 798 1464 libere
822 1402 939 1479 dicam,
972 1401 1064 1464 fidem
1089 1404 1244 1466 Ecclesiae
1262 1428 1360 1489 apor-

186 1517 190 1523 ·
231 1518 234 1525 ⁴
285 1491 402 1551 tissime
428 1489 616 1568 confitebor.
650 1489 919 1571 ¹Resurrectionis
939 1490 1052 1548 veritas
1069 1488 1257 1566 catholicae,
1291 1495 1359 1553 sine

106 1591 381 1637 rosumere-earne
409 1587 442 1636 at
471 1573 611 1653 ossibus,
645 1576 711 1636 sine
738 1574 886 1656 sanguine
911 1585 943 1633 et
974 1571 1119 1632 membris
1143 1574 1274 1658 intelligi
1292 1597 1357 1637 uon

108 1642 275 1734 ssssssffl’ss
286 1670 401 1745 potest.
443 1658 506 1720 Ubi
532 1681 606 1721 caro
629 1672 660 1721 et
688 1678 758 1720 ossa
789 1670 822 1717 et
839 1659 961 1740 sangnis
991 1668 1022 1717 et
1041 1656 1179 1718 membra
1199 1672 1288 1734 sunt,
1311 1661 1358 1722 ibi

106 1755 235 1798 sugemus
284 1764 407 1804 necesse
429 1755 485 1819 est,
507 1756 545 1805 ut
564 1765 652 1805 sexus
674 1743 835 1804 diversitas
853 1744 916 1802 sit:
936 1740 995 1802 ubi
1017 1762 1103 1803 sexus
1123 1741 1283 1805 diversitas
1297 1758 1355 1822 est,

285 1827 332 1889 ibi
354 1829 489 1889 Joanues
507 1828 661 1906 Ioannes,
683 1829 783 1886 Maria
807 1827 916 1886 Maria.
958 1827 1029 1887 Mea
1049 1829 1205 1889 rusticitas
1223 1831 1268 1889 sio
1289 1849 1358 1890 cre-

285 1912 353 1991 dit,
376 1924 407 1973 et
427 1914 472 1973 sio
491 1911 638 1996 intelligit
655 1932 759 1974 sexum
776 1907 922 1971 confiteri
946 1912 1014 1970 sine
1033 1930 1160 1971 sexuum
1189 1933 1210 1973 o
1251 1911 1358 1974 ribus:

285 1994 427 2058 homiues
446 2016 623 2079 resurgere,
650 2009 682 2057 et
702 1999 747 2056 sic
767 2014 824 2055 -eos
847 1994 962 2077 angelrs
986 1994 1163 2076 adaequari.
1205 1934 1270 2056 dle
1292 2011 1360 2057 sta·

284 2083 342 2142 tim
363 2078 523 2164 superflua
541 2078 703 2141 ridebitur
729 2076 939 2140 membrorum
955 2081 1154 2156 resurrectio,
1174 2099 1252 2159 quae
1274 2084 1361 2141 eari-

121 2176 356 2243 eotsnuru·turs
377 2167 441 2226 sint
464 2162 568 2225 officio
597 2185 674 2240 suo,
708 2183 779 2224 cum
800 2162 903 2223 adhue
932 2165 965 2224 in
986 2163 1046 2225 hae
1062 2164 1124 2224 rita
1140 2165 1254 2247 positi,
1275 2167 1362 2226 nita·

105 2239 250 2335 J'ossfflm
285 2270 357 2309 mur
387 2269 484 2334 opera
511 2269 577 2310 non
608 2247 738 2332 implere
774 2246 994 2308 membrorum.
1056 2247 1100 2308 Et
1134 2247 1230 2332 paulo
1260 2262 1357 2331 post:

286 2333 374 2412 Quid
406 2335 578 2417 potentiam
603 2332 819 2394 calumniaris?
854 2336 910 2415 qui
936 2344 1043 2415 potest
1072 2332 1111 2392 de
1140 2331 1277 2393 medulla
1303 2333 1358 2393 illa

283 2431 316 2480 et
347 2418 388 2480 de
408 2420 575 2480 seminario
604 2431 709 2479 vestro
738 2418 902 2498 interiori,
936 2435 1001 2477 non
1028 2436 1136 2479 carnes
1165 2429 1283 2478 tantum
1319 2417 1358 2478 de

282 2501 448 2582 carnibus,
475 2502 530 2564 sed
551 2522 669 2587 corpus
702 2501 850 2580 educere,
872 2514 904 2563 et
932 2499 1019 2561 aliud
1040 2521 1076 2562 ex
1098 2501 1160 2563 alio
1183 2501 1304 2578 facere,
1326 2513 1358 2562 et

281 2586 322 2648 de
340 2608 445 2671 aqna,
478 2587 512 2648 id
534 2600 603 2664 est,
639 2586 678 2647 de
709 2587 844 2648 utilitate
865 2594 1026 2661 carnium,
1059 2589 1197 2669 pretiosa
1224 2599 1254 2647 et
1280 2589 1356 2647 aecii

280 2675 440 2757 corporis.
459 2674 531 2732 rina
555 2684 693 2732 mutare:
723 2673 958 2754 potestatique
986 2671 1091 2730 eadem
1113 2673 1270 2754 potentia,
1291 2692 1356 2753 qua

276 2756 317 2818 de
348 2756 449 2817 nihilo
481 2768 593 2816 cuncta
621 2754 791 2817 fabricatus
819 2767 885 2832 est,
919 2753 1072 2832 reddere,
1103 2776 1184 2837 quae
1206 2756 1354 2816 fuerunt:

257 2844 352 2924 *quia
372 2840 472 2901 multo
494 2842 595 2900 minus
608 2852 653 2900 est
666 2843 845 2916 restituere,
867 2838 956 2921 quod
977 2838 1090 2916 fuerit,
1124 2860 1215 2922 quam
1239 2840 1352 2917 facere,

276 2924 365 3007 quod
387 2946 453 2984 non
474 2924 546 2986 fuit.
588 2925 724 2999 Miraris,
748 2925 772 2983 si
793 2922 832 2982 de
857 2922 1026 2984 infantibus
1048 2935 1080 2984 et
1089 2921 1215 2985 senibus
1229 2926 1260 2983 in
1278 2944 1357 3007 per-

275 3010 351 3070 fecti
380 3010 440 3071 viri
463 3022 592 3070 nentem
630 3009 819 3068 resurreetio
848 3006 925 3085 fiat,
957 3028 1027 3068 cunr
1058 3009 1098 3069 de
1135 3009 1209 3068 limo
1232 3021 1354 3087 terrae,

275 3092 395 3176 absque
423 3092 496 3154 ullis
527 3106 660 3155 aetatum
681 3094 895 3168 incrementis,
918 3106 1144 3155 consummatus
1167 3093 1264 3153 homo
1286 3093 1355 3153 fao-

274 3189 324 3239 tns
352 3178 414 3239 sitl
456 3178 726 3240 Resurrectionem
749 3179 850 3237 earnis
872 3180 1072 3259 omniumque
1092 3175 1305 3237 membrorum
1326 3178 1353 3238 si

274 3262 366 3323 velim
388 3260 547 3346 probare,
577 3275 608 3323 et
642 3261 681 3321 ad
703 3262 824 3346 singula
845 3264 1020 3323 testimonia
1042 3262 1272 3346 explanationes
1296 3260 1355 3322 ad-

272 3349 422 3432 jungere,
456 3347 561 3408 multis
584 3344 674 3407 libris
702 3367 782 3428 opus
814 3349 884 3409 erit.
946 3344 1076 3408 Profert
1106 3346 1219 3407 deinde
1253 3344 1351 3406 multa

273 3446 448 3516 scripturae
461 3432 658 3507 testimonia,
688 3431 887 3511 quibusoam
919 3433 1100 3492 sententiam
1120 3429 1245 3515 probat

97 3542 258 3588 assurrectio-
359 3530 389 3585 d·
433 3514 676 3577 GREGORIUS
698 3516 733 3576 L.
757 3514 843 3575 XIV.
863 3536 942 3576 mor.
973 3517 1005 3574 iu
1038 3515 1110 3574 Job.
1131 3537 1158 3575 c.
1181 3527 1233 3584 30·
1260 3511 1350 3589 Quid

96 3597 136 3639 ”¹¹
156 3595 250 3635 “⁸¹⁰¹'‘
275 3603 356 3662 enim
387 3599 549 3684 qnotidie,
583 3600 642 3659 nisi
676 3603 933 3659 resurrectionem
963 3611 1101 3660 nostram
1128 3602 1160 3658 in
1193 3598 1350 3659 elementis

97 3650 196 3734 :ldllile
214 3655 339 3748 dim„
374 3685 508 3746 mundus
536 3681 696 3746 imitetur?
737 3683 799 3743 Per
831 3683 1015 3765 quotidiana
1050 3691 1169 3766 qnippe
1196 3693 1352 3743 momenta

95 3746 326 3835 llllsl.'⁸‘“'lux
348 3772 415 3853 ipsa
447 3768 627 3851 temporalis
650 3770 738 3848 quasi
767 3771 925 3845 moritur,
956 3769 1032 3827 dum
1061 3790 1096 3830 su
1121 3764 1351 3828 ervenicntibus

272 3851 553 3928 noctis-tenebris,
576 3874 621 3928 ea,
645 3872 724 3933 quae
742 3851 962 3935 aspiciebatur,
985 3791 1202 3914 subtrallitur:
1226 3863 1257 3912 et
1271 3870 1352 3933 qua·

271 3942 297 4001 si
320 3937 463 4021 quotidie
486 3939 641 4022 resurgit,
672 3936 746 3995 dum
769 3935 821 3998 lux
841 3936 1083 4015 ablata‘ocnlis,
1105 3956 1271 4021 suppressa
1292 3937 1353 3997 ite·

271 4044 343 4085 rum
377 4033 488 4098 noete,
516 4034 691 4105 reparatur.
743 4019 807 4081 Per
830 4036 982 4084 momenta
1012 4042 1142 4105 quoque
1175 4034 1354 4104 temporum

270 4107 425 4169 cernimus
443 4103 574 4168 arbusta
593 4104 780 4166 viriditatem
802 4106 954 4168 foliorum
975 4111 1126 4184 amittere,
1152 4106 1354 4167 asructuum

268 4189 449 4277 prolatione
468 4210 607 4252 cessare:
640 4201 671 4249 et
693 4210 765 4250 ecee
785 4190 890 4252 subito
914 4195 1001 4276 qnasi
1024 4213 1059 4253 ex
1081 4192 1231 4253 arescenti
1254 4190 1352 4275 ligno,

268 4273 356 4343 velut
373 4272 506 4365 quadm
531 4279 762 4357 resurreetione
788 4277 927 4341 veniente
947 4278 1086 4342 videmus
1105 4275 1183 4338 folia
1205 4294 1358 4359 erumpe·
