2768 4762
173 453 177 467 ,
268 375 368 459 ιιιΙ
490 368 570 430 nn
613 364 1112 431 sannra‘rrorn

95 552 258 653 ξξῖξῶξξξῑῑ·
270 565 360 639 petus
382 548 559 638 repellens,
587 563 619 613 et
639 570 687 611 me
709 547 865 611 deducam
884 547 923 611 ad
944 550 1097 630 salntem,
1119 553 1209 614 acin
1230 567 1348 641 anpred

270 661 321 700 mo
351 642 431 699 vitae
452 650 609 699 momento
631 638 771 696 miseram
792 656 889 695 meam
909 638 1039 696 animam
1060 658 1270 720 conservans,
1310 655 1344 704 et

270 723 454 785 tenebrosos
477 722 630 782 malorum
656 721 839 780 daemonnm
863 734 1004 803 aspectus
1023 718 1063 781 ab
1085 743 1120 782 ea
1145 716 1260 807 procul
1277 726 1350 787 abi·-

95 862 113 901 Ρ
152 862 185 900 ,ι
272 830 363 893 genes
385 809 419 872 in
440 806 575 868 terribili
598 805 700 865 autem
721 805 772 864 die
797 804 916 885 judicii·
936 805 976 865 ab
998 818 1122 867 aeterna
1150 808 1348 871 damnatione
1376 818 1382 837 “

99 873 321 977 ιῖἔξῖἶῖἶὲἐιιιε
350 891 513 968 liberans,
529 902 700 973 ‘postremo
738 890 909 951 inaccessae
928 891 976 950 tui
1004 887 1061 951 filii
1090 905 1122 953 et
1142 893 1200 953 Dei
1226 893 1348 977 gloriae

96 959 195 1049 322¹:ss
208 973 320 1051 §igme
342 975 504 1038 haeredem
534 974 679 1035 efficiens.
723 973 824 1049 Quam
844 995 901 1057 per
919 976 1169 1037 intercessionem
1189 977 1349 1039 favorem.

98 1058 333 1144 sequereturque
350 1074 436 1121 tuum
457 1060 590 1120 Domina
615 1078 680 1119 mea
694 1059 899 1136 sanctissima,
921 1059 981 1119 Dei
997 1073 1115 1137 mater,
1137 1073 1168 1120 te
1191 1065 1282 1123 etiam
1297 1075 1348 1124 at-

274 1167 335 1228 que
353 1149 441 1207 ctiam
464 1166 539 1220 oro,
562 1143 683 1224 assequi
698 1140 813 1203 valeam
832 1145 941 1226 qratia,
963 1146 1158 1205 miseratione
1180 1159 1211 1206 et
1233 1147 1347 1208 huma-

272 1232 367 1291 nitate
396 1230 546 1312 unigenitr
576 1229 623 1288 tui
655 1224 713 1287 filii
741 1229 889 1306 Domini,
924 1239 969 1288 et·
985 1230 1069 1306 Dei,
1105 1250 1140 1289 ac
1172 1229 1346 1293 salvatoris

271 1316 372 1375 nostri
389 1313 486 1373 JESU
504 1311 641 1388 Christi,
665 1312 715 1371 cni
738 1315 883 1372 convenit
903 1314 1002 1374 omnis
1024 1313 1146 1395 gloria,
1181 1312 1287 1376 honor
1301 1329 1348 1377 “et

271 1399 428 1473 veneratio
452 1418 521 1458 cnm
549 1408 675 1456 aeterno
706 1398 775 1477 ejus
806 1396 914 1469 Patre,
937 1409 969 1457 et
992 1400 1182 1459 sanctissimo
1201 1402 1343 1482 optimo-

271 1504 334 1565 que
354 1482 434 1543 ritae
450 1493 578 1551 anctore
596 1482 712 1563 spiritu
728 1501 811 1542 nunc
838 1493 870 1543 et
883 1501 1003 1565 semper
1024 1494 1055 1544 et
1079 1485 1111 1542 in
1134 1486 1253 1544 saecula
1278 1507 1348 1546 sae-

269 1567 437 1643 culorum,
464 1565 570 1625 Amen.

353 1664 383 1718 3.
426 1647 632 1711 IRENAEUS
654 1648 689 1725 L⁸¹
709 1645 749 1708 V.
771 1646 840 1710 adr.
862 1647 947 1710 haer.
971 1661 1007 1710 nt
1027 1650 1101 1710 infr.
1125 1664 1241 1733 quaest.
1263 1673 1310 1734 sq.

354 1747 384 1803 4.
428 1732 667 1795 GREGORIUS
702 1731 774 1793 Nar.
804 1747 884 1794 orat.
917 1735 950 1793 iu
986 1735 1017 1793 S.
1042 1736 1208 1819 Cypriam:
1242 1737 1342 1820 Virgo

270 1818 420 1902 quaedam
451 1831 518 1879 erat
541 1817 657 1879 nobilis
678 1829 710 1878 et
747 1818 880 1894 decora,
913 1819 1005 1900 cujus
1025 1820 1229 1902 pulchritudo
1251 1822 1343 1902 juve-

268 1925 339 1964 nem
358 1903 548 1985 Cyprianum
569 1923 672 1963 amore
699 1904 855 1963 sauciavit.
899 1902 1051 1964 Tentabat
1074 1906 1168 1987 igitur
1189 1927 1263 1982 eam,
1288 1905 1343 1966 scd

269 1987 359 2048 nullo
376 1989 567 2048 internuntio
590 1988 650 2046 nisi
675 1985 822 2048 daemone
851 1987 988 2067 quo'dam
1009 2001 1039 2048 et
1056 1994 1202 2070 corporis
1233 2004 1263 2049 et
1286 2011 1345 2049 vo-

271 2072 426 2154 luptatum
447 2083 592 2133 amatore.
635 2069 678 2131 At
699 2070 753 2132 illa
780 2068 946 2154 postquam
961 2070 1072 2132 malum
1096 2075 1189 2132 sensit
1208 2095 1243 2133 ac
1266 2077 1347 2133 insi-

271 2157 337 2217 dias
376 2157 542 2239 cognovit,
577 2155 719 2217 omnibus
749 2153 816 2215 aliis
840 2158 975 2233 omissis,
1011 2156 1050 2217 ad
1070 2157 1170 2215 Deum
1191 2159 1347 2240 confugit,

272 2262 308 2301 ac
339 2261 489 2323 sponsum
517 2259 607 2303 suum
635 2252 745 2317 contra
764 2240 941 2323 cupidinem
961 2240 1157 2322 epecrandam
1177 2255 1348 2324 protecto·

97 2335 337 2391 nautarum
361 2325 452 2387 lacit:
484 2326 539 2406 qui
569 2338 600 2386 et
622 2324 789 2385 Susannam
808 2325 975 2403 liberavit,
1007 2338 1038 2388 et
1057 2325 1178 2386 Teclam
1195 2325 1346 2386 salvavit:

271 2409 352 2471 hanc
386 2409 511 2492 quidem
529 2430 552 2470 a
587 2409 713 2471 senibus
738 2411 958 2488 amarulentis,
983 2409 1066 2471 illam
1085 2424 1218 2471 autema
1237 2411 1345 2470 Proro

67 2555 73 2567 ,
271 2499 404 2572 tyranno
430 2507 461 2556 et
501 2506 590 2579 patre
616 2496 710 2578 magis
735 2496 826 2556 etiam
847 2508 990 2571 tyranno.
1046 2496 1090 2556 Et
1121 2497 1257 2578 quisnam
1291 2494 1347 2555 ille

96 2574 357 2671 fflfffigserati
400 2577 561 2655 Christus,
593 2581 648 2659 qni
674 2591 706 2639 et
730 2581 856 2662 spiritus
899 2582 1056 2662 increpat,
1078 2593 1110 2638 et
1136 2601 1207 2657 eos,
1231 2581 1285 2661 qui
1312 2581 1346 2638 in

98 2652 492 2730 anaaia'suhmersionis
514 2663 657 2746 periculo
676 2677 780 2740 erant,
802 2662 961 2742 sublerat,
984 2679 1014 2725 et
1029 2664 1173 2746 pedester
1201 2685 1257 2746 per
1278 2670 1345 2722 ma-

273 2770 306 2809 re
338 2747 498 2824 ambulat,
532 2759 563 2809 et
583 2747 764 2808 daemonum
787 2749 921 2832 legiones
946 2751 977 2809 in
999 2748 1195 2832 profundum
1219 2750 1343 2830 praeci·

271 2835 371 2917 pitat,
393 2845 423 2892 et
445 2831 559 2891 liberat
575 2835 693 2912 justum
716 2854 751 2892 er
769 2831 860 2911 lacu,
894 2833 1036 2894 leonibus
1063 2853 1123 2916 pro
1150 2833 1223 2893 cibo
1247 2852 1347 2915 erpo-

97 2920 381 2993 nas.s.2.·q.situm,
423 2927 453 2976 et
487 2936 632 2975 manuum
661 2925 836 2978 extensione
859 2918 939 2980 seras
963 2930 1157 3001 superantem
1176 2916 1288 2976 liberat
1312 2927 1346 2976 et

96 2989 261 3093 fflfflffi
272 2999 458 3084 prophetam
480 3000 651 3084 profugum
683 3021 701 3060 a
727 3013 796 3062 ceto
820 3002 1017 3072 devoratum,
1041 3005 1095 3084 qui
1116 3005 1148 3063 in
1172 2999 1345 3061 visceribus

272 3088 362 3146 etiam
382 3082 647 3156 fidemse1·vabat;
683 3085 779 3146 salvat
812 3089 900 3147 etiam
921 3090 953 3147 in
976 3085 1095 3147 flamma
1113 3106 1229 3169 pueros
1247 3083 1347 3159 Assy-

272 3170 353 3248 rios,
388 3191 456 3230 cum
480 3191 589 3252 rogum
614 3169 738 3252 angelus
765 3171 1040 3255 refrigerarenac
1063 3169 1166 3231 tribus
1191 3190 1222 3230 se
1248 3190 1348 3249 quar-

98 3269 169 3358 ptrao
183 3266 337 3360 quq-tum
363 3255 556 3338 adjungeret.
603 3255 686 3314 Haec
714 3266 745 3315 et
776 3256 867 3338 plnra
896 3257 956 3317 alia
976 3277 1047 3316 cum
1066 3264 1345 3329 commemorasset,

98 3321 261 3426 nissh‘avi'liss
272 3341 420 3423 virginem
452 3339 581 3399 Mariam
602 3341 740 3421 rogarit,
759 3353 796 3401 ut
820 3342 1009 3424 periclitanti
1027 3342 1140 3423 uirgini
1163 3359 1253 3421 opem
1281 3338 1348 3396 l'er-

99 3423 140 3462 '¹¹·
162 3425 260 3462 “m
272 3436 339 3499 ret,
354 3424 535 3520 'jejuniique
555 3436 586 3484 et
600 3423 687 3483 humi
711 3423 884 3487 cubationis
911 3425 1111 3508 pharmacum
1139 3422 1276 3503 objecit,
1308 3439 1348 3480 ac

97 3463 196 3511 dmm
271 3508 394 3568 interim
415 3507 678 3590 pulchritudinem
693 3520 839 3589 tanquam
854 3510 1075 3570 insidiatricem
1087 3507 1250 3579 tabefecit,
1276 3524 1344 3586 quo

271 3591 484 3654 subtractione
501 3595 663 3666 materiae,
685 3597 863 3673 passionum
887 3592 1022 3656 flammas
1051 3602 1267 3665 consumeret,
1301 3590 1348 3649 si-

270 3676 398 3758 mulque
421 3677 520 3735 Deum
555 3676 728 3737 humilitate
760 3677 902 3761 placavit.
969 3679 1130 3760 Siquidem
1157 3698 1192 3736 ex
1225 3674 1349 3734 cunctis

271 3761 362 3851 rebus
383 3760 469 3819 nulla
499 3763 591 3844 magis
632 3781 721 3841 quam
751 3762 933 3826 adversitate
968 3763 1107 3839 colitur,
1144 3781 1180 3820 ac
1210 3759 1347 3819 lacrimis

271 3845 461 3906 elementiam
482 3844 638 3907 retribuit.
681 3844 788 3910 Vincit
814 3850 924 3932 virgo,
946 3850 1083 3909 vincitur
1104 3845 1254 3907 daemone
1278 3855 1352 3902 ten·

270 3941 356 3992 tator
376 3927 416 3989 ad
440 3941 607 3991 amatorem
622 3928 765 4009 accedit,
786 3936 903 3994 victum
918 3953 950 3994 se
966 3931 1137 4015 praedicat
1229 3992 1231 3996 ,

354 4025 385 4079 5.
429 4013 540 4073 IDEM
583 4016 616 4074 in
651 4016 833 4098 tragoedia:
885 4016 1030 4079 Christus
1061 4018 1208 4102 patients
1247 4021 1285 4072 nt
1315 4011 1352 4070 in

272 4108 388 4178 quaest.
410 4117 457 4177 sq.

353 4192 385 4248 6·
427 4180 688 4247 FULGENTIUS
711 4184 808 4249 Serm.
828 4183 868 4249 de
890 4183 974 4248 laud
1001 4184 1081 4249 Mar.
1114 4205 1151 4250 ex
1174 4193 1256 4270 part.
1282 4175 1359 4239 Sal·

268 4273 330 4327 ιιι.
351 4284 437 4349 supr.
463 4279 582 4348 quaest.
607 4280 657 4336 15.
