2768 4762
418 379 752 448 SYMBOLffl
1057 390 1129 457 mr

52 584 164 635 nostre
195 569 350 633 rentem'ra
371 565 410 631 de
431 568 587 653 baptismo
607 590 681 629 vera
699 568 749 627 'est
761 611 770 642 ,
797 588 929 643 -omnes,
965 572 1020 649 qui
1044 566 1133 627 aliter

52 654 216 741 sapiebant
237 654 387 738 Cypriani
409 654 624 738 temporibus,
647 673 711 715 non
735 652 867 713 suntab
889 652 1036 712 ecelesiae
1057 652 1130 711 uni·

54 754 124 804 tate
140 744 295 822 separati,
331 739 432 799 donce
452 738 550 814 illud,
563 737 661 820 ¹quod
683 736 773 797 aliter
795 749 958 819 saperent,
981 735 1064 797 Deus
1088 732 1128 794 il-

53 824 95 887 tis
116 823 274 885 revelaret.
330 822 398 883 Vos
420 843 495 907 ergo
518 844 616 904 quare
645 822 838 904 separatione
872 820 1020 919 sacrilega
1042 821 1128 902 pacis
1161 859 1266 903 „cmm

54 906 214 971 vinculum
241 905 438 989 diripuistis?
478 907 620 982 Deinde,
655 918 805 989 quantum
829 907 944 965 crimen
965 917 1005 966 sit
1027 902 1282 964 echis-‹ruammvo

53 1014 106 1054 ma
132 992 253 1068 lacere,
288 989 338 1050 bis
358 989 462 1051 verbis
496 991 672 1074 explicavit:
705 990 859 1069 Tempore
874 989 947 1066 illo,
972 1010 1037 1071 quo
1057 990 1126 1048 llo-
1137 969 1312 1062 ldibcdtdffr'sq:

53 1077 158 1159 minus
186 1078 295 1159 priora
316 1073 430 1135 delicte
451 1075 626 1138 recentibus
654 1094 827 1156 poenarum
852 1072 996 1154 exemplis
1019 1060 1306 1133 caven-³⁰¹⁰”·³⁶'²'⁹·

55 1160 98 1223 da
126 1161 329 1237 monstravit,
359 1172 392 1219 et
413 1157 534 1220 idolum
555 1158 741 1219 fabricatum
774 1168 868 1236 atque
889 1156 1052 1217 adoratum
1073 1169 1129 1233 est,

54 1258 89 1307 et
108 1245 315 1329 propheticus
348 1241 429 1303 liber
457 1244 505 1303 ire
540 1246 620 1326 regis
654 1241 879 1322 contemptoris
905 1243 1068 1315 incensus,
1101 1252 1133 1300 et

56 1326 191 1389 schisma
227 1341 379 1391 tentatum
410 1339 442 1387 et
468 1326 649 1387 idololatria
670 1326 775 1409 gladio
796 1325 906 1404 punita
928 1335 993 1398 est,
1015 1327 1132 1383 cnrstio

57 1408 153 1489 libri,
185 1409 299 1472 bellica
322 1410 416 1472 caede
437 1422 469 1470 et
489 1413 654 1493 peregrina
676 1410 869 1490 captivitate,
892 1404 1024 1466 schisma
1044 1404 1134 1467 hiatu

57 1508 162 1559 terrae
188 1493 319 1577 sepultis
348 1493 533 1555 auctoribus
564 1496 663 1569 rivis,
696 1504 728 1552 et
761 1493 870 1551 ceteris
905 1489 1028 1550 caelesti
1065 1492 1134 1572 igne
1143 1526 1210 1567 m
1219 1532 1251 1568 ,g
1263 1533 1295 1569 3„

50 1581 274 1660 consumptis:
317 1583 388 1659 quis
415 1580 479 1659 jam
509 1577 723 1651 dubitaverit,
767 1574 831 1635 hoe
860 1594 925 1635 esse
956 1572 1135 1634 sceleratius

56 1664 275 1736 commissum,
331 1661 397 1722 uod
419 1675 467 1722 est
487 1663 610 1745 gravius
631 1657 844 1721 vindicatum?

146 1757 177 1812 t.
219 1744 294 1805 IDE
359 1747 448 1807 cist.
472 1760 520 1815 19.
543 1746 583 1807 ad
603 1747 784 1820 Hieronym.
806 1741 966 1817 scribens,
1000 1739 1135 1802 ostendit

60 1848 96 1888 se
117 1827 199 1888 salva
218 1829 345 1889 caritate
422 1851 462 1891 eo
482 1831 645 1892 dissentire
664 1831 748 1889 eirca
768 1824 1049 1911 reprehensionem,
1073 1846 1136 1909 qua

58 1908 208 1973 adversim
232 1912 265 1971 S.
285 1912 413 1974 Petrum
432 1934 507 1976 naus
523 1927 570 1975 cst
583 1914 617 1975 Β.
630 1912 756 1973 Paulus.
1031 1950 1037 1957 -
1074 1910 1077 1915 ’

51 2050 54 2055 ,
143 2009 175 2062 s.
217 1996 325 2055 IDEM
344 1998 376 2057 in
393 1995 449 2057 lib.
469 1998 499 2059 d.
524 2018 598 2059 vera
615 1995 713 2081 Relig.
737 2015 807 2083 cap.
830 2008 861 2063 6.
881 1994 919 2057 de
941 1994 1033 2056 bonis
1044 1991 1134 2077 chri-

56 2081 165 2141 suanis
192 2077 345 2162 loquens,
365 2084 410 2145 ita
430 2083 474 2145 ait
487 2104 500 2140 r.
517 2082 617 2166 Saepe
641 2083 716 2143 sinit
732 2080 846 2141 divina·
858 2070 1057 2163 providebtia
1073 2099 1131 2161 per

53 2161 222 2225 nonnullas
242 2166 372 2227 nimium
389 2166 585 2229 turbulentas
613 2165 784 2227 carnalium
813 2163 975 2226 bominum
999 2164 1132 2225 seditio-

57 2267 111 2307 nes
133 2246 244 2330 capelli
275 2249 314 2309 de
338 2253 579 2334 congregatione
601 2250 777 2312 Christiana
800 2252 890 2311 etiarn
907 2249 1009 2310 bonos
1033 2246 1128 2308 viros.

52 2332 160 2408 -Quam
192 2333 408 2394 contumeliam
436 2334 485 2393 rel
517 2337 666 2414 injuriam
694 2356 782 2395 suam
808 2354 878 2392 cum
908 2335 1128 2416 patientissime
1138 2330 1306 2420 rreempgep.

55 2437 119 2499 pro
143 2413 300 2474 Ecclesiae
317 2436 393 2495 paco
411 2415 559 2493 tulerint,
581 2437 682 2498 neque
707 2416 786 2474 ullas
802 2419 952 2477 novitates
964 2417 1012 2477 vel
1029 2416 1127 2477 schir·
1139 2395 1227 2489 bibini
1239 2395 1296 2488 uini

56 2499 149 2558 matis
165 2494 214 2555 rel
235 2495 369 2557 haeresis
393 2497 494 2558 moliti
518 2500 655 2574 fuerint,
676 2497 837 2559 docebunt
853 2499 1015 2576 homines,
1036 2480 1277 2580 quamchmm‘

53 2601 136 2643 -vero
157 2579 295 2655 effectu,
328 2592 359 2641 et
377 2594 491 2662 quanta
519 2584 696 2642 sinceritate
724 2582 860 2640 caritatis
879 2581 968 2641 1)Εο
993 2586 1130 2643 servien-

56 2665 135 2727 dum
153 2667 214 2725 sits
235 2662 344 2725 talium
369 2686 444 2749 ergo
469 2667 610 2726 virorum
633 2667 835 2748 propositum
856 2676 922 2739 est,
943 2676 996 2724 aut
1017 2664 1128 2725 sedatis

54 2768 197 2812 remeare
227 2747 427 2811 turbinibus:
458 2762 512 2811 aut
548 2751 575 2810 si
610 2749 644 2811 id
673 2769 739 2811 nou
765 2751 924 2824 sinantur,
954 2747 1002 2808 vel
1029 2747 1151 2809 eadem·

57 2842 241 2916 tempestate
273 2847 509 2917 perseverante,
541 2834 590 2896 vel
623 2855 663 2895 ne
682 2854 741 2895 suo
780 2833 881 2893 reditu
900 2832 970 2894 talis
995 2845 1051 2896 aut
1068 2852 1136 2893 sae-

57 2921 129 2980 rior
149 2919 293 2995 oriatur,
323 2930 432 2979 tenent
448 2919 639 2981 voluntatem
666 2915 850 2980 consulendi
873 2920 964 2980 etiam
985 2920 1028 2979 eis
1048 2919 1133 3001 ipsis,

57 3022 197 3085 queem
224 2999 364 3063 motibus
391 3001 748 3086 perturbationibusque
770 3015 948 3078 cesserunt,
980 3005 1047 3064 sine
1068 3001 1134 3061 ulla

58 3087 349 3147 conventiculorum
369 3090 580 3171 segregatione
606 3110 707 3170 usque
738 3087 778 3147 ad
808 3099 940 3148 mortem
963 3086 1134 3147 defenden-

56 3182 105 3231 tes
121 3181 153 3231 et
167 3172 345 3232 testimonio
364 3173 507 3252 juvantes
533 3193 598 3233 eam
619 3170 732 3250 fidem,
755 3192 848 3254 quam
862 3173 894 3232 in
913 3171 1053 3231 Ecclesia
1073 3172 1134 3231 Ca-

57 3252 179 3315 tboliea
229 3255 380 3316 medicari
408 3259 521 3317 sciunt.
570 3258 639 3317 Hoc
667 3269 801 3319 coronat
828 3258 862 3316 in
898 3255 1025 3315 occulto
1045 3268 1134 3338 pater

56 3339 91 3398 in
124 3274 251 3401 oceuilo
279 3341 397 3403 videns.
437 3341 556 3403 Rarum
580 3339 644 3401 boe
666 3342 791 3402 videtur
816 3360 929 3425 genus,
959 3339 1013 3400 sed
1032 3353 1132 3400 tamen

55 3419 195 3504 exempla
228 3444 293 3485 non
323 3424 456 3487 desunt:
490 3428 584 3486 immo
630 3423 700 3486 lura
728 3438 819 3502 sunt,
850 3446 943 3506 quam
966 3422 1052 3485 credi
1073 3444 1134 3506 po-

53 3518 124 3569 tert
169 3508 220 3568 Ita
249 3510 393 3571 omnibus
417 3509 583 3594 generibus
606 3446 774 3569 bominum
802 3521 833 3570 ct
861 3509 1070 3591 exemplorum
1092 3508 1132 3567 ad

54 3594 227 3653 animarum
248 3597 440 3655 curationem
461 3608 493 3655 et
514 3595 554 3656 ad
576 3596 804 3656 institutionem
828 3592 999 3678 spiritualis
1017 3591 1131 3677 populi
1179 3636 1184 3644 .

53 3678 156 3738 utitur
186 3676 290 3737 divina
310 3679 517 3761 providentia.

137 3774 169 3829 6.
212 3762 322 3821 IDEM
342 3783 433 3823 serm·
456 3775 526 3831 181·
555 3762 585 3823 d.
605 3775 699 3845 temp.
714 3782 740 3822 c.
757 3775 823 3831 15.=
845 3758 1030 3823 Sanctorum
1043 3781 1130 3821 eom·
1157 3773 1193 3816 rr
1214 3780 1306 3865 ‘mg‘

57 3932 269 4012 suscepimus,
290 3929 353 3993 lide
378 3931 517 3993 defuncti
533 3944 623 4007 sunt,
644 3934 791 3993 societate
810 3943 842 3991 ct
852 3933 916 4013 spei
935 3932 1128 3991 communio·
1224 3922 1240 3961 ι’
1274 3936 1298 3962 ⁰¹

56 4029 96 4070 ne
125 4026 292 4075 teneamur.
344 4014 378 4076 si
399 4016 497 4100 igitur
526 4037 596 4079 eum
625 4018 737 4077 sanctis
759 4020 790 4075 in
812 4028 936 4076 aeterna
957 4017 1017 4075 vita
1042 4036 1129 4074 com·

56 4098 233 4159 munionem
248 4098 365 4160 babere
385 4101 545 4174 volumus,
568 4100 607 4161 de
627 4103 797 4161 imitatione
818 4121 927 4160 eorum
946 4102 1125 4181 cogitemus.

54 4177 181 4243 Debent
206 4184 288 4244 enim
314 4187 346 4245 in
375 4185 467 4246 nobis
485 4185 606 4267 aliquid
625 4206 848 4269 recognoscere
871 4184 911 4244 de
944 4187 1006 4244 suis
1028 4181 1241 4269 virtu-nffiffi
1255 4191 1305 4267 0¹2¹ss

52 4262 163 4343 tibus,
183 4281 219 4331 ut
240 4290 303 4353 pro
332 4266 424 4331 uobis
446 4270 612 4354 dignentur
632 4272 771 4332 Domino
790 4268 977 4353 supplicare.
1137 4278 1308 4330 ¹⁰serenent·
