2768 4762
810 235 817 265 l

244 390 321 459 nn
467 368 470 375 '
575 383 648 448 ou
690 384 828 447 r1uu
871 383 986 448 ur*

651 518 658 545 l

244 571 316 629 tuus
349 568 445 630 suerit
471 589 535 632 non
561 568 680 634 hebens
699 566 821 648 lilium,
854 548 900 632 ut*
916 565 1013 630 ducat
1035 565 1132 630 irater
1152 566 1222 648 ejus
1243 584 1327 630 uro·

244 693 311 737 rem
342 653 447 755 illius,
486 688 517 737 et
549 676 677 738 suscitet
710 696 812 740 semen
845 674 935 738 fratri
973 696 1043 738 suo.
1098 674 1325 739 Erantautem

246 779 332 869 apud
350 801 410 845 nos
437 793 558 865 septem
574 781 706 846 frati-ese
739 796 772 848 et
788 785 909 869 primus
926 801 1030 844 uxore
1045 778 1139 842 docta
1157 779 1326 844 defunctus

247 900 363 953 estest
375 907 444 953 nou
460 887 578 960 habent
595 908 720 969 semen,
741 890 878 974 reliquit
895 908 1024 950 uxorem
1042 907 1129 948 suam
1149 886 1240 949 fratri
1253 909 1327 952 suo.

249 994 399 1058 Similiter
427 994 577 1059 secundus
597 1007 630 1073 et
649 999 760 1059 tertius
785 1017 886 1081 usque
913 994 953 1056 ad
970 995 1143 1078 septimum
1186 997 1330 1056 Novissi-

249 1115 421 1164 meantem
446 1104 584 1164 omnium
607 1115 638 1166 et
660 1103 773 1194 mulier
792 1070 944 1164 defuncta
963 1112 1018 1162 est
1060 1101 1098 1161 lu
1120 1103 1328 1163 resurrectio-

192 1229 204 1267 .’
248 1229 290 1271 nc
308 1229 383 1294 ergo
400 1211 491 1292 cujus
511 1212 572 1271 erit
588 1209 628 1272 de
655 1223 773 1295 septem
794 1206 895 1271 uxori
918 1228 1022 1270 omues
1047 1208 1127 1267 euim
1147 1207 1330 1272 habueruut

250 1335 327 1378 eam.
367 1316 568 1401 Respondeas
599 1330 699 1378 autem
719 1318 823 1393 lesus,
852 1318 896 1379 ait
917 1316 999 1377 illis:
1027 1315 1167 1395 Erratis,
1188 1317 1332 1377 nescien-

251 1437 298 1487 tes
317 1408 508 1508 scripturas,
533 1426 636 1507 ireque
655 1424 898 1485 virtutem-Dei.
941 1425 978 1484 In
1002 1423 1235 1484 resurrectione
1248 1424 1332 1484 enim

198 1538 207 1547 “
250 1550 352 1613 neque
374 1529 511 1607 nubent,
546 1552 648 1614 neque
669 1530 843 1593 nubentur:
877 1531 932 1593 sed
953 1544 1027 1593 sunt
1046 1532 1128 1592 sicut
1153 1528 1253 1614 angeli
1268 1530 1329 1609 Dei

252 1639 285 1698 in
320 1637 417 1703 caelo
469 1637 518 1697 De
551 1641 782 1702 resurrectione
806 1618 908 1702 autem
932 1650 1133 1713 mortuorum
1163 1657 1228 1697 non
1252 1636 1331 1718 legi-

252 1745 328 1820 stis,
351 1744 439 1826 quod
460 1742 577 1806 dictum
604 1757 650 1808 est
671 1766 689 1807 a
710 1747 780 1809 Deo
807 1747 928 1809 dicente
945 1744 1054 1832 vobis:
1076 1745 1145 1842 Ego
1167 1765 1233 1806 snm
1243 1744 1329 1811 Deus

252 1848 430 1928 Abraham,
465 1865 497 1913 et
516 1853 600 1914 Deus
616 1844 726 1930 Isaac,
748 1865 780 1916 et
796 1855 882 1917 Deus
900 1829 1024 1927 Jacob?
1055 1830 1140 1920 Non
1159 1865 1206 1916 est
1218 1852 1329 1914 DEUS

253 1938 470 2034 morinorum,
490 1958 545 2020 sed
566 1961 754 2022 viventium·
1022 2002 1025 2010 ·

232 2082 252 2089 ··
338 2065 499 2128 Daniel.
519 2062 609 2128 m:
644 2066 688 2128 Et
710 2065 801 2128 mults
838 2065 877 2128 de
915 2020 982 2145 his,
1019 2069 1075 2151 qui
1109 2068 1304 2131 dormiunt
1294 2087 1330 2126 in

254 2183 357 2233 terrae
386 2172 536 2256 pulvere,
572 2173 779 2258 evigilabunt,
812 2173 905 2235 alii
895 2195 929 2237 ru
963 2177 1058 2257 vitam
1082 2188 1252 2251 aeternam,
1274 2171 1330 2234 alii
1359 2240 1363 2244 ,

255 2279 288 2338 iu
313 2278 545 2363 opprobrium,
566 2295 604 2371 ut
625 2282 750 2344 videant
767 2302 899 2366 semper.
942 2283 1007 2361 Qui
1028 2294 1129 2344 autem
1149 2281 1238 2343 docti
1259 2279 1333 2341 fue·

255 2379 342 2465 rint,
366 2384 534 2472 fulgebunt
554 2378 646 2472 quasi
665 2388 817 2473 splendor
834 2387 1036 2452 firmamenti:
1059 2403 1090 2452 et
1108 2391 1162 2472 qui
1177 2386 1217 2449 ad
1233 2388 1332 2468 justi-

254 2495 330 2556 tiam
344 2494 494 2558 erudiunt
503 2495 637 2575 multos,
661 2500 750 2580 quasi
768 2497 918 2563 stellaein
935 2510 1101 2581 perpetuas
1125 2496 1337 2557 aeternitates.¹

238 2676 242 2691 ι
338 2624 496 2712 Philip.
517 2629 592 2690 111.=
614 2628 730 2692 Nostra
749 2642 851 2691 autem
874 2629 1069 2718 conversatio
1087 2615 1126 2686 in
1154 2626 1244 2687 caelis
1269 2634 1332 2686 est:

149 2745 154 2755 ’
255 2730 342 2820 unde
366 2736 458 2796 ctiam
496 2733 692 2817 salvatorem
724 2749 934 2821 exspectamus
971 2736 1139 2797 Dominum
1188 2745 1332 2795 nostrum

255 2839 389 2901 JESUM
420 2839 594 2921 Christum,
627 2845 681 2926 qui
711 2841 898 2905 reformabit
928 2864 1046 2928 corpus
1063 2840 1248 2904 humilitatis
1272 2860 1336 2900 no·

257 2957 350 3024 strae,
373 2944 603 3034 configuratum
629 2951 761 3037 corpori
786 2949 936 3013 claritatis
958 2971 1046 3025 suae,
1068 2948 1239 3012 secundum
1255 2968 1337 3032 ope-

256 3055 430 3136 rationem,
451 3078 515 3142 qua
537 3059 627 3119 ctiam
645 3059 747 3142 possit
759 3057 916 3140 subjicere
932 3057 993 3122 sibi
1014 3053 1126 3121 omnis.

340 3185 367 3248 l.
389 3187 477 3250 Cor.
499 3186 557 3248 V.:
588 3186 703 3250 Omnes
728 3207 786 3247 uos
814 3190 1003 3250 manifestari
1031 3199 1160 3273 oportet
1184 3197 1255 3248 aute
1271 3183 1334 3269 tri·

255 3292 354 3355 huual
385 3293 522 3373 Christi,
562 3306 600 3355 ut
639 3294 756 3355 reserat
786 3297 1003 3378 unusquisqne
1019 3296 1153 3380 propria
1171 3292 1331 3377 corporis,

253 3413 355 3485 prout
370 3403 479 3485 gessit,
500 3401 563 3462 sive
578 3399 718 3479 bonum,
749 3401 812 3462 sire
833 3401 956 3464 malum.

338 3508 441 3569 Rom.
472 3506 573 3568 xlv.=
606 3508 720 3571 Omnes
747 3511 895 3574 stabimus
926 3522 998 3571 ante
1036 3507 1176 3571 tribunal
1202 3503 1329 3584 Christi,

255 3623 288 3673 et
311 3616 527 3697 unusquisque
548 3627 691 3677 nostrum
703 3637 765 3702 pro
794 3638 826 3678 se
852 3619 1003 3681 rationem
1031 3613 1245 3676 reddet-Deo.

339 3721 482 3784 Matth.
506 3721 613 3783 XIII.:
647 3725 685 3784 In
707 3736 850 3808 tempore
874 3727 979 3786 messis
1006 3723 1108 3785 dicam
1126 3714 1329 3782 messoribus.

253 3826 401 3912 colligite
432 3831 568 3913 primum
607 3832 741 3910 zizania,
774 3845 805 3894 et
832 3831 957 3917 alligate
988 3833 1079 3892 eain
1103 3827 1272 3891 fasciculos
1286 3823 1331 3887 ad

253 3933 515 4016 comburendum,
555 3939 695 4000 triticum
738 3951 840 4001 autem
882 3938 1067 4023 congregate
1101 3939 1133 3997 in
1176 3930 1331 3997 horreum

249 4061 364 4106 meam.
426 4042 514 4105 Sicut
551 4064 626 4129 ergo
663 4045 855 4131 colliguntur
883 4050 1014 4124 zizania,
1052 4058 1083 4107 et
1106 4044 1171 4128 igni
1194 4039 1329 4104 combu-

251 4159 381 4209 runtur:
422 4146 466 4212 sic
494 4154 556 4215 crit
584 4156 615 4212 in
644 4157 908 4217 consummationc
931 4154 1054 4216 saeculi.
1104 4154 1209 4212 Mittet
1241 4144 1329 4210 filius

248 4250 383 4318 hominis
413 4261 537 4345 angelos
564 4280 661 4338 snos,
703 4275 734 4323 et
766 4264 915 4349 colligent
938 4263 978 4325 de
1008 4281 1108 4346 reguo
1134 4260 1204 4342 ejus
1222 4255 1328 4319 omnia
