2768 4762
196 382 199 386 ·
242 386 324 461 κω
542 377 611 445 nn
646 378 905 448 uramara
935 377 1003 444 nr
1059 470 1066 481 ι

245 564 298 630 l'or
319 567 379 630 erit
394 563 498 646 ultra,
521 584 600 650 quae
627 567 728 653 prima
748 565 901 629 abierunt.
947 564 998 630 Aa
1020 566 1053 628 in
1069 561 1155 629 *fines
1180 566 1227 631 Et
1245 572 1327 635 elvi-
1369 646 1373 657 1

245 687 294 736 tas
309 687 462 761 nonpeget
481 672 548 735 sole
572 694 672 756 neque
691 673 782 754 luna,
809 686 845 736 ut
861 675 983 737 luceant
1013 676 1117 737 in’ea.
1158 675 1238 739 Nam
1257 678 1350 742 ela··

247 782 322 842 ritas
352 781 412 841 Dei
434 779 625 843 illuminabit
641 802 726 859 eam,
762 795 793 845 et
815 781 943 845 lucerna
959 784 1029 866 ejus
1053 796 1100 845 est
1119 781 1235 867 Agnus.
1279 789 1323 851 Et

247 886 454 967 ambulabunt
479 899 583 973 gentes
615 890 649 949 in
670 887 784 951 lumine
802 892 888 972 ejus:
916 903 947 952 et
971 910 1056 974 reges
1070 901 1171 951 terrae
1192 893 1323 958 afferent

248 998 381 1081 gloriam
413 1015 499 1059 suam
519 1006 551 1058 et
582 993 736 1059 bonorem
762 1000 796 1059 in
821 998 914 1060 illam
966 998 1009 1059 Et
1024 1011 1142 1083 portae
1165 1003 1235 1084 ejus
1256 1026 1322 1065 non

233 1102 437 1167 ‘claudentur
458 1124 517 1187 per
534 1102 632 1167 diem:
665 1126 726 1168 noa
747 1109 827 1168 enim
846 1128 910 1168 non
930 1109 991 1168 erit
1009 1106 1082 1168 illie.
1130 1108 1173 1170 Et
1190 1110 1324 1175 offerent

250 1198 381 1294 gloriam
400 1221 432 1270 et
450 1208 603 1271 honorem
622 1215 758 1296 gentium
783 1216 814 1274 in
835 1214 929 1278 illam.
971 1214 1043 1275 Non
1062 1215 1215 1277 intrabit
1207 1239 1240 1278 ιιι
1258 1241 1324 1280 eam

130 1382 133 1391 ,
177 1335 180 1339 ·
250 1316 381 1419 aliquod
412 1319 663 1401 coinquinatum,
689 1335 741 1382 aut
769 1320 1029 1384 abominationem
1052 1324 1167 1384 fatiens
1182 1338 1213 1386 et
1235 1347 1325 1388 men-

170 1462 173 1470 ,
251 1422 391 1503 dacium,
415 1427 475 1487 nisi
493 1429 549 1510 qui
572 1429 681 1511 scripti
700 1442 773 1492 sunt
792 1432 824 1491 in
842 1430 927 1492 libro
951 1431 1030 1490 vitae
1056 1431 1146 1514 Agrai.

335 1555 388 1617 Et
408 1557 529 1618 xxii:
567 1557 609 1619 Et
628 1579 719 1620 omne
736 1559 932 1621 maledictum
957 1580 1025 1655 non
1044 1563 1105 1622 erit
1122 1548 1274 1645 amplius,
1292 1577 1323 1624 et

180 1691 185 1711 ·
252 1643 338 1726 aedes
358 1665 416 1724 Dei
438 1679 469 1727 et
492 1665 600 1750 Agni
593 1689 624 1728 aa
649 1667 703 1728 illa
728 1680 834 1746 erunt,
870 1670 998 1729 et'servi
1019 1670 1088 1750 ejus
1115 1670 1319 1731 servientilli.

251 1772 295 1833 Et
318 1771 469 1835 videbunt
505 1774 613 1837 faciem
642 1779 726 1858 ejus,
752 1788 783 1836 et
801 1796 913 1836 nomeu
943 1776 1011 1856 ejus
1034 1777 1064 1835 in
1093 1774 1250 1837 frontibus
1268 1796 1323 1837 eo-

181 1932 184 1941 .
254 1900 333 1942 rum.
377 1880 420 1940 Et
433 1903 495 1944 nox
508 1884 593 1945 ultra
610 1905 674 1944 non
692 1885 768 1943 erit:
802 1895 832 1943 et
855 1903 919 1943 non
938 1880 1073 1966 egebunt
1090 1882 1207 1944 lumine
1221 1882 1323 1944 lucer*

253 2009 325 2066 nae,
358 2009 458 2071 neque
483 1990 598 2051 lumine
621 1991 717 2067 solis,
750 1991 895 2072 quoniam
926 1990 1077 2050 Dominus
1102 1990 1186 2049 Deus
1204 1990 1326 2053 illumi·

252 2109 308 2183 nat
329 2094 424 2174 illos,
462 2109 493 2158 at
516 2095 689 2181 regnabunt
722 2099 754 2156 in
776 2095 897 2156 saecula
910 2094 1114 2160 saeculorum.

207 2180 209 2185 Α
338 2201 484 2287 prsa.
516 2203 597 2265 IV..·
637 2197 741 2265 Nolite
781 2216 965 2284 contristare
1007 2204 1149 2286 spiritum
1182 2216 1326 2265 sanetum

252 2300 332 2375 Deir
361 2313 473 2394 inquo
496 2313 607 2395 signati
626 2298 698 2371 estis
716 2313 748 2373 in
764 2311 814 2373 die
834 2311 1062 2394 redemptionis.

336 2421 360 2484 l·
396 2420 489 2486 Cur.
514 2420 586 2483 vi:
621 2418 670 2480 An
703 2402 850 2498 nescitis,
885 2420 1032 2501 quoniam
1058 2415 1194 2478 membra
1223 2429 1325 2478 vestra

252 2526 399 2610 templum
419 2540 493 2588 sunt
512 2527 641 2610 spiritus
664 2530 782 2605 sancti,
808 2549 863 2609 qur
886 2529 918 2586 in
935 2522 1024 2585 vobis
1052 2536 1115 2602 est,
1154 2544 1244 2606 quem
1268 2523 1327 2584 ha·

255 2637 335 2699 betis
353 2657 371 2696 a
389 2638 477 2712 Deo,
515 2647 546 2695 et
564 2656 628 2694 non
649 2637 720 2694 estis
739 2635 852 2698 vestri?

338 2742 500 2825 Philip.
532 2742 572 2802 1.=
608 2739 686 2801 Mihi
716 2743 818 2801 vivere
844 2741 986 2803 Christus
1018 2751 1080 2815 est,
1123 2750 1154 2798 et
1177 2734 1325 2797 morilu-

257 2875 353 2918 crum.
398 2850 494 2926 Quod
526 2850 551 2909 si
571 2849 672 2908 vivere
700 2849 865 2923 incarne,
903 2847 954 2907 hic
977 2845 1054 2906 mibi
1075 2844 1198 2905 fruetus
1221 2845 1326 2926 operis

257 2975 323 3037 est,
355 2972 385 3020 et
421 2957 497 3039 quid
536 2954 654 3038 eligam‘,
688 2956 809 3036 ignoro.
852 2954 1004 3014 Coarctor
1036 2965 1167 3013 autem-e
1185 2950 1326 3011 duobus:

230 3136 233 3153 Ι
258 3068 445 3131 desiderium
479 3061 595 3123 habens
626 3059 756 3122 'dissolvi
784 3072 815 3120 et
847 3082 909 3121 esse
949 3083 1018 3121 eum
1040 3059 1190 3135 Christo,
1225 3056 1327 3116 multo

201 3238 204 3243 ,
256 3179 350 3261 nugis
380 3172 504 3234 meliust
545 3172 723 3255 permanere
759 3180 858 3230 autem
901 3170 935 3231 in
964 3189 1074 3246 carne,
1119 3167 1328 3226 necessarium

256 3296 389 3370 propter
423 3302 486 3340 vos.

339 3391 380 3451 ΙΙ.
411 3389 505 3450 Cor.
537 3384 593 3446 Vm
618 3385 764 3463 Scimus,
801 3386 946 3467 qnoniam
976 3387 1003 3445 si
1032 3382 1187 3443 terrestris
1213 3377 1327 3439 domus

257 3512 364 3561 nostra
386 3495 482 3577 hujus
505 3492 945 3579 habitationisdissolvatur,
974 3491 1060 3574 quod
1083 3485 1326 3550 aedificationem

258 3630 294 3669 ex
322 3607 391 3666 Deo
420 3601 587 3677 habemus,
619 3600 745 3662 domum
778 3620 842 3659 non
879 3599 1084 3659 manufactam
1114 3608 1266 3656 aeternam
1293 3593 1327 3649 in

259 3713 349 3776 caelis
373 3722 432 3776 etc.
474 3708 631 3768 Audentes
654 3709 751 3791 igitur
783 3727 918 3788 semper,
951 3719 982 3766 et
1004 3706 1152 3779 scientes,
1182 3702 1329 3787 quoniam

259 3822 333 3883 dum
361 3837 465 3878 sumus
490 3817 522 3876 in
548 3835 701 3899 corpore,
729 3816 964 3898 peregrinamur
993 3812 1167 3871 aDomino
1195 3813 1268 3893 (per
1290 3805 1333 3867 sr-

259 3928 329 3989 dem
361 3926 442 3984 enim
468 3921 675 3996 ambulamus,
702 3933 733 3981 et
764 3941 828 3981 non
849 3943 906 4003 per
930 3920 1076 4003 speciem)
1105 3916 1253 3978 audemus
1274 3937 1335 3975 au·

259 4047 335 4112 tem,
371 4043 403 4092 et
429 4029 543 4090 bonam
571 4028 759 4089 voluntatem
788 4027 936 4088 habemus
964 4029 1057 4110 magis
1085 4025 1280 4110 peregrinari
1315 4044 1335 4083 a

259 4158 411 4223 corpore,
444 4149 474 4197 et
502 4148 675 4218 praesentes
701 4156 764 4195 esse
794 4134 835 4195 ad
857 4134 1035 4195 Dominum.

343 4245 378 4311 C·
403 4241 458 4308 lv.
484 4241 574 4329 Reg.
600 4241 656 4304 V.:
684 4241 728 4305 Et
747 4239 825 4304 dixit
843 4239 996 4302 Elisaeus:
1022 4239 1106 4302 unde
1125 4240 1210 4302 venis
1223 4237 1338 4302 Gieail
