2768 4762
417 389 825 465 ECCLESIA‘B.
1071 400 1152 471 408

73 591 145 645 stas
168 576 344 663 disciplinae
375 577 519 639 adversus
543 576 701 660 improbos
731 588 786 639 aut
800 574 938 637 nefarios
958 576 1150 653 ererceudae,

74 683 158 730 tunc
189 685 313 737 rursrrs,
349 684 386 723 nc
429 662 570 724 socordia
611 663 797 744 segnitiaque
833 661 1039 739 domniamus,
1084 661 1150 722 aliis

74 751 193 813 aculeis
212 759 463 831 praeceptorum,
500 766 580 828 quac
605 746 645 806 ad
666 748 854 807 severitatem
874 748 1063 805 codreitionis
1077 768 1151 827 per·

78 838 195 907 tinuit,
226 830 376 891 excitandi
400 851 521 906 sumus,
552 842 588 890 ut
605 850 724 911 gressus
742 842 866 890 nostros
899 832 930 890 in
955 832 1002 890 via
1026 831 1150 890 Domini

75 940 117 981 er
146 919 284 995 utrisque
317 916 494 975 testimoniis
518 913 571 973 illo
594 914 672 973 duce
699 925 792 994 atque
811 914 955 993 adjutore
983 916 1149 998 dirigentes

73 1022 136 1063 nec
156 1000 317 1084 patientiae
336 1000 458 1059 nomine
485 1009 709 1081 torpescamus,
741 1018 798 1057 nee
823 997 955 1060 obtentu
974 998 1150 1081 diligentiae

72 1087 256 1148 saeviamus.
299 1082 340 1141 Et
365 1085 464 1165 capite
481 1083 591 1142 tertio:
615 1080 686 1142 Non
715 1079 911 1141 omittendam
928 1086 1044 1143 censuit
1057 1082 1150 1142 Chri·

71 1182 145 1231 stus
174 1166 328 1227 Ecclesiae
359 1166 569 1249 disciplinam:
600 1167 690 1225 immo
718 1187 791 1225 sero
816 1164 975 1225 admonuit
999 1166 1151 1227 adhiben-

73 1254 173 1335 dam,
196 1251 319 1334 quando
341 1252 396 1309 aits
418 1250 572 1310 Attendite
590 1249 697 1309 vobisc
730 1248 763 1308 Si
782 1252 955 1333 peccaverit
978 1252 1009 1308 iu
1031 1262 1061 1309 te
1086 1252 1324 1315 lla-meane.

72 1352 126 1401 ter
140 1349 227 1409 tuus,
260 1334 335 1395 vade
355 1346 386 1393 et
403 1336 525 1417 corripe
555 1354 624 1393 cum
643 1335 723 1393 inter
746 1345 778 1393 tc
794 1346 827 1394 et
844 1336 943 1416 ipsum
963 1332 1073 1393 solum.
1092 1398 1097 1409 ,
1115 1334 1149 1392 Si

10 1484 13 1489 ,
72 1422 210 1483 audierit
240 1431 286 1493 te,
316 1418 449 1478 luci-ates
479 1439 510 1477 es
541 1418 663 1477 fratrem
690 1429 787 1493 tuuur,
830 1418 863 1478 si
882 1432 982 1479 autem
1009 1440 1073 1476 non
1091 1438 1149 1476 au-

73 1506 172 1567 dierit
195 1516 242 1581 te,
274 1524 391 1561 assume
412 1515 511 1562 tecum
530 1524 624 1561 unum
644 1500 690 1560 vel
715 1502 794 1561 ‹luos
807 1547 816 1578 ,
845 1514 881 1561 ut
906 1506 937 1563 iu
958 1524 1011 1563 ore
1025 1504 1149 1562 testium

10 1650 16 1663 ,
74 1590 212 1653 duorum
231 1586 278 1646 vel
302 1588 394 1647 trium
419 1600 479 1647 stet
503 1606 594 1645 omne
613 1584 748 1645 verbum,
793 1586 889 1662 Quod
910 1590 935 1645 si
961 1607 1022 1647 non
1041 1586 1149 1645 audie·

10 1680 12 1685 '
74 1676 120 1735 rit
148 1694 222 1749 eos,
259 1671 308 1729 dic
343 1671 503 1731 Ecclesiae.
557 1670 591 1729 si
612 1683 712 1729 autem
737 1692 793 1732 uec
815 1670 983 1732 Ecclesiam
1004 1670 1146 1743 «redierit,
1173 1700 1311 1744 mm„

10 1762 13 1769 '
77 1760 121 1817 sit
142 1756 200 1819 tibi
224 1768 368 1836 tanquam
391 1754 529 1814 ethnicus
548 1766 580 1813 ct
599 1754 791 1835 publicanus.
845 1756 964 1815 Deinde
985 1756 1078 1837 ipsius
1092 1755 1328 1842 sc-ng‘ffitfflj

77 1843 214 1903 unitatis
236 1852 383 1899 terrorem
406 1841 614 1919 gravissimum
648 1839 780 1917 adjecit,
809 1840 900 1898 etiam
929 1861 965 1899 eo
985 1839 1070 1913 loco,
1094 1838 1211 1897 cli-lecit
1232 1851 1311 1889 Douni-

78 1946 169 1985 ceris:
196 1926 283 2001 Quae
318 1923 463 1982 solveritis
496 1925 528 1982 in
559 1935 663 1997 terra,
699 1922 798 1983 soluta
824 1934 913 1983 cmmt
936 1936 967 1983 et
996 1924 1025 1980 in
1043 1909 1302 1991 caclo:”1'¹.'ia.,‚1,

77 2010 172 2085 Quae
196 2007 358 2091 ligaveritis
389 2010 421 2067 iu
442 2021 539 2083 terra,
575 2006 665 2089 ligata
687 2018 778 2065 erunt
801 2006 834 2065 iu
857 2006 950 2067 eaelo.
993 2005 1144 2067 Prohibet

75 2093 171 2153 etiam
187 2107 323 2153 sanctum
348 2092 420 2153 dare
445 2092 581 2151 canibus.
631 2090 694 2151 Nec
715 2091 888 2151 (tettlll'fll'lus
909 2103 956 2151 est
978 2088 1149 2172 Apostolus

72 2176 230 2253 Domino,
265 2180 337 2256 quia
373 2178 468 2236 dicit:
509 2175 673 2235 Peccantcs
694 2195 798 2235 coram
817 2176 959 2234 omnibus
981 2194 1092 2256 argue,
1114 2182 1273 2252 ut,‚1;,‚5‚
1289 2214 1327 2251 20,

73 2264 189 2321 caeteri
215 2263 353 2317 timorem
375 2259 526 2316 habeantr
543 2278 612 2313 cum
630 2258 682 2315 illc
703 2258 803 2317 dicut:
827 2260 955 2339 Corripe
977 2280 1046 2317 euru
1071 2254 1327 2345 int⁰¹·f:,‘,2¹'';'‚¹,¹⁸3,¹;

64 2354 109 2403 'te
147 2355 177 2400 ct
210 2344 316 2419 ipsum.
360 2340 527 2413 Utrumque
548 2340 626 2393 enim
655 2336 828 2395 laciendum
852 2353 920 2413 est,
956 2343 1035 2400 sicut
1053 2352 1085 2399 et
1099 2342 1147 2397 iu·
1160 2359 1230 2391 erus.

70 2424 232 2487 firmitatis
263 2420 420 2475 diversitas
451 2420 594 2475 adrnonct
615 2438 735 2491 eorum,
774 2440 853 2498 quos
875 2424 982 2499 utiquc
997 2443 1060 2479 non
1078 2441 1151 2501 per-

10 2492 44 2533 :
73 2505 220 2575 claudos,
250 2501 303 2560 sed
324 2500 535 2580 corrigendos,
564 2500 777 2580 curandosque
799 2505 995 2583 suscepimus,
1024 2516 1056 2563 et
1075 2503 1152 2563 elisis

15 2578 45 2613 ’ί
80 2591 149 2659 sic,
182 2586 258 2645 alius
290 2595 388 2643 autem
421 2586 465 2641 sic
489 2583 638 2641 sanandus
657 2596 716 2642 est:
742 2587 783 2644 ita
802 2588 893 2645 ctiam
915 2597 960 2645 est
992 2589 1070 2645 ratio
1090 2586 1155 2645 dis-

43 2668 49 2697 ''
77 2670 243 2731 simulandi
275 2681 308 2726 et
341 2667 488 2727 tolerandi
521 2665 616 2725 malos
643 2668 674 2725 in
705 2668 861 2729 Ecclesia:
903 2682 935 2730 et
970 2681 1018 2729 est
1044 2690 1149 2730 rursus

10 2748 53 2791 ⁶
78 2756 160 2815 ratio
181 2751 347 2833 castigandi
376 2764 407 2811 et
428 2752 624 2833 corrigendi,
649 2772 710 2811 non
732 2753 935 2832 admittendi,
957 2753 1040 2815 vela
1061 2772 1149 2813 coru-

47 2840 57 2867 '⁵
79 2839 226 2897 munione
246 2836 428 2898 removendi.

164 2934 196 2987 3.
237 2917 494 2979 AUGUS'l'lNUS
524 2920 558 2978 1..
586 2918 642 2978 111.
666 2933 747 2981 eant.
766 2943 815 3004 ep.
836 2918 985 2985 Parmani.
1007 2944 1074 3005 eap-
1095 2936 1148 2989 20²

10 2998 156 3077 feam
183 3004 313 3085 qumque
340 3003 493 3078 l'rat'rum,
530 3002 560 3062 id
583 3003 909 3077 est‚Ch1·istianorum
934 3011 1013 3067 intus
1031 3010 1062 3066 in
1085 3006 1148 3066 Ec-
1159 3035 1257 3091 Quande
1274 3038 1325 3079 Μ

10 3092 34 3127 ¹
55 3088 189 3149 'clesiae
212 3089 354 3146 socictate
383 3091 634 3163 constitutorum,
663 3090 694 3147 ia
713 3089 817 3171 aliquo
840 3092 892 3151 tali
908 3104 1033 3175 peccato
1055 3090 1205 3151 snerit¹¹⁰¹
1228 3086 1311 3127 ‘¹⁰⁸‘ss

10 3162 309 3253 *deprehensum
340 3182 374 3229 ut
392 3170 577 3231 anathemate
599 3172 709 3253 dignus
729 3173 899 3253 habeatur,
926 3174 980 3236 liat
1002 3175 1073 3251 lroc,
1094 3136 1309 3235 ubiillitllm

10 3238 248 3339 <perieulum
271 3253 440 3316 schismatis
460 3255 577 3315 nullum
597 3269 652 3327 est,
671 3270 763 3337 atque
783 3258 814 3318 id
834 3281 904 3319 cum
921 3282 956 3321 ea
975 3259 1148 3335 dilectione,

31 3318 114 3401 lsic
145 3359 206 3419 qua
233 3342 296 3419 ipse
321 3340 394 3399 alibi
421 3349 582 3422 praecipit,
611 3340 734 3403 dicens:
764 3354 798 3401 ut
819 3344 975 3404 inimicam
1000 3364 1060 3402 non
1080 3364 1323 3419 mmmmm

44 3426 272 3497 ,existimetis,
300 3424 353 3481 sed
385 3426 532 3505 corripite
566 3435 599 3482 ut
631 3424 764 3485 l'ratrcm.
815 3426 884 3487 Nou
913 3434 991 3488 enim
1015 3428 1086 3487 estis
1108 3427 1148 3488 ad

10 3496 23 3529 ²
45 3506 316 3581 eradicandum,
354 3508 407 3566 sed
427 3508 467 3569 ad
485 3508 707 3590 corrigendum.
758 3511 851 3587 Quod
876 3514 901 3571 si
918 3533 950 3572 se
969 3533 1034 3571 non
1051 3531 1149 3597 agno-

10 3656 13 3663 ,
44 3592 181 3663 ierit,
219 3612 317 3671 neque
346 3592 533 3673 poenitendo
561 3595 739 3669 correxerit,
776 3601 840 3679 ipse
874 3596 955 3656 foras
983 3599 1084 3671 exiet,
1121 3606 1152 3657 et

10 3678 13 3743 j
42 3690 140 3819 Kc·
170 3677 329 3755 propriam
355 3675 541 3735 voluntatem
574 3674 612 3734 ab
645 3676 799 3740 Ecclesiae
834 3682 949 3740 unitate
980 3681 1149 3741 dirimetur.

100 3778 158 3819 am
192 3769 222 3817 et
256 3760 320 3839 ipse
348 3759 496 3818 Dominus
528 3781 597 3819 eum
628 3763 721 3819 servis
743 3763 914 3823 volentibus
938 3766 1045 3823 zizania
1061 3764 1151 3823 colli·

29 3862 170 3927 -gere,
192 3842 282 3901 dixit:
306 3842 401 3902 Sinite
424 3853 557 3924 utraque
576 3866 710 3904 crescere
732 3849 885 3927 usquead
905 3869 1045 3908 messem:
1069 3870 1152 3931 prae-

52 3926 165 3987 misit
185 3946 321 4000 causam,
343 3926 467 4001 (licens,
495 3949 532 3987 ne
549 3928 636 4002 sorte,
655 3949 725 3987 cum
754 3931 845 3991 vultis
867 3931 1011 4016 colligere
1030 3933 1149 4008 zizania,
1161 3962 1243 4003 m,
1261 3966 1305 4012 ¹3.

64 4008 244 4069 eradicetis
273 4010 360 4069 simul
383 4024 413 4070 et
432 4012 575 4071 triticum.
629 4010 689 4070 Ubi
711 4018 784 4074 satis
800 4016 949 4092 ostendit,
970 4037 1039 4074 eum
1055 4028 1150 4075 metus
1163 4018 1203 4061 ³⁰·
1219 4024 1254 4065 ⁸³·

63 4092 143 4151 iste
176 4111 237 4149 riou
260 4094 382 4168 subest,
423 4094 477 4153 sed
504 4097 626 4153 omrrino
645 4096 684 4153 ‹lc
707 4097 926 4159 liumentorum
954 4112 1036 4160 certa
1054 4100 1151 4159 stabi·

69 4172 192 4247 litate,
226 4188 307 4233 certa
337 4181 482 4236 securitas
510 4193 625 4239 manet:
656 4179 686 4237 id
711 4192 771 4257 est,
819 4184 922 4244 nando
945 4189 987 4244 ita
1003 4186 1154 4264 cujusque

59 4259 200 4319 crimen
222 4270 327 4318 notum
346 4270 391 4317 est
408 4261 550 4321 oninibus
566 4306 577 4341 ,
599 4276 630 4322 et
647 4266 789 4326 carnibus
813 4267 998 4331 exsecrabile
1015 4278 1153 4352 apparet,
