2768 4762
447 358 803 440 nacan'ooo.
1083 370 1161 444 aaa

80 564 187 632 nobis.
230 561 273 626 Et
293 582 351 625 nos
371 561 509 624 ridemus
527 574 560 626 et
578 559 795 638 testificamur,
817 557 963 642 qnoniam
984 553 1080 618 Pater
1099 553 1160 613 mi-

79 678 123 737 sit
142 672 241 736 fllium
262 693 353 733 saum
382 672 572 734 salvatorem
601 670 718 730 mundi.

139 764 316 842 'uates
347 779 425 843 1v.=
466 782 556 841 nune
586 778 664 840 dica
691 777 719 838 a
740 773 880 837 ansus=
911 769 1001 833 vaae
1022 767 1153 831 saeuo

78 889 298 974 scriptumest
320 885 612 965 enim,Dominnm
632 888 734 947 Deum
763 895 852 945 tuum
872 878 1040 956 adorabis,
1061 886 1093 938 et
1113 873 1154 934 il-
1212 896 1217 908 a

76 995 102 1058 li
123 996 183 1065 soli
211 995 332 1056 servies.
570 998 571 1002 ’

160 1103 253 1163 Luc.
275 1098 350 1161 1v.=
378 1098 580 1183 Respondens
600 1096 745 1177 sustu,
790 1095 867 1157 dixit
895 1093 957 1155 illi:
991 1091 1151 1175 Scriptum

74 1221 141 1290 cst,
162 1209 332 1273 Dominum
352 1207 452 1268 Deum
470 1220 559 1270 tunm
578 1207 744 1282 adorabis,
766 1218 797 1266 et
819 1203 865 1263 illi
885 1200 947 1262 soli
966 1202 1087 1262 servies.

160 1315 262 1378 Esai.
284 1313 421 1378 XLIV..·
449 1315 492 1375 Et
512 1336 596 1376 nunc
618 1316 694 1376 haec
716 1313 794 1375 dicit
813 1309 965 1371 Dominus
987 1325 1094 1383 creans
1117 1317 1150 1366 te

74 1423 199 1501 Jacob,
223 1437 254 1485 et
275 1423 412 1483 formans
435 1433 466 1483 te
485 1422 599 1482 lsrael:
622 1421 696 1482 Noli
717 1422 849 1495 timere,
873 1418 948 1498 qnia
968 1413 1083 1479 redemi
1106 1424 1148 1489 te,

78 1545 111 1594 et
131 1533 238 1592 vocavi
260 1543 291 1591 te
312 1509 440 1589 nomine·
459 1542 532 1596 tuo:
559 1530 646 1589 Meus
669 1549 701 1589 es
720 1539 767 1589 tn.
812 1525 890 1586 Cam
909 1522 1068 1585 transieris
1091 1538 1149 1602 per

74 1659 189 1721 aquas,
212 1650 316 1698 tecum
336 1657 409 1713 ero,
432 1648 463 1698 et
484 1627 617 1696 flumina
631 1655 695 1697 non
718 1636 862 1720 operient
881 1643 927 1693 tes
949 1650 1020 1690 cum
1040 1624 1152 1701 ambu-

77 1744 190 1805 laveris
215 1745 247 1804 in
267 1746 347 1826 igne,
370 1762 433 1804 non
459 1743 673 1822 combureris,
694 1756 726 1806 et
747 1740 867 1802 flamma
887 1758 952 1799 non
974 1732 1098 1796 ardebit
1118 1733 1152 1825 in

26 1910 42 1938 ·,
73 1861 115 1910 tc.
159 1849 241 1927 Quia
271 1870 328 1934 ego
350 1849 502 1930 Dominus
524 1837 608 1912 Deus
630 1863 703 1913 taus
737 1858 861 1910 sanctus
888 1842 985 1906 lsrael
1007 1840 1150 1903 Salvator

74 1967 156 2017 tuus.
206 1954 286 2016 Ante
319 1979 368 2017 me
400 1978 464 2019 non
497 1971 544 2020 est
565 1958 716 2020 formatus
738 1956 841 2032 Dens,
868 1960 992 2036 etpost
1011 1951 1060 2010 me
1082 1965 1148 2010 non
1246 2020 1249 2026 Δ

72 2065 142 2127 erit
184 2061 254 2148 Ego
277 2084 365 2142 sum,
387 2085 446 2149 ego
468 2085 537 2126 sum
557 2065 732 2142 Dominus,
754 2073 786 2125 et
803 2082 869 2127 non
889 2070 936 2121 est
956 2055 1075 2138 absque
1096 2073 1148 2117 Μ

70 2167 223 2233 Salvator.
265 2169 334 2255 Ego
356 2173 540 2235 annunciavi
561 2183 593 2233 et
612 2170 736 2233 salvavi.
778 2169 821 2231 Et
842 2168 882 2231 ab
903 2167 995 2228 initio
1018 2180 1077 2246 ogo
1092 2162 1146 2246 ip-

70 2295 122 2353 se,
163 2289 195 2337 et
221 2297 286 2337 non
322 2291 385 2353 est,
421 2281 477 2360 qui
497 2276 537 2339 de
557 2299 650 2340 manu
668 2299 736 2340 mea
756 2289 867 2339 eruat:
900 2269 1082 2359 operabor,
1113 2277 1145 2329 et
1224 2276 1227 2289 '

69 2384 141 2462 quis
163 2392 288 2463 avertet
301 2380 400 2441 illudi

154 2486 180 2544 Ι.
202 2486 301 2544 Tim.
322 2486 400 2545 v1.=
420 2487 584 2570 Praecipio
606 2487 666 2549 tibi
686 2508 790 2549 coram
811 2489 901 2565 Deo,
934 2487 990 2569 qni
1007 2479 1144 2546 vivificat

72 2593 193 2669 omnia,
215 2602 246 2653 et
267 2590 442 2655 CHRISTO
464 2594 580 2672 JESU,
615 2597 671 2677 qui
692 2597 903 2657 testimonium
926 2591 1064 2654 reddidit
1081 2591 1141 2653 sab

67 2699 188 2762 Pontio
220 2697 326 2762 Pilato
360 2682 475 2761 bonam
509 2700 753 2766 consessionemt
785 2715 820 2764 ut
841 2722 943 2762 serves
964 2698 1142 2761 mandatam

66 2809 134 2869 siue
165 2805 307 2891 macula,
341 2808 614 2892 irreprehensibile
644 2802 743 2893 usaue
776 2811 808 2869 in
830 2808 995 2870 adventum
1014 2807 1143 2868 Domini

67 2917 170 2975 nostri
202 2913 302 2975 JESU
332 2915 512 2978 CHRISTI:
556 2939 646 3000 quem
678 2919 742 2979 suis
771 2915 965 2999 temporibus
1000 2912 1144 2977 ostendet

66 3020 239 3110 beatuset
264 3019 349 3083 solus
372 3035 500 3108 potens,
531 3024 596 3087 ilex
625 3046 732 3110 regum
753 3037 784 3087 et
802 3023 955 3085 Dominus
978 3021 1144 3085 dominan-

64 3118 146 3190 tium
158 3172 168 3207 ,
203 3130 259 3211 qui
282 3128 367 3192 solus
399 3130 495 3194 habet
519 3133 797 3209 immortalitatem,
829 3144 860 3192 et
876 3131 980 3221 lucem
988 3127 1143 3192 inhabitat
1205 3128 1212 3137 ’

68 3235 329 3314 inaccessibilem,
352 3259 443 3320 quem
473 3238 579 3301 nullus
600 3238 761 3300 hortunam
782 3238 884 3315 vidit,
904 3238 959 3299 sed
979 3257 1036 3299 nec
1056 3235 1144 3297 vide·

70 3363 107 3404 re
124 3355 251 3429 potest,
275 3345 328 3406 cui
351 3343 505 3410 honoret
527 3348 689 3433 imperium
712 3348 938 3429 sempiternum.
981 3343 1086 3405 Amen.

150 3449 255 3512 Rom.
278 3449 355 3511 IX.:
378 3448 426 3513 Ex
452 3452 568 3557 quibus
589 3466 636 3516 est
662 3453 860 3514 CHRISTUS
882 3450 1050 3514 secuudum
1071 3470 1142 3513 car-

63 3577 138 3618 nem
150 3599 161 3634 ‚
204 3559 259 3639 qui
293 3569 340 3619 est
374 3574 469 3645 saper
501 3563 603 3624 omnia
638 3562 722 3625 Deus
755 3560 974 3622 benedictus'
965 3579 998 3620 ιιι
1032 3578 1141 3657 saecu·

69 3663 109 3725 la.
154 3662 261 3725 Amen

147 3771 296 3834 Psalm.
325 3771 519 3857 Lxxxn1.=
548 3774 629 3850 Quia
651 3771 896 3837 misericordiam
928 3787 960 3838 et
980 3775 1139 3837 veritatem

62 3876 169 3964 diligit
187 3878 292 3941 Deus:
312 3881 440 3964 gratiam
462 3893 493 3942 et
515 3879 644 3965 gloriam
666 3880 753 3942 dabit
774 3880 936 3943 Dominus.
977 3881 1048 3945 Nou
1069 3885 1138 3967 pri·

65 3984 153 4048 rabit
168 3985 260 4049 bonis
280 4009 333 4048 eos
345 4032 354 4065 ,
377 3990 433 4071 qui
458 3987 617 4050 ambulant
641 3991 674 4050 in
695 3990 892 4051 innocentia:
920 3989 1053 4053 Domine
1072 3992 1138 4050 vir-

68 4103 187 4172 tutum,
209 4093 316 4157 beatus
340 4094 459 4173 homo,
497 4099 553 4181 qui
575 4108 679 4182 sperat
702 4097 734 4155 in
758 4106 799 4160 te.
