2768 4762
186 396 190 405 ’
257 393 336 463 rso
402 358 405 363 ’
476 344 1130 456 εεειιειιιιοιιε

256 586 364 657 ceptus
385 573 481 651 tuos,‘
512 582 544 634 ει
568 572 602 632 ἱιι
632 568 746 632 dolore
767 561 879 653 paries.
931 572 995 634 Ista
1014 562 1170 656 generavit
1190 580 1224 638 io
1257 602 1340 666 gau«

181 682 185 690 ·
256 659 335 734 dio,
376 656 544 720 secuudum
569 654 669 717 illud:
706 654 868 722 Annuhtlo
891 656 981 718 robis
996 657 1151 740 vgaudium
1177 683 1226 723 ma
1270 677 1361 744 um‚'

257 741 346 825 quod
367 745 429 802 erit
451 743 535 803 omui
551 739 689 824 populo,
724 731 799 821 quia
817 739 907 802 natus
929 754 975 803 est
991 741 1080 802 vobis
1102 743 1198 806 hodie
1248 750 1338 812 alvea

257 839 332 903 tor,
355 828 408 908 qui
431 839 477 888 εει
497 825 640 887 Christus
661 823 813 885 Dominus
835 826 1010 887 incivitate
1032 826 1142 888 David.
1187 829 1245 894 Illa
1271 834 1337 898 fuit

253 912 299 987 ¹de
318 910 387 972 solo
409 912 479 972 viro
497 909 673 995 producta,
706 910 854 991 quoniam
876 908 1050 971 aedificavit
1071 912 1223 976 Dominus
1244 917 1332 979 Deus

84 1014 199 1059 osanna,
215 994 393 1067 aar-costam,
416 1015 509 1076 quam
529 993 643 1056 tulerat
664 990 702 1052 de
723 991 842 1069 Adam,
874 997 906 1055 in
928 994 1103 1056 mulieremt
1131 999 1186 1058 sed
1206 1002 1334 1083 produ.

259 1083 304 1142 xit
324 1081 424 1142 virum
453 1091 485 1140 et
506 1079 679 1139 foeminam.
734 1077 816 1137 Haec
838 1092 938 1139 autem
959 1080 1118 1163 producta
1140 1083 1202 1144 fuit
1222 1085 1262 1145 de
1283 1090 1333 1146 ri·

83 1166 299 1227 lli·'⁰·³¹·²²·ro
322 1176 354 1225 ει
377 1164 531 1241 foemina,
563 1162 617 1225 scd
650 1160 753 1223 solnm
786 1164 887 1222 virum
907 1163 1076 1246 produxits
1110 1167 1332 1242 Quiapuovum

261 1251 336 1310 fecit
362 1249 516 1308 Dominus
547 1268 643 1330 super
675 1259 805 1321 terram,
846 1247 978 1308 foemina
1002 1249 1332 1315 circumdeditvirum

82 1331 250 1423 „ffig'ss”
261 1334 377 1418 gremio
394 1333 476 1392 uteri
498 1335 553 1392 sui.
598 1331 656 1392 llla
680 1330 762 1390 dicta
784 1344 828 1391 est
852 1331 931 1406 Eva,
955 1331 1030 1392 huic
1052 1333 1169 1395 dictum
1187 1349 1234 1398 est
1250 1337 1344 1407 Aves,

196 1405 203 1418 ⁹
261 1419 334 1500 quia
354 1437 412 1499 per
433 1415 514 1477 hanc
535 1429 686 1477 mutatum
710 1427 756 1474 εει
777 1435 888 1475 nomen
910 1417 1008 1475 Evae:
1031 1416 1110 1493 Ave,
1134 1421 1246 1502 inquit,
1259 1442 1332 1501 gra.

258 1505 302 1563 tia
322 1500 430 1584 plena,
468 1501 620 1561 Dominus
642 1511 752 1560 tecum.
797 1499 891 1576 Quasi
915 1500 1049 1562 dicerets
1078 1501 1136 1562 Illa
1158 1505 1218 1565 fuit
1238 1506 1333 1590 plana

258 1598 409 1670 peccato,
431 1585 485 1645 sed
505 1597 542 1645 tu
558 1584 649 1667 plena
671 1583 788 1668 gratia}
824 1584 881 1644 llla
904 1584 964 1645 snit
984 1585 1145 1648 maledicta
1168 1590 1199 1648 in
1220 1591 1332 1651 mulie·

258 1670 370 1748 ribus,
392 1668 447 1731 sed
466 1668 629 1730 benedicta
650 1672 735 1729 tuin
755 1664 950 1729 mulieribus.
993 1670 1128 1731 Fructus
1151 1676 1265 1735 ventris
1290 1676 1332 1735 il·

259 1754 319 1815 lius
344 1755 405 1815 fuit
439 1752 618 1814 maledictus
644 1754 737 1824 Cain,
773 1752 828 1812 sed
850 1753 968 1814 fructas
989 1756 1105 1815 ventris
1127 1760 1171 1817 tui
1194 1760 1254 1819 erit
1274 1757 1333 1819 be-

259 1840 401 1900 nedictus
422 1838 553 1899 JESUS.
597 1838 640 1898 Et
656 1836 715 1898 suh
738 1834 851 1899 finem:
875 1839 947 1920 Ipsa
970 1850 1015 1899 est
1028 1840 1102 1923 crgo
1125 1862 1240 1903 aurora
1254 1864 1333 1903 con-

83 1935 406 2007 centores-surgens,
428 1921 560 2004 pulchra
583 1934 618 1981 ut
642 1920 736 1996 luna,
760 1921 855 1981 electa
877 1934 913 1982 ut
933 1922 999 2000 sol,
1034 1923 1182 1984 terribilis
1205 1939 1241 1986 ut
1262 1949 1333 1991 cas-

250 2022 385 2069 ‘trorum
408 2009 487 2066 acies
506 2006 657 2066 ordinata.
699 2005 785 2065 Luna
810 2003 892 2065 lueet
911 2009 943 2066 iu
958 2020 1070 2084 nocte,
1093 2030 1205 2069 aurora
1231 2013 1262 2069 in
1282 2013 1335 2072 di·

263 2090 391 2166 luculo,
414 2090 461 2151 sol
484 2092 515 2150 io
534 2086 594 2150 diei
637 2088 705 2150 Nou
727 2101 828 2149 autern
850 2102 896 2150 est
917 2092 1025 2174 culpa,
1061 2090 1230 2162 diluculum
1252 2116 1334 2176 poe·

260 2178 405 2251 nitentia,
440 2175 505 2234 dies
535 2175 641 2258 gratia.
685 2174 747 2249 Qui
770 2194 844 2257 ergo
865 2176 949 2255 jacet
968 2178 1000 2237 iu
1021 2190 1112 2237 nocte
1132 2177 1258 2259 caloae,
1283 2203 1335 2240 re-

251 2262 371 2345 ‘spiciat
392 2259 517 2335 lunam,
547 2258 730 2342 deprecetur
751 2259 899 2336 Mariam,
933 2273 970 2321 ut
991 2263 1132 2345 ipseper
1153 2260 1253 2322 filium
1276 2285 1333 2325 cor

86 2347 330 2426 roccarossa-ejus
353 2343 393 2404 ad
416 2348 686 2428 compunctionem
706 2342 849 2403 illustret.
906 2344 985 2420 Quis
1007 2347 1085 2406 enirn
1109 2345 1147 2407 de
1163 2360 1261 2420 ‚nocte
1284 2351 1334 2408 in·
1357 2366 1359 2370 “

86 2407 384 2499 l’ss'gff‘“'¹¹'voca,vit
415 2449 498 2504 eam,
533 2441 650 2489 et·non
678 2438 724 2487 est
745 2428 904 2488 exauditus
926 2427 966 2488 ab
989 2430 1055 2490 eal'
1077 2430 1147 2514 Ipsa
1170 2443 1215 2492 est
1236 2446 1334 2493 mater

285 2513 413 2579 ulchrae
445 2513 619 2573 dilectionis
652 2519 685 2573 'st
704 2525 824 2573 sanctae
845 2513 921 2596 spei.
965 2513 1028 2589 Qui
1049 2536 1123 2576 vero
1147 2516 1186 2576 ad
1209 2516 1334 2577 dilucu-

87 2583 247 2681 ξζὲζῖὴῶά
262 2536 329 2660 liam
349 2601 558 2682 poenitentiae
579 2617 633 2656 sur
655 2598 694 2672 it,
717 2599 862 2679 respiciat
883 2617 1044 2674 auroram,
1068 2599 1254 2683 deprecetur
1265 2602 1335 2660 Ma-

86 2683 238 2774 4⁹⁰⁰¹¹⁵¹⁰¹⁹
263 2686 359 2744 riam:
399 2694 436 2742 ut
458 2685 523 2765 ipsa
547 2702 604 2765 per
624 2619 723 2741 filium
754 2703 810 2741 cor
832 2683 899 2762 ejus
929 2681 969 2741 ad
997 2683 1237 2745 satisfactionem
1259 2684 1334 2744 illu·-

86 2741 222 2825 dmin
264 2771 369 2832 minet.
413 2768 491 2844 Quis
513 2768 592 2825 enim
611 2766 721 2826 devote
743 2767 897 2825 invocavit
917 2787 1003 2843 eam,
1035 2779 1065 2827 et
1086 2788 1150 2828 non
1174 2781 1221 2829 est
1241 2789 1335 2829 eran-

264 2854 347 2913 ditns
371 2849 408 2910 ab
440 2850 497 2910 ea?
540 2851 611 2932 Ipsa
631 2863 677 2910 est
698 2861 794 2910 mater
823 2848 974 2932 pulchrae
996 2851 1171 2916 dilectionis
1193 2864 1224 2913 ει
1243 2874 1336 2913 sanc-

262 2950 311 2998 tae
330 2938 404 3016 spei.
449 2934 531 3010 Quia
552 2955 627 2995 vero
655 2933 764 2993 militia
785 2947 830 2995 est
850 2935 913 2994 vita
935 2934 1069 2997 hominis
1091 2957 1186 3019 super
1207 2949 1332 3013 terram,

263 3022 348 3102 (nam
369 3020 501 3079 mundus
523 3024 644 3102 positus
665 3031 711 3079 est
732 3020 763 3077 in
783 3017 936 3101 malignos
966 3041 1041 3082 caro
1061 3023 1256 3104 concupiscit
1278 3023 1336 3082 ad-

88 3104 195 3149 sousa.
263 3127 368 3165 versus
400 3107 563 3186 spiritum,
587 3101 696 3164 oculus
723 3102 929 3186 depraedatur
952 3107 1099 3182 animam,
1121 3125 1206 3165 mors
1229 3108 1335 3190 ingre·

87 3164 107 3197 ι.
120 3155 187 3193 Jnan.
198 3159 248 3196 5ει9.

89 3205 157 3244 nnn
175 3200 240 3246 un·
264 3192 350 3251 ditur
380 3208 438 3271 per
467 3187 630 3250 fenestras:
666 3207 722 3246 nec
750 3201 795 3248 εει
819 3187 909 3249 nobis
932 3189 1112 3252 colluctatio
1134 3201 1253 3257 tantuna
1277 3190 1336 3251 ad-

88 3254 239 3344 irill.⁰i‡⁸ai¹'
264 3295 370 3334 versus
393 3294 513 3333 carnem
535 3274 568 3334 ει
601 3277 799 3354 sanguineus
830 3273 883 3333 sed
905 3272 1050 3336 adversus
1082 3273 1257 3358 spiritualia
1279 3296 1335 3335 ne·

89 3351 239 3444 {lssssfgfgssj
266 3361 382 3440 quitiae
416 3360 447 3417 in
474 3356 672 3430 caelestibus,
710 3357 855 3419 adversus
876 3371 1028 3418 rectorem
1048 3357 1248 3420 tenebrarum
1277 3357 1335 3419 ha·

88 3449 133 3503 Qui
147 3455 241 3534 ἕω
266 3465 343 3504 rum.
399 3441 601 3504 Adversarius
634 3442 713 3500 enim
736 3455 843 3503 noster
873 3442 1016 3505 diabolus
1038 3456 1184 3524 tanquam
1206 3441 1256 3502 leo
1278 3463 1334 3502 ru·

87 3505 242 3589 iliiseaiifm
266 3531 348 3612 piens
366 3529 495 3604 circuit,
518 3547 665 3609 quaerens
682 3547 774 3606 quem
796 3525 937 3604 devoret)
961 3530 1142 3610 quicunqne
1160 3530 1254 3587 sentit
1275 3530 1333 3586 im·

86 3596 483 3697 fiilistssftlllpugnatioucm
508 3611 547 3670 ab
575 3610 719 3672 hostibus
745 3609 793 3670 vel
814 3631 832 3670 a
853 3610 994 3688 mundo,
1015 3613 1064 3672 vel
1087 3633 1230 3689 acerne,
1253 3611 1335 3673 vela

90 3694 238 3739 ‘mm
265 3698 430 3773 daemone,
467 3697 612 3778 respiciat
637 3707 811 3756 castrorum
843 3697 939 3757 aciem
959 3696 1152 3774 ordinatam,
1186 3697 1337 3779 deprece-

263 3796 318 3844 tur
340 3783 487 3857 Mariam',
509 3792 545 3840 ut
565 3782 631 3862 ipsa
659 3800 717 3865 per
743 3775 843 3840 filium
865 3783 968 3843 mittat
982 3781 1130 3842 auxilium
1151 3780 1191 3842 de
1216 3794 1336 3860 sancto,

264 3879 296 3929 et
322 3867 360 3926 de
381 3866 456 3925 Sion
485 3874 618 3925 tueatur.

348 3964 378 4018 6.
401 3947 645 4010 BERNARDUS
657 3947 740 4010 hom.
755 3960 785 4015 ι.
800 3949 838 4010 de
850 3947 933 4009 laad.
944 3951 993 4009 vir
1014 3993 1022 4009 .
1035 3949 1109 4010 Mat
1123 3949 1316 4034 supMissus
1330 3974 1338 4010 ε

265 4035 364 4095 Curre
387 4033 453 4092 Era
485 4032 524 4092 ad
543 4033 693 4110 Mariam,
716 4053 807 4094 curre
841 4046 938 4094 mater
969 3970 1013 4094 ad
1039 4031 1154 4111 fultam,
1191 4030 1256 4094 filia
1273 4056 1339 4119 pro

263 4132 361 4182 matre
393 4117 594 4199 respondeat,
627 4119 694 4202 ipsa
729 4119 834 4178 matris
859 4117 1070 4203 opprobrium
1091 4119 1230 4181 auferat:
1270 4121 1339 4203 ipsa

263 4205 346 4289 patri
382 4222 442 4285 pro
475 4215 571 4263 matre
603 4201 789 4263 satisfaciat:
823 4205 895 4284 quia
915 4225 985 4264 ecee
1015 4205 1041 4263 si
1072 4205 1122 4263 vir
1142 4202 1257 4267 cecidit
1279 4225 1340 4289 per

265 4288 445 4364 l'oemiuam,
466 4287 531 4376 jam
553 4305 618 4349 nou
637 4287 788 4372 erigitur,
810 4288 869 4350 nisi
890 4307 949 4374 per
963 4288 1139 4351 foeminam.
1182 4287 1270 4367 Quid
1288 4288 1342 4351 di·
