2768 4762
211 332 319 473 sno
523 389 627 456 nn
661 354 915 465 enarrare
945 388 1010 455 nr

241 577 324 663 [enim
351 578 412 640 Dei
446 567 537 658 sunt,
571 580 604 639 in
631 579 694 640 hoc
726 581 827 663 ipsum
858 578 1032 640 servientes.
1085 571 1226 635 Reddite
1248 596 1322 660 erpo

212 758 215 763 p
244 686 388 749 omnibus
420 685 547 748 debita:
581 688 632 746 eni
664 685 838 765 tributum,
858 686 1045 748 ·tribntum:
1083 682 1136 742 cui
1167 685 1312 768 vectigal,

245 794 392 878 vectigal:
415 787 465 854 cui
487 796 645 872 timorem,
668 797 825 859 timorem:
848 777 907 854 cui¹
921 792 1091 868 bonorem,
1112 788 1284 851 honorem.

327 924 453 985 Hebr.
475 923 587 988 x111.2
622 924 756 987 Obedite
786 925 974 1008 praepositis
1003 923 1134 1001 vestris,
1162 933 1196 982 et
1212 923 1321 1004 subja·

245 1046 312 1095 cete
341 1036 395 1099 eis.
452 1034 516 1116 Ipsi
542 1036 622 1092 enim
650 1031 852 1115 pervigilant,
884 1031 973 1114 quasi
996 1031 1149 1088 'rationem
1168 1050 1234 1111 pro
1257 1032 1321 1090 ani-

242 1141 350 1223 mabus
374 1141 482 1229 vestris
521 1139 695 1199 reddituri:
735 1151 771 1199 ιιι
795 1160 865 1198 cum
902 1139 1016 1222 gaudio
1035 1135 1097 1197 boc
1122 1136 1261 1214 saciant,
1292 1150 1320 1199 ct

241 1250 306 1310 non
322 1259 482 1332 gementes.
528 1245 597 1305 Hoc
619 1249 699 1305 enim
717 1266 781 1305 non
803 1245 925 1328 expedit
944 1241 1041 1302 vobis.

323 1377 385 1438 Tit.
416 1375 491 1445 ΙΙΙ.)
530 1372 672 1437 Admone
706 1374 777 1436 illos
815 1373 1012 1480 principibus
1035 1374 1081 1434 *et
1108 1348 1317 1458 potestatibus

241 1479 500 1559 subditos'esse,
534 1484 619 1544 dicto
651 1483 803 1559 obedire,
835 1482 874 1544 ad
900 1504 989 1543 omne
1011 1502 1092 1565 opus
1121 1480 1248 1541 bonum
1265 1503 1318 1566 pa-

241 1606 325 1669 ratos
349 1613 431 1669 esse,
466 1593 617 1693 neminem
637 1590 860 1675 blasphemare.
913 1600 918 1631 ¹

324 1724 377 1784 Et
398 1722 456 1782 ΙΙ.ι
488 1720 605 1806 §srvos
645 1720 775 1784 hortare
807 1721 939 1783 dominis
976 1718 1039 1778 suis
1076 1715 1225 1779 subditos
1248 1739 1316 1794 esse,

241 1834 274 1894 in
293 1829 437 1893 omnibns
460 1828 631 1912 placentes,
653 1850 716 1889 nnn
739 1829 1005 1891 contradicentes:
1032 1845 1096 1911 non
1126 1824 1315 1900 fraudantes,

242 1939 294 2000 sed
310 1941 342 1998 in
365 1933 508 1996 omnibus
526 1933 618 1996 fidem
634 1935 748 1997 bonarn
774 1935 988 2011 ostendentes,
1014 1934 1051 1992 ιιι
1065 1932 1244 2012 doctrinam
1260 1931 1316 1993 sal·

240 2045 357 2106 satoris
383 2043 482 2102 nostri
500 2042 558 2100 Dei
579 2053 691 2103 ornent
715 2045 746 2103 in
764 2044 923 2105 omnibus.

324 2172 349 2232 Ι.
371 2171 462 2232 Tim.
486 2170 551 2232 ΙΙ..·
573 2171 713 2235 Obsecro
740 2175 835 2256 igitur
850 2177 985 2255 primum
1006 2171 1137 2232 omnium
1153 2163 1228 2226 fieri
1255 2166 1318 2227 ob·

241 2280 448 2356 secretiones,
484 2281 660 2357 orationes,
699 2279 947 2363 postulationes,
982 2279 1149 2363 gratiarum
1177 2276 1312 2335 actiones

239 2408 301 2472 pro
328 2385 473 2447 omnibus
492 2385 702 2461 hominibus,
733 2410 793 2472 pro
818 2374 942 2472 regibus
964 2398 994 2447 ct
1018 2385 1182 2460 omnibns,
1216 2383 1304 2463 quiin

237 2493 428 2574 'sublimitate
456 2508 544 2556 sunt:
581 2509 617 2557 ut
639 2500 773 2579 quietam
803 2509 834 2556 et
854 2493 1055 2576 tranquillam
1074 2493 1171 2551 vitam
1196 2508 1309 2572 agamus

241 2601 273 2660 in
300 2604 382 2661 omni
415 2603 528 2685 pietate
555 2610 590 2665 'et
622 2607 769 2664 castitate.
826 2603 895 2663 lloc
924 2603 1003 2661 enim
1041 2590 1165 2661 bonnm
1198 2609 1258 2673 est,
1284 2606 1313 2653 et

241 2722 401 2805 acceptum
419 2732 522 2771 coram
541 2709 692 2770 salvatore
716 2720 824 2770 nostro
846 2708 925 2768 Deo.

324 2838 380 2903 Et
411 2837 482 2904 VL:
514 2824 701 2922 Quicunque
729 2851 802 2899 sunt
829 2836 992 2922 subjugo
1028 2839 1134 2912 servi,
1173 2836 1312 2897 dominos

239 2968 312 3008 suos
340 2948 423 3006 omni
453 2947 576 3007 bonore
606 2948 716 3030 dignos
742 2945 957 3007 arbitrentur·
991 2966 1029 3004 ne
1051 2964 1167 3004 nomen
1188 2914 1311 3003 Domini

239 3068 270 3115 et
297 3055 441 3114 doctrina
465 3053 704 3138 blasphemetur.
749 3055 812 3130 Qui
836 3066 937 3113 autem
956 3049 1061 3139 fideles
1074 3049 1196 3111 habent
1215 3049 1313 3110 domi·

238 3183 317 3240 nos,
352 3182 415 3222 non
446 3173 667 3251 contemnant,
706 3163 779 3244 quia
808 3161 918 3222 sratres
943 3173 1030 3221 sunt.
1053 3156 1108 3219 sed
1129 3160 1230 3242 magis
1251 3179 1312 3218 ser·

236 3272 341 3347 siant,
376 3270 450 3349 quia
468 3265 574 3328 fideles
600 3283 671 3329 sunt
695 3282 726 3329 et
748 3269 870 3347 dilecti,
901 3269 954 3350 qui
974 3262 1118 3383 beneficii
1144 3266 1309 3350 participes

236 3388 318 3435 snnt.
362 3374 443 3435 Haec
473 3372 569 3453 doce,
592 3388 622 3436 et
643 3375 816 3437 exhortare.
1351 3355 1353 3473 l

319 3490 344 3575 Ι.
365 3515 476 3577 Petr.
509 3519 566 3578 IL:
605 3519 746 3599 subjecti
781 3527 880 3577 estote
911 3515 995 3575 omni
1036 3511 1192 3574 hnmanae
1230 3531 1312 3572 crea·

236 3634 325 3681 turae
355 3637 487 3707 propter
517 3626 633 3685 Deum:
667 3627 729 3686 sive
759 3626 845 3706 regi,
872 3625 959 3704 quasi
992 3610 1213 3705 praecellenti:
1255 3623 1311 3679 siae

237 3726 388 3806 ducibus,
426 3743 573 3814 tanquam
589 3734 628 3793 ab
645 3757 681 3796 eo
701 3736 798 3794 missis
818 3729 856 3790 ad
878 3731 1043 3790 vindictam
1066 3728 1311 3799 malefactorum,

236 3835 359 3896 laudem
385 3859 457 3898 vero
481 3839 657 3903 bonorum·
684 3844 757 3943 qtq'a
778 3841 821 3899 sic
843 3852 888 3899 est
906 3838 1048 3899 voluntas
1072 3835 1142 3910 Dei,
1169 3849 1205 3896 nt
1222 3835 1313 3895 bene

237 3944 382 4006 facientes
401 3946 613 4011 obmutescere
636 3950 753 4012 faciatis
779 3946 1020 4030 imprudentium
1043 3934 1234 4003 hominum'
1226 3963 1315 4026 agno·

236 4055 382 4112 rentiam·
415 4059 501 4134 quasi
526 4056 640 4135 liberi,
679 4070 711 4117 et
733 4076 796 4116 non
818 4055 905 4136 quasi
924 4051 1059 4111 velamen
1082 4048 1237 4121 babentes
1257 4070 1317 4110 ιιιι·

236 4156 321 4219 litiae
350 4156 543 4239 libertatem,
582 4164 636 4226 scd
666 4166 745 4226 sicut
780 4163 860 4222 servi
895 4159 965 4220 Dei.
1010 4158 1124 4221 Omnes
1146 4156 1316 4231 honorate,

64 4272 68 4279 ’
146 4328 155 4344 ,
233 4265 459 4337 fraternitatem
486 4268 624 4356 diligite,
661 4273 763 4335 Deum
790 4271 911 4345 timete,
953 4284 1056 4352 regem
1093 4262 1317 4331 honorificae
