2752 4770
1195 301 1210 330 ἱ

262 407 342 477 404
519 393 600 462 ΒΕ
633 382 1090 457 ῬΜ-ΕΩΕΡΉε

266 596 302 643 ut
321 581 367 641 vel
389 579 493 640 nullus
515 598 661 722 prorsus,
696 574 745 637 rel
762 593 825 633 non
844 571 921 633 tales
940 569 1054 632 habeat
1073 571 1267 653 defensores,
1289 601 1335 662 per

267 688 344 748 qnos
366 667 462 748 possit
481 685 513 724 sc
539 665 612 722 isma
630 663 823 742 contingere,
847 677 912 717 non
929 656 1062 716 dormiat
1083 663 1234 720 severitas
1253 663 1335 723 disci·

266 751 377 834 plicae,
400 752 431 807 in
449 768 511 830 qna
524 759 608 806 tanto
628 757 674 807 est
686 744 837 804 efficacior
851 742 1024 801 emendatio
1036 747 1212 824 pravitatis,
1224 750 1334 827 quando

91 853 184 902 rnna·
201 863 255 893 con·
269 835 481 915 diligentiori·
505 829 697 894 confirmatio
718 828 862 889 caritatis.
905 827 1107 886 liincnutcm
1119 827 1184 889 hoc
1199 839 1266 891 sine
1280 833 1333 893 labe

92 902 202 945 ''¹''²¹⁰‘
268 921 352 1002 pacis
370 931 401 977 et
426 918 573 992 unitatis,
601 928 633 975 ct
651 916 717 974 sine
741 912 872 973 laesione
890 911 1118 970 frumentorum
1142 912 1213 975 ficri
1235 931 1327 998 potest,

269 1024 339 1062 cum
359 1001 601 1084 congregationis
623 998 778 1058 Ecclesiae
793 995 960 1056 multitudo
981 995 1021 1054 nl)
1039 1017 1077 1055 eo
1104 1000 1258 1072 crimine,
1282 1024 1331 1083 quo

269 1087 562 1159 connominatur,
596 1083 694 1143 aliena
723 1093 776 1143 est.
831 1081 919 1138 Tunc
938 1082 1017 1139 enim
1040 1081 1174 1161 adjuvat
1188 1091 1333 1169 praeposi·

270 1186 335 1231 tum
369 1173 473 1252 potins
498 1169 729 1251 corripientem,
771 1186 864 1249 qnam
890 1167 1086 1236 criminosum
1107 1170 1302 1231 resistentem

106 1291 257 1348 Epmpffi,
356 1269 384 1322 n.
428 1251 668 1313 GREGORIUS
690 1251 773 1337 home
795 1265 845 1318 26.
868 1252 899 1308 in
912 1248 1099 1332 Evangelia:
1124 1251 1333 1335 Apostolorum

92 1341 414 1432 p⁰=¹⁰¹pu¹¹¹ntprolccto
442 1357 523 1397 nunc
551 1341 582 1397 in
604 1335 741 1396 Ecclesia
774 1335 929 1418 Episcopi
946 1333 1047 1393 locum
1069 1348 1202 1398 teuent:
1240 1341 1331 1423 ligandi

91 1406 247 1484 sidiarii&
273 1441 366 1508 atquc
393 1421 530 1483 solvendi
549 1423 763 1482 anctoritatem
786 1419 974 1499 suscipiunt,
998 1421 1053 1499 qui
1073 1423 1213 1503 gradum
1231 1427 1329 1509 regini·

273 1514 320 1571 nis
342 1512 529 1569 sortiuntur.
587 1506 721 1567 Grandis
757 1505 878 1580 honor,
912 1502 964 1563 sed
990 1524 1087 1584 greve
1111 1505 1246 1588 pondus
1269 1516 1326 1571 nnn

272 1610 319 1656 est
342 1594 480 1652 lionoris.
533 1592 654 1651 Durum
676 1593 880 1672 quippeest,
911 1590 1015 1667 utqui
1031 1595 1142 1652 nescit
1160 1605 1328 1655 tenerem·

272 1681 426 1740 dernrnina
447 1679 526 1737 vitae
550 1697 642 1751 suae,
672 1676 767 1755 judex
791 1675 871 1732 vitae
894 1670 949 1731 fiat
971 1672 1101 1732 alienae.
1154 1677 1198 1738 Et
1243 1679 1331 1741 lemm-

272 1787 333 1846 qne
362 1764 532 1844 contingit,
565 1773 601 1820 nt
629 1759 682 1818 hic
710 1759 822 1840 judicii
845 1758 945 1817 locum
968 1768 1098 1834 tenent,
1124 1763 1176 1821 cni
1193 1702 1333 1826 edinen

270 1854 332 1909 vitu
368 1838 489 1906 minime
518 1844 700 1905 concorden·
748 1842 793 1902 Ac
822 1843 969 1925 proinde>
985 1860 1080 1923 saepe
1105 1848 1228 1928 agitur,-
1254 1863 1288 1910 nt
1301 1845 1336 1908 rel

271 1932 619 2004 damnet-iinmeritos,
659 1926 707 1989 vel
736 1927 810 1988 alios
830 1928 895 2011 ipse
915 1924 1025 2010 ligatus
1059 1929 1176 1993 solvat.
1207 1935 1335 2016 Saepein

271 2016 426 2076 solvendis
462 2034 498 2073 ac
536 2014 666 2096 ligandis
694 2011 827 2073 subditis
854 2033 924 2071 sune
943 2011 1123 2074 voluntatis
1147 2033 1257 2092 motus,
1276 2035 1327 2074 nen

269 2112 369 2159 nutem
390 2116 552 2156 cansarum
571 2099 678 2156 merita
704 2097 844 2178 sequitur
860 2108 916 2154 etc.
968 2095 1093 2165 Causae
1118 2121 1181 2181 ergo
1205 2118 1327 2180 pensan·

269 2183 326 2243 dac
347 2193 438 2257 sunt,
474 2192 505 2240 et
526 2193 601 2240 tunc
631 2181 745 2263 ligandi
766 2192 857 2260 atque
883 2179 1023 2240 solvendi
1050 2196 1181 2264 potestas
1197 2201 1328 2242 suacen-

270 2268 325 2327 da:
351 2265 522 2338 'ridendum
555 2277 615 2342 est,
647 2262 725 2347 qnae
755 2264 865 2348 culpa,
900 2278 951 2325 eut
980 2284 1063 2344 quae
1100 2271 1139 2329 sit
1156 2268 1326 2352 poenitentia

276 2366 379 2411 scente
394 2345 467 2433 post
488 2351 626 2434 culpam:
643 2364 680 2410 'et
698 2370 777 2432 qnos
791 2351 984 2429 omnipotens
1002 2350 1095 2412 Deus
1114 2375 1168 2436 per
1180 2363 1326 2436 'compunc-

275 2439 369 2497 tionis
409 2438 537 2518 gratiam
572 2437 689 2509 visitet,
735 2434 804 2494 illos
841 2438 974 2517 pastoris
1006 2440 1165 2498 sententia
1206 2437 1324 2498 absolvat
1365 2432 1371 2444 ’

275 2516 362 2581 'hinc
388 2524 467 2579 enim
492 2540 561 2580 veru
579 2533 625 2581 est
640 2519 797 2580 absolutio
822 2521 1040 2601 praesidentis,
1071 2543 1145 2581 cnm
1169 2526 1278 2583 aeterni
1294 2542 1330 2579 n-

274 2606 405 2665 bitrium
438 2608 578 2687 sequitur
614 2605 739 2686 judicis.
798 2604 839 2664 Et
868 2604 1027 2664 nonnullis
1056 2607 1254 2688 interjectis:
1286 2603 1328 2663 sed

118 2719 242 2762 sunum
275 2704 378 2751 utrum
395 2693 477 2770 juste
505 2711 542 2749 un
563 2691 678 2770 injuste
704 2687 821 2771 obliget
845 2701 970 2771 pastor,
993 2693 1136 2768 pastoris
1162 2706 1262 2752 tamen
1281 2710 1329 2749 sen·

100 2772 374 2867 issjffssil⁸'¹{{f‘l⁰nlll¹
406 2777 490 2857 gregi
510 2774 643 2834 timenda
671 2786 732 2850 est,
755 2793 792 2831 ne
810 2775 850 2849 is,
873 2775 925 2855 qui
940 2773 1070 2848 subest,
1095 2787 1223 2836 etcum
1245 2777 1329 2856 injuste

100 2847 242 2914 nenm'm.
279 2861 410 2921 forsitan
440 2860 574 2942 ligatur,
605 2861 701 2940 ipsam
725 2856 921 2942 obligationis
938 2879 1009 2917 snae
1030 2863 1223 2921 sententiam
1247 2857 1326 2920 exalia

279 2938 371 3028 culpa
387 2957 549 3004 merentur.
595 2942 706 3003 Pastor
721 2962 794 3025 ergo
812 2941 859 3000 vel
880 2940 1039 3023 absolvere
1061 2943 1238 3006 indiscrete
1255 2949 1325 3004 timeat

278 3030 324 3089 vel
361 3030 462 3112 ligare.
513 3029 542 3087 Is
576 3040 698 3105 autem,
732 3029 786 3108 qui
815 3023 874 3086 snb
892 3047 984 3085 manu
1004 3028 1144 3109 postoris
1176 3043 1240 3105 est,
1266 3023 1321 3108 ligni

278 3116 382 3174 timent
407 3113 454 3173 vel
479 3115 612 3193 injuste:
644 3132 701 3173 nec
715 3112 843 3195 postoris
871 3115 918 3171 sni
938 3111 1095 3191 judicium
1115 3124 1237 3173 temere
1252 3127 1324 3192 repit·

280 3198 410 3274 hendat‚
432 3217 492 3272 ne,
517 3200 572 3255 etsi
603 3198 718 3278 injuste
736 3196 846 3279 ligatus
862 3208 915 3271 est,
938 3215 971 3253 ex
993 3197 1059 3278 ipsa
1087 3198 1231 3258 tumidae
1249 3211 1326 3278 repn-

280 3283 437 3343 hcnsionis
465 3280 629 3362 snperbia,
665 3281 771 3364 culpa,
794 3302 872 3362 quae
888 3301 949 3339 nnn
975 3284 1055 3354 ertit,
1078 3277 1145 3340 fiat

103 3396 270 3440 tusculum·-
366 3381 395 3433 5.
439 3365 766 3426 CHllYSOSTOMUS
806 3367 839 3425 L.
872 3367 929 3428 Ill.
957 3365 995 3424 de
1025 3364 1182 3424 sacerd:
1238 3362 1330 3424 Haben

105 3446 223 3487 ⁶⁰¹⁶⁰¹¹¹¹¹¹
238 3449 408 3531 equidem
436 3464 467 3511 et
496 3461 654 3510 terrestres
687 3452 841 3532 principes
872 3450 985 3508 vinculi
1006 3461 1216 3531 potestatem,
1251 3463 1332 3506 vernn

105 3506 152 3553 um
180 3499 272 3550 attingit

104 3554 211 3630 aprugn-
285 3556 449 3615 corporum
479 3534 586 3593 solnm.
639 3531 677 3592 ld
706 3547 820 3609 autem,
852 3535 937 3615 qnod
964 3534 1035 3593 dico
1064 3535 1266 3595 sacerdotnm
1287 3532 1336 3587 rin·

104 3605 249 3698 ...illidi
285 3619 401 3695 culum,
435 3621 529 3701 ipsum
549 3620 637 3678 etiam
655 3620 783 3677 animam
803 3621 953 3700 contingit
966 3642 979 3693 ,¹
1004 3630 1098 3698 utque
1121 3619 1165 3678 ad
1180 3618 1280 3679 caelos
1299 3630 1338 3670 11⁵·

98 3687 272 3778 22222J¹⁸⁰⁰ffi
285 3724 344 3784 que
370 3703 534 3785 pervaditz
558 3722 667 3784 nsque
692 3703 791 3779 adeo,
816 3716 850 3763 ut
874 3722 1075 3784 quaecunque
1097 3703 1243 3764 infernae
1258 3714 1339 3762 sacer

284 3787 371 3846 dotes
389 3788 594 3862 confecerint,
617 3786 670 3846 illa
690 3788 794 3848 eadem
818 3789 903 3846 Deus
924 3791 1057 3869 'superne
1079 3798 1147 3846 rata
1165 3786 1293 3860 habent,
1317 3797 1339 3838 κ

283 3889 442 3931 serrorum
468 3874 647 3931 sententiam
670 3872 823 3933 Dominus
845 3870 1016 3933 confirmet
1059 3869 1160 3933 Plura
1185 3864 1340 3935 testimonii

281 3954 352 4017 ride
378 3975 473 4040 supra
492 3955 531 4019 de
557 3954 725 4036 symbolo,
745 3967 876 4042 quaest,
889 3967 938 4026 18.
