<?xml version="1.0" encoding="UTF-8"?>
<!DOCTYPE html PUBLIC "-//W3C//DTD XHTML 1.0 Transitional//EN"
    "http://www.w3.org/TR/xhtml1/DTD/xhtml1-transitional.dtd">
<html xmlns="http://www.w3.org/1999/xhtml" xml:lang="en" lang="en">
 <head>
  <title>
</title>
<meta http-equiv="Content-Type" content="text/html;charset=utf-8" />
  <meta name='ocr-system' content='tesseract 3.04.00' />
  <meta name='ocr-capabilities' content='ocr_page ocr_carea ocr_par ocr_line ocrx_word'/>
</head>
<body>
  <div class='ocr_page' id='page_1' title='image "./summadoctrinaec00kanigoog_0402.png"; bbox 0 0 2768 4762; ppageno 0'>
   <div class='ocr_carea' id='block_1_1' title="bbox 363 339 1152 505">
    <p class='ocr_par' dir='ltr' id='par_1_1' title="bbox 363 339 1152 505">
     <span class='ocr_line' id='line_1_1' title="bbox 363 339 1152 505; baseline -0.003 -42"><span class='ocrx_word' id='word_1_1' title='bbox 363 348 393 493; x_wconf 45' lang='lat' dir='ltr'>s</span> <span class='ocrx_word' id='word_1_2' title='bbox 431 391 787 505; x_wconf 72' lang='lat' dir='ltr'><strong>nncsnoeo·</strong></span> <span class='ocrx_word' id='word_1_3' title='bbox 1031 339 1152 483; x_wconf 66' lang='lat' dir='ltr'><strong>[sar</strong></span> 
     </span>
    </p>
   </div>
   <div class='ocr_carea' id='block_1_2' title="bbox 44 562 1144 772">
    <p class='ocr_par' dir='ltr' id='par_1_2' title="bbox 44 562 1144 772">
     <span class='ocr_line' id='line_1_2' title="bbox 44 562 1144 664; baseline -0.011 -9"><span class='ocrx_word' id='word_1_4' title='bbox 44 592 176 664; x_wconf 65' lang='lat' dir='ltr'><strong>Servi,</strong></span> <span class='ocrx_word' id='word_1_5' title='bbox 213 583 332 648; x_wconf 85' lang='lat' dir='ltr'><strong>subditi</strong></span> <span class='ocrx_word' id='word_1_6' title='bbox 370 594 469 647; x_wconf 87' lang='lat' dir='ltr'><strong>estote</strong></span> <span class='ocrx_word' id='word_1_7' title='bbox 510 583 544 643; x_wconf 91' lang='lat' dir='ltr'><strong>in</strong></span> <span class='ocrx_word' id='word_1_8' title='bbox 571 581 656 642; x_wconf 86' lang='lat' dir='ltr'><strong>omni</strong></span> <span class='ocrx_word' id='word_1_9' title='bbox 678 581 791 642; x_wconf 87' lang='lat' dir='ltr'><strong>timore</strong></span> <span class='ocrx_word' id='word_1_10' title='bbox 817 562 968 659; x_wconf 81' lang='lat' dir='ltr'><strong>dominis,</strong></span> <span class='ocrx_word' id='word_1_11' title='bbox 992 600 1058 644; x_wconf 90' lang='lat' dir='ltr'><strong>non</strong></span> <span class='ocrx_word' id='word_1_12' title='bbox 1073 592 1144 644; x_wconf 86' lang='lat' dir='ltr'><strong>tan-</strong></span> 
     </span>
     <span class='ocr_line' id='line_1_3' title="bbox 64 688 833 772; baseline -0.017 -8"><span class='ocrx_word' id='word_1_13' title='bbox 64 714 133 764; x_wconf 87' lang='lat' dir='ltr'><strong>tum</strong></span> <span class='ocrx_word' id='word_1_14' title='bbox 146 696 248 772; x_wconf 52' lang='lat' dir='ltr'><strong>‚bonis</strong></span> <span class='ocrx_word' id='word_1_15' title='bbox 264 706 295 754; x_wconf 91' lang='lat' dir='ltr'><strong>et</strong></span> <span class='ocrx_word' id='word_1_16' title='bbox 315 691 483 767; x_wconf 89' lang='lat' dir='ltr'><strong>modestis,</strong></span> <span class='ocrx_word' id='word_1_17' title='bbox 504 688 559 750; x_wconf 89' lang='lat' dir='ltr'><strong>sed</strong></span> <span class='ocrx_word' id='word_1_18' title='bbox 577 691 668 750; x_wconf 85' lang='lat' dir='ltr'><strong>etiam</strong></span> <span class='ocrx_word' id='word_1_19' title='bbox 689 689 833 765; x_wconf 81' lang='lat' dir='ltr'><strong>dyscolis.</strong></span> 
     </span>
    </p>
   </div>
   <div class='ocr_carea' id='block_1_3' title="bbox 150 803 1143 886">
    <p class='ocr_par' dir='ltr' id='par_1_3' title="bbox 150 803 1143 886">
     <span class='ocr_line' id='line_1_4' title="bbox 150 803 1143 886; baseline -0.005 0"><span class='ocrx_word' id='word_1_20' title='bbox 150 827 178 886; x_wconf 89' lang='lat' dir='ltr'><strong>E</strong></span> <span class='ocrx_word' id='word_1_21' title='bbox 194 838 207 885; x_wconf 95' lang='lat' dir='ltr'><strong>t</strong></span> <span class='ocrx_word' id='word_1_22' title='bbox 228 821 287 883; x_wconf 83' lang='lat' dir='ltr'><strong>V.:</strong></span> <span class='ocrx_word' id='word_1_23' title='bbox 310 821 460 881; x_wconf 83' lang='lat' dir='ltr'>Similiter</span> <span class='ocrx_word' id='word_1_24' title='bbox 481 820 689 881; x_wconf 77' lang='lat' dir='ltr'><strong>adolescentes</strong></span> <span class='ocrx_word' id='word_1_25' title='bbox 707 818 826 879; x_wconf 88' lang='lat' dir='ltr'><strong>subditi</strong></span> <span class='ocrx_word' id='word_1_26' title='bbox 848 834 945 882; x_wconf 90' lang='lat' dir='ltr'><strong>estote</strong></span> <span class='ocrx_word' id='word_1_27' title='bbox 957 803 1143 882; x_wconf 85' lang='lat' dir='ltr'><strong>senioribus.</strong></span> 
     </span>
    </p>
   </div>
   <div class='ocr_carea' id='block_1_4' title="bbox 67 937 1229 2400">
    <p class='ocr_par' dir='ltr' id='par_1_4' title="bbox 67 937 1229 1783">
     <span class='ocr_line' id='line_1_5' title="bbox 153 937 1144 1048; baseline -0.004 -32"><span class='ocrx_word' id='word_1_28' title='bbox 153 956 180 1016; x_wconf 92' lang='lat' dir='ltr'><strong>E</strong></span> <span class='ocrx_word' id='word_1_29' title='bbox 191 978 212 1039; x_wconf 92' lang='lat' dir='ltr'>p</span> <span class='ocrx_word' id='word_1_30' title='bbox 225 953 272 1014; x_wconf 91' lang='lat' dir='ltr'><strong>he</strong></span> <span class='ocrx_word' id='word_1_31' title='bbox 288 937 320 1011; x_wconf 55' lang='lat' dir='ltr'><strong>s}</strong></span> <span class='ocrx_word' id='word_1_32' title='bbox 334 949 388 1048; x_wconf 48' lang='lat' dir='ltr'><strong>ill.</strong></span> <span class='ocrx_word' id='word_1_33' title='bbox 402 974 409 1008; x_wconf 75' lang='grc' dir='ltr'><strong>ε</strong></span> <span class='ocrx_word' id='word_1_34' title='bbox 445 948 552 1027; x_wconf 87' lang='lat' dir='ltr'><strong>Servi,</strong></span> <span class='ocrx_word' id='word_1_35' title='bbox 574 949 699 1011; x_wconf 86' lang='lat' dir='ltr'><strong>obedite</strong></span> <span class='ocrx_word' id='word_1_36' title='bbox 722 949 855 1010; x_wconf 89' lang='lat' dir='ltr'><strong>dominis</strong></span> <span class='ocrx_word' id='word_1_37' title='bbox 877 944 1052 1012; x_wconf 87' lang='lat' dir='ltr'><strong>carnalibus</strong></span> <span class='ocrx_word' id='word_1_38' title='bbox 1074 973 1144 1012; x_wconf 90' lang='lat' dir='ltr'><strong>cnm</strong></span> 
     </span>
     <span class='ocr_line' id='line_1_6' title="bbox 67 1057 1147 1142; baseline -0.009 -14"><span class='ocrx_word' id='word_1_39' title='bbox 67 1069 181 1128; x_wconf 87' lang='lat' dir='ltr'><strong>timore</strong></span> <span class='ocrx_word' id='word_1_40' title='bbox 215 1073 246 1121; x_wconf 91' lang='lat' dir='ltr'><strong>et</strong></span> <span class='ocrx_word' id='word_1_41' title='bbox 286 1072 441 1134; x_wconf 83' lang='lat' dir='ltr'><strong>tremore,</strong></span> <span class='ocrx_word' id='word_1_42' title='bbox 484 1059 514 1116; x_wconf 94' lang='lat' dir='ltr'><strong>in</strong></span> <span class='ocrx_word' id='word_1_43' title='bbox 556 1059 752 1142; x_wconf 78' lang='lat' dir='ltr'>simplicitate</span> <span class='ocrx_word' id='word_1_44' title='bbox 780 1057 885 1117; x_wconf 89' lang='lat' dir='ltr'><strong>cordis</strong></span> <span class='ocrx_word' id='word_1_45' title='bbox 914 1061 1032 1136; x_wconf 84' lang='lat' dir='ltr'><strong>vestri,</strong></span> <span class='ocrx_word' id='word_1_46' title='bbox 1066 1062 1147 1119; x_wconf 89' lang='lat' dir='ltr'><strong>sicut</strong></span> 
     </span>
     <span class='ocr_line' id='line_1_7' title="bbox 69 1162 1147 1249; baseline -0.006 -17"><span class='ocrx_word' id='word_1_47' title='bbox 69 1171 214 1246; x_wconf 65' lang='lat' dir='ltr'><strong>Christo:</strong></span> <span class='ocrx_word' id='word_1_48' title='bbox 247 1187 312 1225; x_wconf 92' lang='lat' dir='ltr'><strong>non</strong></span> <span class='ocrx_word' id='word_1_49' title='bbox 335 1166 374 1224; x_wconf 93' lang='lat' dir='ltr'><strong>ad</strong></span> <span class='ocrx_word' id='word_1_50' title='bbox 396 1164 522 1225; x_wconf 88' lang='lat' dir='ltr'><strong>oculum</strong></span> <span class='ocrx_word' id='word_1_51' title='bbox 545 1169 731 1242; x_wconf 78' lang='lat' dir='ltr'><strong>servientes,</strong></span> <span class='ocrx_word' id='word_1_52' title='bbox 767 1167 855 1245; x_wconf 89' lang='lat' dir='ltr'><strong>qnasi</strong></span> <span class='ocrx_word' id='word_1_53' title='bbox 876 1162 1016 1223; x_wconf 89' lang='lat' dir='ltr'>hominib</span> <span class='ocrx_word' id='word_1_54' title='bbox 1040 1185 1054 1224; x_wconf 88' lang='lat' dir='ltr'><strong>s</strong></span> <span class='ocrx_word' id='word_1_55' title='bbox 1078 1164 1147 1249; x_wconf 85' lang='lat' dir='ltr'><strong>pln-</strong></span> 
     </span>
     <span class='ocr_line' id='line_1_8' title="bbox 71 1270 1148 1352; baseline -0.007 -12"><span class='ocrx_word' id='word_1_56' title='bbox 71 1290 199 1352; x_wconf 85' lang='lat' dir='ltr'><strong>centes,</strong></span> <span class='ocrx_word' id='word_1_57' title='bbox 232 1273 286 1334; x_wconf 87' lang='lat' dir='ltr'><strong>sed</strong></span> <span class='ocrx_word' id='word_1_58' title='bbox 316 1285 353 1331; x_wconf 88' lang='lat' dir='ltr'><strong>ut</strong></span> <span class='ocrx_word' id='word_1_59' title='bbox 382 1272 461 1331; x_wconf 84' lang='lat' dir='ltr'><strong>servi</strong></span> <span class='ocrx_word' id='word_1_60' title='bbox 490 1271 622 1346; x_wconf 81' lang='lat' dir='ltr'>Christi,</span> <span class='ocrx_word' id='word_1_61' title='bbox 656 1273 801 1333; x_wconf 79' lang='lat' dir='ltr'><strong>facientes</strong></span> <span class='ocrx_word' id='word_1_62' title='bbox 823 1270 1010 1332; x_wconf 83' lang='lat' dir='ltr'><strong>voluntatem</strong></span> <span class='ocrx_word' id='word_1_63' title='bbox 1029 1270 1090 1331; x_wconf 90' lang='lat' dir='ltr'><strong>Dei</strong></span> <span class='ocrx_word' id='word_1_64' title='bbox 1112 1293 1148 1332; x_wconf 83' lang='lat' dir='ltr'><strong>ex</strong></span> 
     </span>
     <span class='ocr_line' id='line_1_9' title="bbox 71 1359 1150 1459; baseline -0.006 -14"><span class='ocrx_word' id='word_1_65' title='bbox 71 1387 199 1459; x_wconf 89' lang='lat' dir='ltr'><strong>animo,</strong></span> <span class='ocrx_word' id='word_1_66' title='bbox 231 1400 301 1440; x_wconf 90' lang='lat' dir='ltr'><strong>cum</strong></span> <span class='ocrx_word' id='word_1_67' title='bbox 336 1376 419 1438; x_wconf 87' lang='lat' dir='ltr'><strong>bona</strong></span> <span class='ocrx_word' id='word_1_68' title='bbox 448 1378 606 1439; x_wconf 82' lang='lat' dir='ltr'><strong>voluntate</strong></span> <span class='ocrx_word' id='word_1_69' title='bbox 639 1359 824 1455; x_wconf 77' lang='lat' dir='ltr'><strong>servientes,</strong></span> <span class='ocrx_word' id='word_1_70' title='bbox 852 1379 941 1439; x_wconf 84' lang='lat' dir='ltr'><strong>sicut</strong></span> <span class='ocrx_word' id='word_1_71' title='bbox 962 1378 1099 1438; x_wconf 88' lang='lat' dir='ltr'><strong>Domino</strong></span> <span class='ocrx_word' id='word_1_72' title='bbox 1118 1390 1150 1439; x_wconf 89' lang='lat' dir='ltr'><strong>et</strong></span> 
     </span>
     <span class='ocr_line' id='line_1_10' title="bbox 70 1464 1229 1567; baseline -0.012 -15"><span class='ocrx_word' id='word_1_73' title='bbox 70 1512 135 1552; x_wconf 92' lang='lat' dir='ltr'><strong>non</strong></span> <span class='ocrx_word' id='word_1_74' title='bbox 151 1485 339 1563; x_wconf 85' lang='lat' dir='ltr'><strong>hominibus,</strong></span> <span class='ocrx_word' id='word_1_75' title='bbox 361 1487 500 1559; x_wconf 90' lang='lat' dir='ltr'><strong>seientes,</strong></span> <span class='ocrx_word' id='word_1_76' title='bbox 525 1487 674 1566; x_wconf 88' lang='lat' dir='ltr'><strong>quoniam</strong></span> <span class='ocrx_word' id='word_1_77' title='bbox 685 1486 911 1567; x_wconf 87' lang='lat' dir='ltr'><strong>unusquisque,</strong></span> <span class='ocrx_word' id='word_1_78' title='bbox 934 1484 1149 1567; x_wconf 87' lang='lat' dir='ltr'><strong>quodcunque</strong></span> <span class='ocrx_word' id='word_1_79' title='bbox 1172 1464 1175 1469; x_wconf 23' lang='grc' dir='ltr'>Ι</span> <span class='ocrx_word' id='word_1_80' title='bbox 1225 1532 1229 1538; x_wconf 90' lang='grc'>,</span> 
     </span>
     <span class='ocr_line' id='line_1_11' title="bbox 74 1581 1151 1675; baseline -0.006 -16"><span class='ocrx_word' id='word_1_81' title='bbox 74 1600 185 1659; x_wconf 86' lang='lat' dir='ltr'><strong>fecerit</strong></span> <span class='ocrx_word' id='word_1_82' title='bbox 217 1595 352 1670; x_wconf 90' lang='lat' dir='ltr'><strong>bonum,</strong></span> <span class='ocrx_word' id='word_1_83' title='bbox 381 1588 443 1652; x_wconf 84' lang='lat' dir='ltr'><strong>hoc</strong></span> <span class='ocrx_word' id='word_1_84' title='bbox 474 1581 604 1675; x_wconf 83' lang='lat' dir='ltr'><strong>recipiet</strong></span> <span class='ocrx_word' id='word_1_85' title='bbox 636 1590 834 1671; x_wconf 81' lang='lat' dir='ltr'><strong>aDomino,</strong></span> <span class='ocrx_word' id='word_1_86' title='bbox 868 1593 930 1653; x_wconf 84' lang='lat' dir='ltr'><strong>sive</strong></span> <span class='ocrx_word' id='word_1_87' title='bbox 959 1611 1085 1670; x_wconf 85' lang='lat' dir='ltr'><strong>servus,</strong></span> <span class='ocrx_word' id='word_1_88' title='bbox 1107 1592 1151 1652; x_wconf 84' lang='lat' dir='ltr'><strong>si·</strong></span> 
     </span>
     <span class='ocr_line' id='line_1_12' title="bbox 73 1700 779 1783; baseline -0.011 -18"><span class='ocrx_word' id='word_1_89' title='bbox 73 1727 110 1765; x_wconf 88' lang='lat' dir='ltr'><strong>ve</strong></span> <span class='ocrx_word' id='word_1_90' title='bbox 135 1704 226 1766; x_wconf 90' lang='lat' dir='ltr'><strong>liber.</strong></span> <span class='ocrx_word' id='word_1_91' title='bbox 669 1700 672 1708; x_wconf 84' lang='lat'>&#39;</span> <span class='ocrx_word' id='word_1_92' title='bbox 776 1779 779 1783; x_wconf 8' lang='lat' dir='ltr'><strong>q</strong></span> 
     </span>
    </p>

    <p class='ocr_par' dir='ltr' id='par_1_5' title="bbox 75 1803 1153 2400">
     <span class='ocr_line' id='line_1_13' title="bbox 161 1803 1153 1889; baseline -0.002 -22"><span class='ocrx_word' id='word_1_93' title='bbox 161 1806 325 1868; x_wconf 87' lang='lat' dir='ltr'><strong>Coloss.</strong></span> <span class='ocrx_word' id='word_1_94' title='bbox 347 1807 421 1870; x_wconf 83' lang='lat' dir='ltr'><strong>IlI.:</strong></span> <span class='ocrx_word' id='word_1_95' title='bbox 444 1805 550 1882; x_wconf 83' lang='lat' dir='ltr'><strong>Servi,</strong></span> <span class='ocrx_word' id='word_1_96' title='bbox 574 1803 699 1865; x_wconf 90' lang='lat' dir='ltr'><strong>obedite</strong></span> <span class='ocrx_word' id='word_1_97' title='bbox 724 1827 782 1889; x_wconf 88' lang='lat' dir='ltr'><strong>per</strong></span> <span class='ocrx_word' id='word_1_98' title='bbox 802 1808 905 1868; x_wconf 89' lang='lat' dir='ltr'><strong>omnia</strong></span> <span class='ocrx_word' id='word_1_99' title='bbox 927 1807 1059 1868; x_wconf 89' lang='lat' dir='ltr'><strong>dominis</strong></span> <span class='ocrx_word' id='word_1_100' title='bbox 1081 1825 1153 1868; x_wconf 86' lang='lat' dir='ltr'><strong>car·</strong></span> 
     </span>
     <span class='ocr_line' id='line_1_14' title="bbox 76 1911 1152 1997; baseline 0 -23"><span class='ocrx_word' id='word_1_101' title='bbox 76 1915 222 1989; x_wconf 81' lang='lat' dir='ltr'><strong>nalrb&#39;us‚</strong></span> <span class='ocrx_word' id='word_1_102' title='bbox 256 1935 319 1974; x_wconf 93' lang='lat' dir='ltr'><strong>non</strong></span> <span class='ocrx_word' id='word_1_103' title='bbox 349 1912 388 1973; x_wconf 88' lang='lat' dir='ltr'><strong>ad</strong></span> <span class='ocrx_word' id='word_1_104' title='bbox 411 1911 537 1972; x_wconf 87' lang='lat' dir='ltr'><strong>oculum</strong></span> <span class='ocrx_word' id='word_1_105' title='bbox 558 1913 742 1990; x_wconf 85' lang='lat' dir='ltr'><strong>servientes,</strong></span> <span class='ocrx_word' id='word_1_106' title='bbox 774 1918 861 1997; x_wconf 82' lang='lat' dir='ltr'>quasi</span> <span class='ocrx_word' id='word_1_107' title='bbox 883 1913 1064 1989; x_wconf 83' lang='lat' dir='ltr'><strong>hominibus</strong></span> <span class='ocrx_word' id='word_1_108' title='bbox 1082 1912 1152 1997; x_wconf 82' lang='lat' dir='ltr'><strong>pla·</strong></span> 
     </span>
     <span class='ocr_line' id='line_1_15' title="bbox 76 2000 1152 2103; baseline 0 -23"><span class='ocrx_word' id='word_1_109' title='bbox 76 2034 200 2097; x_wconf 84' lang='lat' dir='ltr'><strong>centes,</strong></span> <span class='ocrx_word' id='word_1_110' title='bbox 222 2021 275 2081; x_wconf 89' lang='lat' dir='ltr'><strong>sed</strong></span> <span class='ocrx_word' id='word_1_111' title='bbox 298 2026 329 2080; x_wconf 92' lang='lat' dir='ltr'><strong>in</strong></span> <span class='ocrx_word' id='word_1_112' title='bbox 352 2013 547 2103; x_wconf 76' lang='lat' dir='ltr'><strong>simplicitate</strong></span> <span class='ocrx_word' id='word_1_113' title='bbox 569 2000 692 2095; x_wconf 79' lang='lat' dir='ltr'><strong>cordis,</strong></span> <span class='ocrx_word' id='word_1_114' title='bbox 726 2023 866 2082; x_wconf 89' lang='lat' dir='ltr'><strong>timentes</strong></span> <span class='ocrx_word' id='word_1_115' title='bbox 884 2022 992 2082; x_wconf 90' lang='lat' dir='ltr'><strong>Deum.</strong></span> <span class='ocrx_word' id='word_1_116' title='bbox 1037 2018 1152 2097; x_wconf 88' lang='lat' dir='ltr'><strong>Quod-</strong></span> 
     </span>
     <span class='ocr_line' id='line_1_16' title="bbox 75 2124 1151 2211; baseline 0.002 -26"><span class='ocrx_word' id='word_1_117' title='bbox 75 2145 197 2207; x_wconf 89' lang='lat' dir='ltr'><strong>cunque</strong></span> <span class='ocrx_word' id='word_1_118' title='bbox 220 2124 319 2187; x_wconf 86' lang='lat' dir='ltr'><strong>facitis</strong></span> <span class='ocrx_word' id='word_1_119' title='bbox 330 2170 341 2204; x_wconf 86' lang='lat'><strong>,</strong></span> <span class='ocrx_word' id='word_1_120' title='bbox 365 2146 399 2186; x_wconf 88' lang='lat' dir='ltr'><strong>ex</strong></span> <span class='ocrx_word' id='word_1_121' title='bbox 414 2128 525 2211; x_wconf 87' lang='lat' dir='ltr'><strong>animo</strong></span> <span class='ocrx_word' id='word_1_122' title='bbox 547 2128 742 2210; x_wconf 87' lang='lat' dir='ltr'><strong>operamini,</strong></span> <span class='ocrx_word' id='word_1_123' title='bbox 764 2130 846 2189; x_wconf 88' lang='lat' dir='ltr'><strong>sient</strong></span> <span class='ocrx_word' id='word_1_124' title='bbox 863 2129 1012 2205; x_wconf 89' lang='lat' dir='ltr'><strong>Domino,</strong></span> <span class='ocrx_word' id='word_1_125' title='bbox 1034 2141 1066 2188; x_wconf 89' lang='lat' dir='ltr'><strong>ct</strong></span> <span class='ocrx_word' id='word_1_126' title='bbox 1085 2126 1151 2188; x_wconf 81' lang='lat' dir='ltr'><strong>non</strong></span> 
     </span>
     <span class='ocr_line' id='line_1_17' title="bbox 75 2215 1153 2321; baseline 0.002 -27"><span class='ocrx_word' id='word_1_127' title='bbox 75 2233 278 2294; x_wconf 87' lang='lat' dir='ltr'><strong>hominibus:</strong></span> <span class='ocrx_word' id='word_1_128' title='bbox 302 2236 450 2310; x_wconf 89' lang='lat' dir='ltr'><strong>scientes,</strong></span> <span class='ocrx_word' id='word_1_129' title='bbox 480 2233 567 2315; x_wconf 88' lang='lat' dir='ltr'><strong>qnod</strong></span> <span class='ocrx_word' id='word_1_130' title='bbox 588 2254 605 2293; x_wconf 87' lang='lat' dir='ltr'><strong>a</strong></span> <span class='ocrx_word' id='word_1_131' title='bbox 626 2235 764 2296; x_wconf 90' lang='lat' dir='ltr'><strong>Domino</strong></span> <span class='ocrx_word' id='word_1_132' title='bbox 787 2237 944 2321; x_wconf 83' lang='lat' dir='ltr'><strong>accipietis</strong></span> <span class='ocrx_word' id='word_1_133' title='bbox 966 2215 1153 2296; x_wconf 83' lang='lat' dir='ltr'><strong>retributio·</strong></span> 
     </span>
     <span class='ocr_line' id='line_1_18' title="bbox 76 2340 374 2400; baseline -0.007 -1"><span class='ocrx_word' id='word_1_134' title='bbox 76 2362 146 2400; x_wconf 91' lang='lat' dir='ltr'><strong>nem</strong></span> <span class='ocrx_word' id='word_1_135' title='bbox 167 2340 374 2399; x_wconf 85' lang='lat' dir='ltr'><strong>haereditatis.</strong></span> 
     </span>
    </p>
   </div>
   <div class='ocr_carea' id='block_1_5' title="bbox 60 2443 1276 4355">
    <p class='ocr_par' dir='ltr' id='par_1_6' title="bbox 79 2443 1153 2634">
     <span class='ocr_line' id='line_1_19' title="bbox 162 2443 1153 2533; baseline 0.001 -27"><span class='ocrx_word' id='word_1_136' title='bbox 162 2443 578 2505; x_wconf 48' lang='lat' dir='ltr'><strong>B.Lev.x1x„=100ram</strong></span> <span class='ocrx_word' id='word_1_137' title='bbox 608 2464 684 2504; x_wconf 92' lang='lat' dir='ltr'><strong>cano</strong></span> <span class='ocrx_word' id='word_1_138' title='bbox 706 2447 806 2526; x_wconf 89' lang='lat' dir='ltr'><strong>capite</strong></span> <span class='ocrx_word' id='word_1_139' title='bbox 841 2469 1012 2533; x_wconf 78' lang='lat' dir='ltr'><strong>consurge,</strong></span> <span class='ocrx_word' id='word_1_140' title='bbox 1042 2461 1073 2509; x_wconf 89' lang='lat' dir='ltr'><strong>et</strong></span> <span class='ocrx_word' id='word_1_141' title='bbox 1091 2446 1153 2507; x_wconf 91' lang='lat' dir='ltr'><strong>bo·</strong></span> 
     </span>
     <span class='ocr_line' id='line_1_20' title="bbox 79 2549 1047 2634; baseline 0 -21"><span class='ocrx_word' id='word_1_142' title='bbox 79 2572 159 2613; x_wconf 87' lang='lat' dir='ltr'><strong>nora</strong></span> <span class='ocrx_word' id='word_1_143' title='bbox 181 2570 344 2634; x_wconf 89' lang='lat' dir='ltr'><strong>personam</strong></span> <span class='ocrx_word' id='word_1_144' title='bbox 371 2549 466 2609; x_wconf 88' lang='lat' dir='ltr'><strong>senis:</strong></span> <span class='ocrx_word' id='word_1_145' title='bbox 489 2559 519 2606; x_wconf 91' lang='lat' dir='ltr'><strong>et</strong></span> <span class='ocrx_word' id='word_1_146' title='bbox 545 2553 616 2607; x_wconf 91' lang='lat' dir='ltr'><strong>time</strong></span> <span class='ocrx_word' id='word_1_147' title='bbox 637 2549 805 2609; x_wconf 88' lang='lat' dir='ltr'><strong>Dominum</strong></span> <span class='ocrx_word' id='word_1_148' title='bbox 828 2554 927 2611; x_wconf 87' lang='lat' dir='ltr'><strong>Deum</strong></span> <span class='ocrx_word' id='word_1_149' title='bbox 949 2567 1047 2614; x_wconf 90' lang='lat' dir='ltr'><strong>tunm.</strong></span> 
     </span>
    </p>

    <p class='ocr_par' dir='ltr' id='par_1_7' title="bbox 167 2651 1070 2739">
     <span class='ocr_line' id='line_1_21' title="bbox 167 2651 1070 2739; baseline -0.002 -22"><span class='ocrx_word' id='word_1_150' title='bbox 167 2659 192 2718; x_wconf 92' lang='lat'><strong>1.</strong></span> <span class='ocrx_word' id='word_1_151' title='bbox 214 2657 320 2717; x_wconf 90' lang='lat' dir='ltr'><strong>Petr.</strong></span> <span class='ocrx_word' id='word_1_152' title='bbox 345 2656 405 2716; x_wconf 80' lang='lat' dir='ltr'><strong>IL:</strong></span> <span class='ocrx_word' id='word_1_153' title='bbox 434 2651 576 2734; x_wconf 79' lang='lat' dir='ltr'><strong>subjecti</strong></span> <span class='ocrx_word' id='word_1_154' title='bbox 600 2666 697 2716; x_wconf 89' lang='lat' dir='ltr'><strong>estote</strong></span> <span class='ocrx_word' id='word_1_155' title='bbox 720 2669 777 2715; x_wconf 88' lang='lat' dir='ltr'><strong>etc.</strong></span> <span class='ocrx_word' id='word_1_156' title='bbox 805 2670 841 2716; x_wconf 88' lang='lat' dir='ltr'><strong>ut</strong></span> <span class='ocrx_word' id='word_1_157' title='bbox 873 2658 969 2739; x_wconf 84' lang='lat' dir='ltr'><strong>pa&#39;ulo</strong></span> <span class='ocrx_word' id='word_1_158' title='bbox 991 2672 1070 2720; x_wconf 86' lang='lat' dir='ltr'><strong>ante.</strong></span> 
     </span>
    </p>

    <p class='ocr_par' dir='ltr' id='par_1_8' title="bbox 168 2762 1161 2846">
     <span class='ocr_line' id='line_1_22' title="bbox 168 2762 1161 2846; baseline 0.004 -24"><span class='ocrx_word' id='word_1_159' title='bbox 168 2765 258 2823; x_wconf 89' lang='lat' dir='ltr'><strong>Gen.</strong></span> <span class='ocrx_word' id='word_1_160' title='bbox 278 2763 417 2823; x_wconf 75' lang='lat' dir='ltr'><strong>mn..-</strong></span> <span class='ocrx_word' id='word_1_161' title='bbox 439 2762 598 2844; x_wconf 81' lang='lat' dir='ltr'><strong>Ingressus</strong></span> <span class='ocrx_word' id='word_1_162' title='bbox 620 2776 666 2822; x_wconf 89' lang='lat' dir='ltr'><strong>est</strong></span> <span class='ocrx_word' id='word_1_163' title='bbox 685 2762 803 2846; x_wconf 78' lang='lat' dir='ltr'><strong>loseph</strong></span> <span class='ocrx_word' id='word_1_164' title='bbox 822 2763 947 2825; x_wconf 90' lang='lat' dir='ltr'><strong>domum</strong></span> <span class='ocrx_word' id='word_1_165' title='bbox 964 2788 1073 2844; x_wconf 87' lang='lat' dir='ltr'><strong>suam,</strong></span> <span class='ocrx_word' id='word_1_166' title='bbox 1096 2765 1161 2829; x_wconf 78' lang='lat' dir='ltr'><strong>ob-&#39;</strong></span> 
     </span>
    </p>

    <p class='ocr_par' dir='ltr' id='par_1_9' title="bbox 60 2870 1158 3062">
     <span class='ocr_line' id='line_1_23' title="bbox 60 2870 1158 2953; baseline 0.004 -22"><span class='ocrx_word' id='word_1_167' title='bbox 60 2873 285 2952; x_wconf 76' lang='lat' dir='ltr'><strong>tuleruntque</strong></span> <span class='ocrx_word' id='word_1_168' title='bbox 309 2873 336 2931; x_wconf 87' lang='lat' dir='ltr'><strong>ei</strong></span> <span class='ocrx_word' id='word_1_169' title='bbox 359 2889 505 2945; x_wconf 87' lang='lat' dir='ltr'><strong>munera,</strong></span> <span class='ocrx_word' id='word_1_170' title='bbox 539 2881 676 2930; x_wconf 87' lang='lat' dir='ltr'><strong>tenentes</strong></span> <span class='ocrx_word' id='word_1_171' title='bbox 700 2870 733 2931; x_wconf 93' lang='lat' dir='ltr'><strong>in</strong></span> <span class='ocrx_word' id='word_1_172' title='bbox 750 2872 891 2934; x_wconf 84' lang='lat' dir='ltr'><strong>manibus</strong></span> <span class='ocrx_word' id='word_1_173' title='bbox 920 2877 1003 2953; x_wconf 88' lang='lat' dir='ltr'><strong>suis,</strong></span> <span class='ocrx_word' id='word_1_174' title='bbox 1025 2887 1056 2937; x_wconf 89' lang='lat' dir='ltr'><strong>et</strong></span> <span class='ocrx_word' id='word_1_175' title='bbox 1078 2873 1158 2936; x_wconf 87' lang='lat' dir='ltr'><strong>ado-</strong></span> 
     </span>
     <span class='ocr_line' id='line_1_24' title="bbox 82 2979 541 3062; baseline -0.011 -23"><span class='ocrx_word' id='word_1_176' title='bbox 82 2992 230 3040; x_wconf 83' lang='lat' dir='ltr'><strong>raverunt</strong></span> <span class='ocrx_word' id='word_1_177' title='bbox 251 2980 345 3062; x_wconf 93' lang='lat' dir='ltr'><strong>proni</strong></span> <span class='ocrx_word' id='word_1_178' title='bbox 366 2979 397 3035; x_wconf 92' lang='lat' dir='ltr'><strong>in</strong></span> <span class='ocrx_word' id='word_1_179' title='bbox 419 2990 541 3056; x_wconf 80' lang='lat' dir='ltr'><strong>terram.</strong></span> 
     </span>
    </p>

    <p class='ocr_par' dir='ltr' id='par_1_10' title="bbox 80 3082 1159 3380">
     <span class='ocr_line' id='line_1_25' title="bbox 168 3082 1159 3173; baseline 0.005 -27"><span class='ocrx_word' id='word_1_180' title='bbox 168 3087 194 3146; x_wconf 90' lang='lat'><strong>1.</strong></span> <span class='ocrx_word' id='word_1_181' title='bbox 215 3086 304 3144; x_wconf 83' lang='lat' dir='ltr'><strong>Tim</strong></span> <span class='ocrx_word' id='word_1_182' title='bbox 328 3082 404 3143; x_wconf 82' lang='lat' dir='ltr'><strong>Vl:</strong></span> <span class='ocrx_word' id='word_1_183' title='bbox 434 3085 622 3166; x_wconf 81' lang='lat' dir='ltr'><strong>Quicunqqe</strong></span> <span class='ocrx_word' id='word_1_184' title='bbox 645 3097 719 3147; x_wconf 86' lang='lat' dir='ltr'><strong>snnt</strong></span> <span class='ocrx_word' id='word_1_185' title='bbox 738 3087 796 3149; x_wconf 90' lang='lat' dir='ltr'><strong>suh</strong></span> <span class='ocrx_word' id='word_1_186' title='bbox 819 3088 897 3173; x_wconf 75' lang='lat' dir='ltr'><strong>jugo</strong></span> <span class='ocrx_word' id='word_1_187' title='bbox 919 3092 1018 3168; x_wconf 82' lang='lat' dir='ltr'><strong>servi,</strong></span> <span class='ocrx_word' id='word_1_188' title='bbox 1055 3091 1159 3151; x_wconf 88' lang='lat' dir='ltr'><strong>domi·</strong></span> 
     </span>
     <span class='ocr_line' id='line_1_26' title="bbox 80 3190 1159 3274; baseline 0.006 -20"><span class='ocrx_word' id='word_1_189' title='bbox 80 3215 143 3254; x_wconf 92' lang='lat' dir='ltr'><strong>nos</strong></span> <span class='ocrx_word' id='word_1_190' title='bbox 165 3212 238 3253; x_wconf 89' lang='lat' dir='ltr'><strong>suos</strong></span> <span class='ocrx_word' id='word_1_191' title='bbox 255 3193 337 3252; x_wconf 91' lang='lat' dir='ltr'><strong>omni</strong></span> <span class='ocrx_word' id='word_1_192' title='bbox 348 3190 480 3252; x_wconf 74' lang='lat' dir='ltr'><strong>bonore</strong></span> <span class='ocrx_word' id='word_1_193' title='bbox 503 3191 615 3274; x_wconf 78' lang='lat' dir='ltr'><strong>dignos</strong></span> <span class='ocrx_word' id='word_1_194' title='bbox 633 3191 845 3256; x_wconf 81' lang='lat' dir='ltr'><strong>arbitrentur:</strong></span> <span class='ocrx_word' id='word_1_195' title='bbox 866 3217 904 3256; x_wconf 89' lang='lat' dir='ltr'><strong>ne</strong></span> <span class='ocrx_word' id='word_1_196' title='bbox 918 3218 1030 3259; x_wconf 90' lang='lat' dir='ltr'><strong>nomen</strong></span> <span class='ocrx_word' id='word_1_197' title='bbox 1044 3199 1159 3261; x_wconf 86' lang='lat' dir='ltr'><strong>Domi-</strong></span> 
     </span>
     <span class='ocr_line' id='line_1_27' title="bbox 80 3297 1043 3380; baseline -0.006 -19"><span class='ocrx_word' id='word_1_198' title='bbox 80 3303 117 3362; x_wconf 91' lang='lat' dir='ltr'><strong>ni</strong></span> <span class='ocrx_word' id='word_1_199' title='bbox 142 3313 173 3360; x_wconf 91' lang='lat' dir='ltr'><strong>et</strong></span> <span class='ocrx_word' id='word_1_200' title='bbox 190 3301 333 3360; x_wconf 89' lang='lat' dir='ltr'><strong>doctrina</strong></span> <span class='ocrx_word' id='word_1_201' title='bbox 348 3297 590 3380; x_wconf 88' lang='lat' dir='ltr'><strong>blasphemetur.</strong></span> <span class='ocrx_word' id='word_1_202' title='bbox 1040 3375 1043 3380; x_wconf 17' lang='grc' dir='ltr'><strong><em>Δ</em></strong></span> 
     </span>
    </p>

    <p class='ocr_par' dir='ltr' id='par_1_11' title="bbox 81 3404 1245 3597">
     <span class='ocr_line' id='line_1_28' title="bbox 170 3404 1245 3489; baseline 0.011 -26"><span class='ocrx_word' id='word_1_203' title='bbox 170 3406 284 3466; x_wconf 90' lang='lat' dir='ltr'><strong>Eecl.</strong></span> <span class='ocrx_word' id='word_1_204' title='bbox 316 3406 387 3466; x_wconf 88' lang='lat' dir='ltr'>lV.:</span> <span class='ocrx_word' id='word_1_205' title='bbox 426 3404 616 3481; x_wconf 81' lang='lat' dir='ltr'><strong>Presbytero</strong></span> <span class='ocrx_word' id='word_1_206' title='bbox 648 3404 778 3469; x_wconf 84' lang='lat' dir='ltr'><strong>humilia</strong></span> <span class='ocrx_word' id='word_1_207' title='bbox 811 3412 942 3473; x_wconf 85' lang='lat' dir='ltr'><strong>animam</strong></span> <span class='ocrx_word' id='word_1_208' title='bbox 974 3423 1082 3489; x_wconf 88' lang='lat' dir='ltr'><strong>tuam,</strong></span> <span class='ocrx_word' id='word_1_209' title='bbox 1126 3419 1158 3472; x_wconf 82' lang='lat' dir='ltr'><strong>et</strong></span> <span class='ocrx_word' id='word_1_210' title='bbox 1241 3476 1245 3483; x_wconf 80' lang='grc'><strong>,</strong></span> 
     </span>
     <span class='ocr_line' id='line_1_29' title="bbox 81 3513 618 3597; baseline -0.004 -21"><span class='ocrx_word' id='word_1_211' title='bbox 81 3527 230 3597; x_wconf 77' lang='lat' dir='ltr'><strong>magnato</strong></span> <span class='ocrx_word' id='word_1_212' title='bbox 252 3513 381 3574; x_wconf 88' lang='lat' dir='ltr'><strong>humilia</strong></span> <span class='ocrx_word' id='word_1_213' title='bbox 402 3525 496 3595; x_wconf 89' lang='lat' dir='ltr'><strong>capnt</strong></span> <span class='ocrx_word' id='word_1_214' title='bbox 521 3525 618 3574; x_wconf 88' lang='lat' dir='ltr'><strong>tuum.</strong></span> 
     </span>
    </p>

    <p class='ocr_par' dir='ltr' id='par_1_12' title="bbox 86 3620 1161 3898">
     <span class='ocr_line' id='line_1_30' title="bbox 172 3620 1161 3702; baseline 0.004 -23"><span class='ocrx_word' id='word_1_215' title='bbox 172 3620 261 3681; x_wconf 80' lang='lat' dir='ltr'><strong>Aet</strong></span> <span class='ocrx_word' id='word_1_216' title='bbox 286 3622 345 3680; x_wconf 83' lang='lat' dir='ltr'><strong>X.:</strong></span> <span class='ocrx_word' id='word_1_217' title='bbox 380 3621 421 3680; x_wconf 89' lang='lat' dir='ltr'><strong>Et</strong></span> <span class='ocrx_word' id='word_1_218' title='bbox 437 3620 555 3681; x_wconf 85' lang='lat' dir='ltr'><strong>sactum</strong></span> <span class='ocrx_word' id='word_1_219' title='bbox 573 3634 642 3700; x_wconf 89' lang='lat' dir='ltr'><strong>est,</strong></span> <span class='ocrx_word' id='word_1_220' title='bbox 673 3641 744 3682; x_wconf 88' lang='lat' dir='ltr'><strong>enm</strong></span> <span class='ocrx_word' id='word_1_221' title='bbox 765 3621 923 3696; x_wconf 87' lang='lat' dir='ltr'><strong>introisset</strong></span> <span class='ocrx_word' id='word_1_222' title='bbox 944 3623 1077 3702; x_wconf 86' lang='lat' dir='ltr'><strong>Petrus,</strong></span> <span class='ocrx_word' id='word_1_223' title='bbox 1099 3621 1161 3684; x_wconf 87' lang='lat' dir='ltr'><strong>ob·</strong></span> 
     </span>
     <span class='ocr_line' id='line_1_31' title="bbox 86 3727 1161 3818; baseline 0.003 -30"><span class='ocrx_word' id='word_1_224' title='bbox 86 3731 157 3788; x_wconf 73' lang='lat' dir='ltr'><strong>rius</strong></span> <span class='ocrx_word' id='word_1_225' title='bbox 187 3730 269 3788; x_wconf 82' lang='lat' dir='ltr'><strong>venit</strong></span> <span class='ocrx_word' id='word_1_226' title='bbox 302 3731 330 3788; x_wconf 90' lang='lat' dir='ltr'><strong>ei</strong></span> <span class='ocrx_word' id='word_1_227' title='bbox 354 3728 539 3789; x_wconf 85' lang='lat' dir='ltr'><strong>Cornelius:</strong></span> <span class='ocrx_word' id='word_1_228' title='bbox 573 3727 787 3818; x_wconf 76' lang='lat' dir='ltr'><strong>etprqcidens</strong></span> <span class='ocrx_word' id='word_1_229' title='bbox 811 3729 850 3790; x_wconf 84' lang='lat' dir='ltr'><strong>ad</strong></span> <span class='ocrx_word' id='word_1_230' title='bbox 875 3730 970 3814; x_wconf 92' lang='lat' dir='ltr'><strong>pedes</strong></span> <span class='ocrx_word' id='word_1_231' title='bbox 994 3733 1080 3814; x_wconf 89' lang='lat' dir='ltr'><strong>ejus,</strong></span> <span class='ocrx_word' id='word_1_232' title='bbox 1103 3731 1161 3791; x_wconf 85' lang='lat' dir='ltr'><strong>ad-</strong></span> 
     </span>
     <span class='ocr_line' id='line_1_32' title="bbox 89 3838 200 3898; baseline 0.027 -3"><span class='ocrx_word' id='word_1_233' title='bbox 89 3838 200 3898; x_wconf 79' lang='lat' dir='ltr'><strong>oravit.</strong></span> 
     </span>
    </p>

    <p class='ocr_par' dir='ltr' id='par_1_13' title="bbox 91 3941 1276 4355">
     <span class='ocr_line' id='line_1_33' title="bbox 177 3941 1202 4029; baseline 0.002 -27"><span class='ocrx_word' id='word_1_234' title='bbox 177 3945 203 4021; x_wconf 55' lang='lat' dir='ltr'><strong>l,</strong></span> <span class='ocrx_word' id='word_1_235' title='bbox 220 3943 314 4003; x_wconf 84' lang='lat' dir='ltr'>Tim.</span> <span class='ocrx_word' id='word_1_236' title='bbox 344 3942 403 4003; x_wconf 85' lang='lat' dir='ltr'><strong>V..·</strong></span> <span class='ocrx_word' id='word_1_237' title='bbox 438 3944 501 4021; x_wconf 89' lang='lat' dir='ltr'><strong>Qui</strong></span> <span class='ocrx_word' id='word_1_238' title='bbox 528 3941 607 4005; x_wconf 89' lang='lat' dir='ltr'><strong>bene</strong></span> <span class='ocrx_word' id='word_1_239' title='bbox 628 3958 767 4028; x_wconf 64' lang='lat' dir='ltr'><strong>praesunt</strong></span> <span class='ocrx_word' id='word_1_240' title='bbox 797 3943 995 4027; x_wconf 81' lang='lat' dir='ltr'><strong>presbyteri,</strong></span> <span class='ocrx_word' id='word_1_241' title='bbox 1041 3944 1160 4029; x_wconf 88' lang='lat' dir='ltr'><strong>duplici</strong></span> <span class='ocrx_word' id='word_1_242' title='bbox 1195 4019 1202 4029; x_wconf 68' lang='lat'><strong>,</strong></span> 
     </span>
     <span class='ocr_line' id='line_1_34' title="bbox 91 4045 1163 4135; baseline 0.005 -28"><span class='ocrx_word' id='word_1_243' title='bbox 91 4045 214 4110; x_wconf 89' lang='lat' dir='ltr'><strong>honore</strong></span> <span class='ocrx_word' id='word_1_244' title='bbox 235 4050 318 4134; x_wconf 76' lang='lat' dir='ltr'><strong>digni</strong></span> <span class='ocrx_word' id='word_1_245' title='bbox 342 4050 537 4112; x_wconf 81' lang='lat' dir='ltr'><strong>habeantur:</strong></span> <span class='ocrx_word' id='word_1_246' title='bbox 556 4057 681 4114; x_wconf 78' lang='lat' dir='ltr'><strong>maxime</strong></span> <span class='ocrx_word' id='word_1_247' title='bbox 711 4056 766 4135; x_wconf 89' lang='lat' dir='ltr'><strong>qni</strong></span> <span class='ocrx_word' id='word_1_248' title='bbox 798 4052 942 4114; x_wconf 88' lang='lat' dir='ltr'><strong>laborant</strong></span> <span class='ocrx_word' id='word_1_249' title='bbox 957 4055 989 4112; x_wconf 92' lang='lat' dir='ltr'><strong>in</strong></span> <span class='ocrx_word' id='word_1_250' title='bbox 1008 4053 1106 4115; x_wconf 83' lang='lat' dir='ltr'><strong>verbo</strong></span> <span class='ocrx_word' id='word_1_251' title='bbox 1132 4064 1163 4113; x_wconf 92' lang='lat' dir='ltr'><strong>et</strong></span> 
     </span>
     <span class='ocr_line' id='line_1_35' title="bbox 92 4138 1276 4246; baseline 0.004 -32"><span class='ocrx_word' id='word_1_252' title='bbox 92 4153 246 4217; x_wconf 88' lang='lat' dir='ltr'><strong>doctrina.</strong></span> <span class='ocrx_word' id='word_1_253' title='bbox 299 4143 401 4219; x_wconf 83' lang='lat' dir='ltr'><strong>Dicit</strong></span> <span class='ocrx_word' id='word_1_254' title='bbox 418 4160 500 4220; x_wconf 90' lang='lat' dir='ltr'><strong>enim</strong></span> <span class='ocrx_word' id='word_1_255' title='bbox 530 4150 703 4245; x_wconf 63' lang='lat' dir='ltr'><strong>scripturae</strong></span> <span class='ocrx_word' id='word_1_256' title='bbox 741 4160 813 4222; x_wconf 88' lang='lat' dir='ltr'><strong>Non</strong></span> <span class='ocrx_word' id='word_1_257' title='bbox 843 4161 984 4246; x_wconf 75' lang='lat' dir='ltr'><strong>alligabis</strong></span> <span class='ocrx_word' id='word_1_258' title='bbox 1000 4138 1004 4148; x_wconf 74' lang='lat'><strong>,</strong></span> <span class='ocrx_word' id='word_1_259' title='bbox 1020 4181 1056 4223; x_wconf 88' lang='lat' dir='ltr'><strong>os</strong></span> <span class='ocrx_word' id='word_1_260' title='bbox 1086 4158 1163 4222; x_wconf 81' lang='lat' dir='ltr'><strong>bovi</strong></span> <span class='ocrx_word' id='word_1_261' title='bbox 1272 4150 1276 4160; x_wconf 59' lang='lat'><strong><em>‘</em></strong></span> 
     </span>
     <span class='ocr_line' id='line_1_36' title="bbox 92 4254 1168 4355; baseline 0.007 -31"><span class='ocrx_word' id='word_1_262' title='bbox 92 4263 265 4345; x_wconf 74' lang='lat' dir='ltr'><strong>triturmti.</strong></span> <span class='ocrx_word' id='word_1_263' title='bbox 308 4264 367 4328; x_wconf 77' lang='lat' dir='ltr'><strong>Et:</strong></span> <span class='ocrx_word' id='word_1_264' title='bbox 387 4265 508 4352; x_wconf 76' lang='lat' dir='ltr'><strong>Dignus</strong></span> <span class='ocrx_word' id='word_1_265' title='bbox 532 4281 579 4334; x_wconf 85' lang='lat' dir='ltr'><strong>est</strong></span> <span class='ocrx_word' id='word_1_266' title='bbox 600 4254 763 4355; x_wconf 78' lang='lat' dir='ltr'><strong>operarius</strong></span> <span class='ocrx_word' id='word_1_267' title='bbox 777 4267 1003 4333; x_wconf 75' lang='lat' dir='ltr'><strong>mercedesue.</strong></span> <span class='ocrx_word' id='word_1_268' title='bbox 1166 4268 1168 4273; x_wconf 81' lang='grc'><strong>’</strong></span> 
     </span>
    </p>
   </div>
   <div class='ocr_carea' id='block_1_6' title="bbox 0 0 1415 4762">
    <p class='ocr_par' dir='ltr' id='par_1_14' title="bbox 0 0 1415 4762">
     <span class='ocr_line' id='line_1_37' title="bbox 0 0 1415 4762; baseline 0 0"><span class='ocrx_word' id='word_1_269' title='bbox 0 0 1415 4762; x_wconf 95' lang='lat' dir='ltr'><strong> </strong></span> 
     </span>
    </p>
   </div>
  </div>
 </body>
</html>
