2768 4762
282 374 337 450 96
400 378 403 383 ’
661 367 735 437 DE
766 367 903 435 FIDE
932 368 1001 434 ET
1104 368 1113 395 '

97 579 275 645 onetatas
286 557 368 621 bane
386 568 507 643 petram
527 550 701 637 aedificabo
720 555 889 621 Ecclesiam
910 578 1022 623 meame
1050 570 1088 623 ut
1107 561 1225 623 aeterni
1246 560 1361 629 aedifi-

234 698 237 705 .
287 645 369 706 catio
390 642 516 727 templi,
534 641 668 703 mirabili
689 664 816 705 munere
838 645 954 729 gratiae
973 645 1032 706 Dei
1052 645 1085 706 iu
1105 644 1193 706 Petri
1215 646 1362 713 solidita·

286 740 319 790 te
333 729 536 805 consisteret,
565 725 625 788 bac
644 726 815 790 Ecclesiam
842 749 928 790 suam
955 727 1100 791 firmitate
1121 729 1357 813 corroborauit,

287 825 326 875 nt
354 811 438 873 illam
451 832 509 872 nee
530 804 664 875 bumana
678 816 835 875 temeritas
854 813 962 896 pdsset
983 824 1147 913 appetere,
1168 834 1226 876 uec
1244 831 1357 899 portae

125 904 191 964 reru
215 912 277 993 pm
290 908 400 958 eontra
436 892 520 957 illam
553 896 645 957 inferi
677 896 899 979 praevalerent
953 896 1014 959 Cui
1036 896 1152 976 Petro,
1184 916 1258 961 oum
1279 923 1357 986 prae

112 962 278 1091 {iliil'piil
292 984 401 1042 ceteris
435 978 575 1042 solvendi
598 991 631 1041 et
662 978 792 1066 ligandi·
808 980 925 1044 tradita
944 983 986 1044 sit
1004 992 1163 1065 potestas,
1184 987 1358 1066 pascenda-‚-

112 1053 211 1146 ¹‘§¹¹¹¹¹¹·,
228 1057 360 1141 fJ'erum
384 1077 485 1126 tamen
506 1066 611 1126 ovium
640 1085 719 1127 eura
746 1064 910 1150 specialius
933 1066 1077 1127 mandata
1091 1078 1146 1128 est.
1190 1068 1358 1152 Cuiquis-

125 1201 130 1210 .
209 1112 282 1237 3³3⁸:
293 1152 363 1232 quis
379 1149 590 1232 principatum
615 1151 753 1211 aestimat
769 1150 996 1235 denegandum,
1019 1148 1103 1210 illius
1124 1149 1249 1232 quidem
1265 1154 1355 1218 nullo

110 1198 386 1297 {libini-modo
401 1237 658 1318 potestminuere
681 1233 880 1318 dignitatern,
901 1235 956 1297 sed
974 1231 1099 1296 loliatus
1118 1237 1234 1319 spiritu
1244 1256 1356 1322 super-

113 1303 359 1408 llssor‘ll‘lef'biae
377 1337 473 1394 suae,
493 1319 688 1400 semetipsum
709 1320 742 1379 in
763 1319 885 1379 inferna
906 1318 1066 1402 demergit.

111 1394 277 1491 ξξιξῐζζΐιξζ·
374 1415 402 1470 1.
425 1400 458 1463 C.
501 1400 760 1464 AUGUSTINUS
782 1404 815 1463 in
837 1401 1000 1464 Encbirid.
1018 1402 1058 1463 ad
1075 1402 1168 1463 Laur.
1200 1418 1354 1488 cap-soa

111 1467 400 1584 alfgflrssgfillectus
424 1485 627 1548 confessionis
652 1486 734 1548 ordo
757 1485 925 1570 poscebat,
957 1499 994 1548 ut
1013 1486 1161 1549 Trinitati
1177 1487 1355 1574 *subjunge-

110 1571 190 1633 uuc'
287 1585 374 1634 retur
393 1570 553 1648 Ecclesia,
568 1582 715 1653 tanquam
738 1565 909 1633 habitatori
932 1569 1043 1635 domus
1067 1591 1134 1649 sua,
1151 1582 1182 1631 et
1194 1573 1263 1634 Deo
1275 1585 1355 1635 tem-

286 1655 374 1740 plum
395 1675 504 1732 sunm,
525 1667 557 1716 et
576 1654 735 1717 conditori
752 1657 859 1718 ciritae
878 1676 943 1718 sua.
1112 1712 1114 1717 .

109 1783 216 1825 Mu„
244 1797 276 1827 ao
370 1754 400 1807 2.
441 1739 551 1799 IDEM
571 1740 604 1798 iu
621 1739 729 1823 psalm.
750 1751 825 1807 os:
856 1760 952 1824 super
980 1736 1096 1816 verba,
1132 1739 1256 1802 custodi
1285 1742 1354 1801 aui-

111 1798 274 1877 noaomlra
286 1846 365 1887 mam
385 1843 499 1900 meam,
523 1825 671 1906 quoniam
690 1835 813 1886 sanctus
833 1843 918 1885 sum:
939 1823 1063 1887 Audeat
1084 1835 1115 1884 et
1127 1845 1245 1908 eorpus
1258 1824 1353 1887 Clari·

84 1902 86 1911 ’
117 1930 120 1937 ·
286 1913 336 1987 sti,
359 1906 470 1969 audeat
494 1919 526 1969 et
539 1928 620 1968 uuus
647 1907 700 1968 ille
719 1907 815 1969 bomo
831 1907 962 1969 clamans
982 1906 1129 1970 afinibus
1150 1920 1261 1979 terrae,
1281 1930 1354 1971 cum

257 2045 262 2054 .
286 1994 386 2077 eapite
403 2013 462 2053 suo
481 2003 513 2052 et
534 1990 591 2052 snb
613 1994 714 2077 eapite
732 2013 790 2054 suo
815 1991 940 2070 dicere,
962 2005 1083 2054 sanetus
1101 2014 1179 2058 suin.
1221 1991 1353 2076 Accepit

284 2080 365 2139 enim
382 2076 511 2161 gratiam
527 2078 714 2152 sanctitatis,
734 2077 862 2161 gratiam
874 2075 1018 2160 baptismi
1037 2090 1069 2138 et
1079 2077 1261 2137 remissionis
1296 2088 1353 2137 ee·-

284 2175 435 2223 catorum.
457 2160 550 2221 Dicat
571 2172 603 2222 et
619 2163 835 2244 unusquisque
856 2157 1004 2237 fidelium,
1028 2173 1150 2223 sanetus
1164 2180 1242 2226 sum.
1304 2181 1349 2221 on

284 2259 331 2307 est
351 2252 409 2307 ista
432 2243 579 2328 superbia
603 2245 697 2321 elati,
718 2244 772 2305 sed
790 2244 943 2307 confessio
963 2267 1027 2307 non
1044 2245 1165 2329 ingrati.
1207 2244 1352 2307 DieDeo

283 2343 359 2407 tuo,
381 2341 504 2390 sanetus
520 2350 606 2407 sum,
629 2330 702 2412 quia
723 2326 920 2391 sanctificasti
940 2351 997 2390 me.
1041 2330 1074 2390 Si
1097 2328 1176 2392 enim
1197 2327 1355 2389 Christia-

284 2418 318 2476 ni
341 2435 445 2475 omnes
464 2425 495 2473 et
522 2411 628 2475 fideles
658 2426 689 2475 et
712 2411 861 2497 baptizati
887 2416 919 2474 iu
938 2413 1020 2487 illo,
1043 2416 1145 2497 ipsum
1169 2411 1352 2491 induerunt,

284 2502 366 2560 sieut
385 2497 555 2582 Apostolus
580 2497 671 2559 dicit:
704 2498 871 2580 Quotquot
895 2500 927 2558 in
948 2498 1074 2559 Christo
1093 2496 1240 2581 baptisati
1266 2499 1351 2574 estis,

284 2582 443 2645 Christum
467 2583 626 2643 induistis:
655 2583 680 2643 si
700 2582 837 2643 membra
854 2595 927 2643 sunt
951 2582 1025 2642 facti
1047 2583 1192 2665 corporis
1211 2582 1297 2661 ejus,
1319 2592 1353 2642 et

284 2669 395 2729 dicunt
421 2688 454 2728 se
471 2660 606 2728 'sanctos
630 2687 695 2728 non
725 2687 807 2745 esse,
838 2668 933 2752 capiti
967 2668 1027 2751 ipsi
1050 2666 1171 2727 faciunt
1191 2666 1352 2746 injuriam,

285 2755 376 2835 cujus
398 2750 534 2812 membra
548 2765 653 2812 saneta
678 2764 758 2811 sunt.

367 2851 398 2904 5.
440 2835 684 2896 BERNARDUS
708 2854 797 2897 serm.
819 2850 849 2905 3.
867 2836 899 2896 in
929 2837 958 2897 ri
981 2879 988 2894 .
1013 2845 1075 2895 nat.
1093 2832 1217 2896 ‘Dormr
1246 2832 1353 2895 Hodie

109 2929 248 2980 moraes
283 2923 401 2997 scietis,
425 2921 496 3001 quia
515 2922 615 2980 veniet
634 2920 796 2981 Dominus.
839 2920 944 2982 Verba
961 2856 1037 2981 baec
1063 2918 1188 3002 quidem
1209 2938 1267 2977 suo
1300 2917 1354 2981 lo·

285 3027 323 3067 co
342 3017 373 3065 et
388 3017 527 3086 tempore
542 3005 573 3063 in
591 3006 748 3087 scriptura
760 3004 954 3087 positasunt,
964 3003 1019 3065 sed
1032 3023 1095 3065 non
1116 3006 1287 3085 incongrue
1296 3000 1352 3063 illa

127 3098 234 3159 tsflou·
251 3099 274 3139 in
284 3089 405 3173 vigiliae
434 3090 615 3150 Dominicae
645 3089 811 3150 natiuitatis
835 3088 975 3150 Ecclesia
1000 3101 1096 3150 mater
1118 3089 1242 3171 aptarit.
1286 3085 1353 3149 Ec·

111 3153 181 3255 illl?
198 3160 392 3257 alliciens,
414 3175 563 3256 inquam,
583 3171 654 3250 illa,
676 3192 756 3256 quae
777 3195 880 3234 secum
900 3173 995 3235 babet
1016 3171 1180 3234 eonsilium
1199 3183 1231 3231 et
1247 3169 1354 3253 Spiri-

109 3246 352 3346 lflssssffijtum
371 3260 478 3340 sponsi
502 3271 534 3318 et
555 3258 614 3318 Dei
633 3260 700 3334 sui,
722 3260 773 3319 cui
792 3257 923 3320 dilectus
949 3259 1030 3320 inter
1061 3256 1158 3317 ubera
1175 3275 1353 3317 commora-

109 3344 247 3439 fflpffgb
286 3357 358 3416 tur,
381 3346 478 3427 ipsam
497 3340 602 3403 cordis
622 3344 670 3403 sui
693 3341 795 3404 sedem
823 3342 1040 3429 principaliter
1059 3340 1219 3424 possidens
1231 3351 1262 3401 et
1271 3360 1352 3401 con-

169 3420 202 3441 ''
286 3448 418 3490 servans.
461 3426 614 3488 Nimirum
642 3428 709 3511 ipsa
740 3441 802 3503 eat,
838 3448 917 3511 qnae
938 3425 1110 3487 vulneravit
1132 3445 1190 3485 cor
1208 3423 1297 3504 ejus,
1320 3435 1350 3485 et

283 3516 316 3573 in
332 3515 427 3594 ipsam
450 3510 593 3586 abyssum
610 3523 800 3573 secretorum
825 3513 908 3585 Dei,
929 3508 1056 3571 oculum
1081 3508 1352 3589 contemplationis

282 3596 452 3669 immersit,
473 3606 508 3654 ut
529 3606 559 3655 et
581 3592 627 3654 illi
647 3600 679 3655 in
698 3616 779 3674 suo,
812 3605 844 3691 ct
863 3593 922 3655 sibi
948 3596 981 3654 in
1002 3594 1071 3675 ejus
1095 3591 1215 3669 corde,
1237 3613 1355 3675 pereu-

284 3702 354 3742 nem
374 3679 467 3740 faeiat
495 3681 692 3740 mansionem.

134 3763 276 3806 secessim
369 3776 399 3832 4.
442 3762 682 3824 GREGORIUS
702 3762 738 3823 Ι..
763 3772 814 3831 35.
833 3759 946 3823 Moral.
963 3718 1030 3845 cap.
1057 3773 1109 3830 tt:
1145 3757 1219 3821 Sola
1238 3758 1358 3823 Eccle-

108 3813 277 3904 bilbili&
286 3851 330 3911 sia
361 3844 522 3909 Catliolica
555 3859 617 3924 est,
638 3868 695 3932 per
724 3867 815 3930 quam
834 3844 1021 3907 sacrificium
1044 3846 1197 3907 Dominus
1216 3843 1358 3933 libenter

109 3915 226 4015 {2ss„¹22⁰
239 3923 277 3952 '⁶'
288 3933 438 4014 accipiat,
459 3930 545 4008 sola,
562 3952 647 4014 ,quae
670 3953 732 4015 pro
758 3930 933 3992 errantibus
962 3928 1152 3991 fiducialiter
1169 3928 1357 3991 intercedat.

288 4017 378 4079 Unde
402 4017 493 4075 etiam
511 4015 551 4076 de
573 4018 644 4100 ugni
667 4016 769 4078 hostia
790 4016 944 4077 Dominus
962 4036 1074 4102 praece
1099 4017 1140 4093 it,
1162 4014 1291 4075 dicens:
1315 4014 1357 4075 Iu

109 4109 264 4157 cacanus
288 4122 351 4163 una
369 4099 463 4161 domo
487 4097 682 4181 comedetur,
703 4121 760 4162 nee
773 4099 904 4161 efferetis
931 4098 970 4161 de
988 4038 1135 4161 carnibus
1165 4099 1233 4180 ejus
1256 4096 1358 4161 forae

286 4188 325 4249 In
344 4204 404 4245 una
431 4204 563 4247 namuue
578 4184 671 4247 domo
689 4198 784 4270 agnus
804 4183 997 4247 comeditur:
1017 4187 1091 4268 quia
1108 4186 1140 4244 in
1160 4204 1222 4244 una
1235 4181 1361 4243 Catho-

286 4270 347 4341 lica
368 4269 506 4337 Ecclesia
520 4290 592 4333 rera
611 4271 714 4339 torua
729 4268 935 4355 redemptoris
964 4269 1150 4335 immolatur.
1194 4268 1243 4332 De
1261 4267 1359 4352 eujus
