2768 4762
237 357 361 434 ..aaa
562 351 632 418 aa
667 351 928 422 eamearn
963 351 1030 419 ar

187 600 189 610 ,
271 551 340 601 tum
355 538 496 623 percipi,
517 539 706 605 nouaclum
726 541 801 624 qnia
816 539 1001 602 admonetur
1020 540 1359 624 populuaibenelicio·

273 645 346 688 rnm
378 636 409 686 et
433 645 613 703 munerum,
649 645 768 708 quaea
798 625 924 687 Christo
955 625 1016 687 sibi
1042 627 1158 689 collau
1187 644 1282 692 sunt:
1305 635 1353 695 aed

274 711 381 786 etiam,
399 696 486 791 xquia
514 711 574 770 Dei
594 731 651 793 per
676 710 806 770 sanctos
833 704 1005 789 miracula,
1032 725 1063 772 et
1081 712 1231 775 salutaria
1258 739 1355 779 exem-

274 791 328 880 pla
353 790 454 854 oculis
481 791 619 855 fidelium
640 795 878 876 subjiciuntur:
910 808 947 856 nt
978 816 1040 880 pro
1076 798 1113 857 iis
1139 798 1211 861 Deo
1248 808 1358 885 gratias

106 888 263 950 anrnanqr.
275 891 376 965 agant,
399 880 438 940 ad
457 879 705 961 sanctorumque
729 881 943 955 imitationem,
981 883 1074 942 vitam
1093 902 1264 950 moresque
1285 908 1356 950 snos

97 941 256 986 ⁰⁰³⁰m⁰h¹⁸¹
275 978 484 1047 componant:
527 967 761 1046 excitenturque
793 964 833 1024 ad
861 964 1055 1026 adorandum
1091 988 1126 1026 ae
1162 968 1356 1054 diligendum

274 1052 393 1125 Deum,
415 1061 446 1109 et
467 1048 506 1109 ad
525 1051 670 1131 pietatem
691 1048 862 1110 colendam.
907 1049 940 1110 Si
966 1053 1037 1132 quis
1060 1065 1160 1112 autem
1177 1052 1230 1116 his
1250 1056 1357 1119 deere-

275 1138 316 1197 tis
336 1136 495 1196 contraria
508 1133 652 1208 docuerit
675 1148 728 1195 aut
753 1136 903 1211 senserit,
934 1135 1094 1196 anathema
1111 1139 1168 1208 ait,

25 1242 28 1255 ⁴
92 1250 265 1312 raaansmpa.
360 1233 390 1291 6.
407 1253 413 1267 ¹
433 1219 475 1278 D.
515 1218 678 1278 PAULUS
713 1220 803 1279 Diae.
834 1220 881 1318 de·
902 1231 974 1303 gest.
1007 1221 1210 1302 Langobard.
1241 1225 1277 1284 L
1303 1226 1354 1287 vl.

96 1301 343 1387 ¹⁸²⁰¹¹⁸⁰¹¹⁰⁵cap
373 1316 444 1372 14:
478 1303 543 1362 Hae
570 1315 749 1387 tempestate
782 1304 846 1364 Leo
874 1317 1045 1387 imperator
1071 1308 1154 1387 apud
1174 1308 1355 1371 Constanti·

275 1387 418 1471 nopolim
445 1400 625 1448 sanctorum
660 1389 804 1472 imagines
832 1387 987 1471 depositas
1015 1391 1163 1452 incendit.
1213 1394 1352 1457 Romano

97 1467 265 1510 ΜΜΜ
278 1494 405 1555 quoque
422 1470 574 1532 Pontifici
592 1472 672 1531 idem
691 1473 802 1543 faeere,
815 1479 851 1533 'si
872 1474 1068 1556 imperialem
1084 1479 1215 1559 gratiam
1240 1478 1353 1540 habere

97 1519 200 1559 Zonaras
215 1533 266 1560 eum

94 1568 266 1659 bql'wdlialss]
276 1558 386 1656 vellet,
407 1556 572 1617 mandavit.
616 1557 678 1617 Sed
701 1557 847 1619 Pontifex
866 1558 900 1618 id
918 1560 1018 1619 lacere
1037 1565 1235 1643 contempsit.
1281 1565 1355 1626 Om-

94 1676 153 1755 qno
171 1668 266 1709 scaena:
279 1664 325 1702 nis
350 1663 475 1725 quoqne
492 1640 666 1702 Raveunen.
687 1645 838 1704 exercitus
862 1655 892 1703 et
910 1642 1128 1720 Venetiarum,
1150 1645 1268 1706 talibus
1288 1652 1354 1730 jus-

95 1719 248 1806 ²,„⁶,'2,⁶¹‡;f'¹'·
275 1730 316 1788 sis
344 1748 406 1787 uno
436 1728 538 1787 animo
561 1728 717 1802 restitere,
741 1740 772 1788 et
795 1729 864 1789 nisi'
878 1749 931 1789 eos
966 1728 1111 1790 Pontifex
1129 1730 1352 1812 prohibuisset,

95 1813 192 1874 ’ΜΨ
202 1828 264 1875 ΕΜ·
276 1813 316 1871 im
341 1824 494 1875 eratorem
518 1830 555 1873 su
579 1834 613 1873 er
637 1833 670 1872 se
693 1814 926 1873 constitueres
970 1817 1042 1874 ressi
1064 1815 1203 1877 fuissent.
1246 1817 1310 1877 Per
1327 1821 1352 1877 i·

96 1861 137 1902 dat
318 1833 338 1894 p
556 1833 577 1895 p
929 1835 968 1896 3ss

94 1877 346 1975 haldih-'ladem
371 1909 496 1979 «tempus
529 1895 594 1956 Leo
621 1897 792 1979 imperator
816 1896 856 1956 ad
884 1904 995 1979 pejora
1013 1920 1196 1981 progressus
1214 1915 1279 1979 est,
1302 1905 1350 1978 iu,

95 1959 267 2058 gsslssissssffl
280 1993 317 2041 ut
351 1980 552 2063 compelleret
589 2002 694 2042 omnes
721 1982 996 2065 Constantinopoli
1026 1982 1198 2045 habitantes
1225 1998 1290 2045 tam
1315 1990 1351 2061 ri,

279 2087 371 2149 quem
394 2065 631 2142 blandimentis,
658 2078 695 2126 ut
716 2065 967 2147 deponerentur,
995 2067 1169 2149 ubieunque
1193 2068 1354 2130 baberen-

274 2163 329 2212 tnr
349 2153 501 2234 imagines,
516 2164 577 2210 tarn
599 2150 762 2212 salvatoris
783 2151 882 2209 nostri
894 2195 904 2226 ,
939 2173 1031 2232 quam
1056 2155 1120 2234 ejus
1141 2166 1265 2213 sanetae
1299 2178 1354 2236 ge-

271 2238 392 2298 nitricis
419 2248 449 2295 et
472 2238 609 2297 emnium
636 2235 845 2310 Sanctorum,
881 2256 993 2317 easque
1020 2240 1052 2296 in
1078 2237 1175 2298 medio
1190 2237 1285 2299 urbis
1304 2244 1352 2298 in·

271 2324 381 2384 cendio
407 2322 598 2381 concremari
625 2319 707 2380 lecit.
753 2319 795 2379 Et
819 2322 893 2400 quia
910 2320 1053 2403 plerique
1084 2344 1118 2381 ex
1144 2323 1270 2405 populo
1291 2324 1346 2383 talc

270 2409 369 2470 scelus
403 2405 472 2467 lieri
507 2403 772 2489 praepediebant,
811 2403 932 2485 aliquot
965 2427 1000 2464 er
1020 2408 1061 2465 eis
1083 2409 1185 2489 'eapite
1207 2408 1343 2481 truncati,

271 2494 323 2555 alii
349 2494 408 2554 alia
435 2503 524 2574 parte
549 2491 694 2572 eorporis
719 2489 858 2549 mulctati
888 2503 969 2564 sunt.
1014 2491 1118 2570 Cujus,
1140 2513 1244 2551 errori
1271 2495 1347 2551 Ger-

94 2585 378 2650 flertrwfnianus
412 2576 595 2637 Patriarcba
637 2596 700 2634 non
731 2576 939 2650 consentiens,
975 2593 992 2632 a
1020 2577 1152 2656 propria
1191 2577 1263 2636 sede
1296 2577 1349 2635 de·

92 2635 262 2738 {qqqqr'psm-
271 2667 380 2750 pulsus
407 2678 469 2739 est,
496 2674 526 2720 et
546 2664 614 2740 ejus
639 2659 710 2718 loco
727 2659 908 2718 ¹Anastasius
932 2657 1096 2741 presbyter
1114 2660 1279 2721 ordinatus
1296 2674 1347 2721 est.

353 2751 463 2812 IDEM
487 2745 605 2806 Paulus
630 2744 714 2802 libro
740 2742 850 2802 ultimo
880 2744 917 2802 de
936 2746 1026 2827 gestis
1049 2744 1286 2822 Romanorum,
1319 2749 1347 2805 in

269 2834 330 2896 fine
361 2834 464 2894 eadem
486 2831 524 2889 ad
556 2827 682 2888 verbum
709 2830 830 2908 repetit.

349 2914 533 2981 JOANNES
565 2911 740 2972 patriarch.
767 2912 887 2970 Hieros.
923 2909 955 2969 in
986 2913 1038 2973 vit.
1069 2912 1100 2972 S.
1133 2914 1248 2974 Joann.
1286 2914 1348 2973 Da·

266 3025 380 3066 masc:
411 3002 598 3085 Ingruerant
631 2999 775 3056 universo
796 2994 868 3055 orbi
902 3015 963 3054 nox
985 2993 1116 3058 horrida
1143 3011 1241 3082 atque
1272 3021 1347 3081 pro·

268 3088 383 3149 fundae
401 3085 562 3159 tenebrae,
580 3085 642 3157 ita,
671 3093 707 3141 ut
727 3078 970 3140 obscurarentur
993 3082 1215 3142 venerabilium
1242 3085 1350 3165 imagi·

267 3195 341 3234 num
361 3171 538 3255 praeclarae
562 3165 689 3251 figurae.
733 3164 860 3224 Illarum
883 3166 1086 3242 auctor-luit,
1118 3189 1182 3227 non
1207 3188 1225 3228 a
1254 3171 1347 3227 trivio

267 3257 432 3340 aliquisne
457 3255 626 3339 plebejus,
646 3252 700 3332 qui
723 3253 754 3309 in
774 3253 880 3331 exigua
905 3262 1024 3309 tantum
1043 3264 1133 3332 parte
1149 3251 1261 3329 orbis,
1287 3273 1349 3311 ma·

269 3343 365 3403 litiam
382 3364 467 3403 suam
493 3340 719 3411 disseminaret,
740 3336 794 3394 sed
829 3338 877 3393 vir
907 3334 959 3393 ille
980 3347 1032 3395 tut
1052 3338 1096 3395 sie
1117 3338 1234 3412 dicam)
1258 3357 1349 3396 manu

202 3490 208 3502 ,
268 3425 345 3488 fines
367 3428 454 3488 orbis
477 3423 705 3507 complectens,
725 3420 936 3480 Romanorum
957 3418 1099 3481 videlieet
1115 3424 1275 3504 princeps.
1319 3423 1347 3480 Is

89 3489 248 3602 ῑωῗὶἶξῖὲῗῑῗ
270 3515 409 3593 potentia
436 3509 585 3583 inllatus,
613 3508 643 3565 vi
668 3527 784 3564 summa
813 3503 984 3579 nitebatur,
1011 3517 1046 3574 ut
1071 3505 1110 3565 ad
1134 3527 1228 3566 unam
1257 3527 1350 3566 veno

88 3591 245 3679 ³⁰¹¹t¹¹¹¹852¹¹¹²¹
270 3596 381 3657 randas
406 3597 551 3679 imagines
570 3612 691 3664 omnes,
722 3603 752 3650 et
769 3589 845 3650 loeis
869 3592 899 3647 in
921 3588 1083 3665 omnibus,
1104 3590 1251 3651 demoliri
1273 3612 1351 3674 pos·

86 3653 205 3750 {induli
219 3691 258 3729 iu·
270 3695 324 3743 set.
382 3680 425 3743 Et
444 3690 612 3762 eapropter
636 3677 800 3756 imaginum
824 3672 960 3743 cultores
989 3678 1104 3754 partim
1128 3675 1278 3736 dilaniari
1302 3677 1351 3736 fa·

88 3746 387 3842 lll'lliliY'ciebat,
408 3768 491 3828 sieut
515 3763 564 3823 leo
595 3763 716 3841 rapiens
741 3772 771 3819 et
788 3760 921 3839 rugiens,
947 3781 1018 3817 vere
1041 3772 1103 3820 tam
1126 3763 1228 3820 animo
1256 3782 1350 3843 quam

88 3835 233 3884 ‘mmm'
270 3871 406 3934 corpore
436 3848 505 3909 lco:
541 3849 653 3931 partim
682 3847 712 3902 in
733 3844 852 3903 diversa
877 3845 982 3924 rugitu
1001 3866 1058 3904 auo
1082 3844 1230 3927 fugabat,
1255 3861 1350 3927 atque

86 3887 233 3939 filiorumque

86 3935 347 4024 ⁶i⁰tg⁰¹¹⁸‘²¹¹·adeo
381 3933 553 4009 saeviebat,
579 3943 613 3991 ut
642 3927 781 4008 fidelium
812 3928 954 4008 plerique
985 3930 1016 3988 in
1041 3930 1254 3992 subterraneis
1278 3953 1350 4012 spe·

86 3990 370 4081 lli¹ailillalaluncis
403 4039 467 4078 sese
502 4016 703 4088 occulerent,
751 4014 1018 4093 existimarentque
1047 4019 1169 4091 tutius,
1199 4015 1350 4076 leonibus

87 4083 305 4174 ,cail‘inlfstm
333 4100 521 4165 draconibus
542 4100 724 4173 convenire,
751 4119 843 4179 quam
871 4118 942 4157 cnm
965 4099 1021 4158 illo
1041 4100 1184 4180 illiusque
1213 4100 1352 4160 familia·

84 4144 357 4283 {milffiffllbus
388 4187 539 4249 babitare.
582 4183 731 4281 Nonnulli
752 4186 842 4244 etialn
872 4196 955 4240 metu
979 4187 1158 4282 perterriti,
1192 4188 1352 4283 usquein

87 4289 158 4332 noa·
266 4289 418 4345 exuentes
431 4271 519 4338 orbis
541 4282 690 4337 terminos
703 4280 940 4356 procurrerunt.
983 4270 1048 4335 Leo
1070 4291 1153 4335 enim
1172 4283 1297 4356 rugiet,
1321 4279 1353 4333 et
