2768 4762
405 393 798 463 nuca’nooo.
886 352 888 357 ⁵
996 401 1150 474 mss

65 585 240 660 medelami
270 583 308 648 Iu
335 581 493 647 bominem
524 582 654 647 similem
681 582 744 645 sibi
771 603 836 646 non
855 580 951 645 babet
967 584 1148 648 misericor-

69 705 167 766 diam:
198 709 229 759 et
258 694 296 755 de
322 695 456 778 peccatis
476 694 541 753 suis
563 692 770 775 deprecatur?
800 695 872 775 lpse
902 691 977 752 dum
1000 712 1072 753 caro
1095 694 1145 771 sit,

69 817 205 873 reservat
232 805 328 864 iram:
360 812 392 861 et
423 799 681 884 propitiationem
699 801 779 884 petit
797 820 814 860 a
833 800 923 873 Deo?
967 800 1045 876 Quis
1072 821 1147 860 ero·

67 917 153 982 rabit
178 933 240 999 pro
266 909 387 971 delictis
416 905 523 969 illius?
564 906 719 967 Memento
754 907 1008 984 novissimorum,
1038 918 1070 968 et
1089 905 1146 967 de-

19 1055 24 1065 ,
65 1029 132 1088 sine
155 1019 318 1084 inimicari.
370 1013 529 1076 Tabitudo
566 1017 655 1077 euim.
665 1027 695 1078 et
714 1035 800 1076 mors
818 1016 977 1076 imminent
1001 1016 1034 1075 iu
1059 1035 1147 1077 mau-

67 1134 148 1196 datis
173 1131 252 1212 ejus.
295 1125 471 1185 Memorare
500 1125 644 1185 timorem
670 1124 749 1200 Dei,
774 1134 804 1183 et
826 1142 890 1183 uon
911 1123 1052 1184 irascaris
1067 1144 1148 1206 pro·

66 1243 160 1305 ximo.
202 1235 377 1296 Memorare
404 1242 620 1320 testamentum
655 1230 813 1304 altissimi,
849 1242 881 1290 et
907 1227 1033 1313 despice
1055 1232 1147 1314 igno·

68 1350 201 1411 rantiam
231 1339 375 1425 proximi.
429 1336 560 1399 Abstine
588 1349 620 1398 te
650 1357 669 1398 a
698 1336 771 1414 lite,
804 1350 836 1399 et
864 1337 983 1397 minues
1010 1350 1145 1418 peccata.

66 1458 172 1518 Homo
193 1451 274 1512 enim
302 1443 472 1505 iracundus
498 1444 637 1506 incendit
655 1443 759 1524 litem,
792 1457 824 1506 et
840 1445 889 1505 vir
909 1449 1057 1527 peccator
1077 1457 1148 1505 tnr-

68 1560 159 1625 babit
191 1561 325 1626 amicos,
347 1563 379 1614 et
407 1557 440 1613 in
462 1551 565 1613 medio
586 1572 694 1636 pacem
714 1551 895 1614 habentium
924 1551 1067 1612 immittet
1087 1552 1150 1612 iui-

68 1668 225 1732 micitiam.
281 1658 459 1722 Secundum
493 1660 574 1720 enim
599 1658 683 1745 ligna
718 1658 835 1737 silvae,
874 1659 919 1720 sic
950 1660 1029 1743 iguis
1062 1679 1150 1720 exau·

70 1775 189 1836 descit:
221 1781 253 1831 et
283 1765 454 1829 secuudum
474 1767 621 1828 muntem
639 1766 792 1845 bominis,
820 1769 865 1828 sic
885 1765 1047 1828 iracundia
1064 1765 1148 1827 illius

72 1882 148 1943 erit:
180 1890 211 1940 et
246 1873 418 1937 secuudum
438 1872 641 1955 substantiam
663 1895 768 1954 suam,
798 1872 945 1936 exaltabit
962 1876 1039 1936 iram
1052 1895 1148 1935 suam.

70 1988 231 2047 Certamen
257 1982 436 2044 festinatum
463 1982 601 2042 incendit
627 1983 744 2065 ignem,
772 1993 803 2042 et
819 1981 858 2042 lis
879 1981 1026 2043 festinans
1049 1980 1151 2042 effun-

69 2095 118 2155 dit
145 2091 342 2176 sauguiuem:
380 2098 412 2148 et
435 2087 541 2171 lingna
576 2086 760 2152 testificans
778 2088 908 2153 adducit
930 2101 1073 2156 mortem.
1116 2089 1151 2151 Si

68 2201 259 2276 sufflaveris,
281 2196 369 2279 quasi
391 2197 471 2279 ignis
494 2195 673 2260 exardebit:
695 2209 727 2263 et
744 2198 770 2259 si
781 2200 923 2283 expueris
942 2218 1038 2282 snper
1055 2196 1150 2277 illam,

70 2311 289 2391 ettingneturs
317 2286 453 2381 utradue
487 2323 522 2363 ex
554 2323 610 2363 ore
640 2301 897 2386 proficiscuntur.
947 2304 1097 2401 Susurrox
1120 2318 1152 2369 et

69 2413 217 2496 bilinguis
237 2405 436 2467 maledictuss
456 2405 571 2467 multos
597 2409 678 2468 euim
695 2409 965 2498 turbavitpacem
990 2411 1151 2475 babentes.

156 2559 278 2626 Hebr.
299 2558 362 2623 Χῖ
395 2554 535 2636 Scimus,
558 2559 614 2642 qui
636 2556 731 2621 dixit:
767 2559 847 2624 Mihi
868 2522 1059 2644 vindictam,
1093 2582 1151 2650 ego

75 2669 257 2734 retribuam.

141 2823 215 2915 ‘Et‘
236 2821 334 2886 xla:
367 2817 618 2903 Contemplantes
647 2839 688 2882 ne
713 2821 785 2904 quis
815 2820 897 2885 desit
933 2825 1050 2910 gratiae
1077 2823 1152 2887 Deis

73 2950 195 3015 nequa
231 2929 320 2991 radix
346 2926 562 3013 amaritudinis
584 2948 708 2990 sursum
731 2931 904 3014 germinans
929 2931 1098 3018 impediat,
1121 2943 1154 2994 et

73 3036 238 3126 perillam
259 3037 461 3120 inquinentur
486 3035 587 3098 multi.

160 3189 197 3256 Β.
218 3189 363 3277 prea.
384 3188 458 3252 1v.=
493 3189 635 3254 Obsecro
665 3187 771 3273 itaque
797 3212 853 3255 vos
880 3215 938 3280 ego
969 3196 1092 3258 siamus
1119 3196 1154 3256 iu

74 3297 232 3376 Domino,
261 3309 298 3358 ut
327 3295 420 3382 digne
450 3296 612 3360 ambuletis
642 3301 830 3381 vocatione,
861 3323 924 3386 qua
947 3306 1051 3366 vocati
1070 3305 1153 3383 estis,

75 3426 148 3468 cum
167 3406 251 3500 omui
275 3403 451 3468 bumilitate
471 3418 503 3468 et
519 3407 752 3469 mansuetudine
762 3453 774 3485 ,
797 3431 867 3471 cum
886 3413 1056 3493 patientia,
1076 3430 1155 3495 snp-

73 3520 238 3596 portautes
267 3512 398 3574 invicem
417 3515 450 3574 iu
472 3515 619 3591 caritate,
640 3513 1073 3600 sollicitioservareuuitstem
1087 3521 1155 3603 spi·

75 3618 155 3678 ritus
177 3619 210 3677 iu
231 3619 357 3682 vinculo
379 3622 475 3705 pacis.
906 3630 908 3635 ’

162 3748 319 3812 Coloss.
343 3750 401 3814 111.
416 3775 424 3812 ε
446 3751 572 3814 induite
589 3733 647 3814 ¹ros
665 3773 739 3836 ergo
762 3757 844 3818 sicut
858 3756 948 3818 electi
966 3742 1036 3832 Del,
1056 3756 1155 3816 sancti
1248 3841 1249 3844 Ἴ

75 3866 109 3915 et
127 3854 251 3937 dilecti,
273 3861 392 3920 viscera
410 3859 659 3939 misericordiae,
681 3860 921 3946 benignitatem,
942 3846 1155 3938 bumilitatem,

79 3961 279 4044 modestiam,
292 3976 301 3994 ⁸
314 3968 513 4050 patientiam,
537 3980 758 4052 supportantes
778 3972 925 4033 invicem:
954 3985 984 4034 et
1005 3971 1156 4034 donantes

79 4066 230 4134 vobismet
252 4074 346 4159 ipsis,
384 4077 411 4137 si
443 4079 512 4159 quis
545 4076 690 4139 adversm
716 4077 848 4160 aliquem
861 4076 956 4142 babel
976 4078 1155 4162 querelam:
1216 4078 1221 4087 '

79 4175 162 4252 sieut
189 4192 221 4241 et
243 4181 395 4245 Dominus
424 4183 553 4247 donarit
571 4184 680 4263 vobis,
709 4187 753 4247 ita
777 4199 809 4249 et
825 4209 891 4250 ros.
933 4188 1034 4273 Super
1053 4187 1157 4248 omnia

79 4296 184 4351 antem
211 4286 462 4371 humanitatem
484 4291 614 4370 habete,
637 4291 726 4375 quod
746 4304 793 4356 est
809 4295 968 4358 vinculum
982 4294 1156 4380 perfeetio-
1188 4280 1196 4301 ⁸
