2768 4762
193 322 333 445 naas
559 366 632 427 ua
656 358 925 455 ‘enarrare
957 360 1021 425 ur
1079 339 1080 343 '

151 629 155 638 ι
182 626 188 637 ,
257 573 317 637 que
335 551 471 616 omnium
495 571 560 613 esse
585 552 747 613 custodes:
776 572 811 612 ac
830 551 864 610 in
888 561 1051 634 posterum
1071 547 1158 627 quasi
1180 543 1257 606 deos
1275 565 1334 607 eo-

85 631 372 719 ,Jln'ffi‘ssjlemum
399 656 568 718 eorumque
592 635 789 698 adorabimus
811 628 1017 700 monumenta.
1060 631 1207 691 Similiter
1239 633 1334 691 etiam

82 727 380 816 {ffffgfiffiaomnem
403 721 459 804 qui
478 720 636 803 praeclare
662 710 974 801 vixerunt,‘quoque
992 715 1087 776 modo
1109 716 1227 775 mortui
1244 728 1333 794 sunt,

85 788 494 884 posenno-honorabimus.
548 804 631 865 Haec
660 825 717 865 nos
742 803 884 886 quotidie
919 803 1112 876 factitamus,
1151 801 1205 880 qui
1243 821 1335 860 verae

82 875 165 963 ξίζῗὼ·
186 882 251 913 ‘¹¹³⁹‘
261 891 383 975 pietatis
410 887 536 963 milites,
558 901 596 949 ut
617 889 676 969 Dei
703 891 817 951 amicos
838 884 1117 963 honorantes,·ad
1137 897 1337 945 monumenta

83 970 252 1112 ῇξψξαζῑῗξξ·
264 994 397 1072 quoque⁴
410 972 538 1033 illorum
552 972 740 1034 accedimus:
768 985 863 1051 vota,
896 992 976 1054 quae
994 972 1070 1054 ipsis
1092 969 1232 1045 facimus,
1263 981 1336 1031 tan.

102 1071 191 1111 aaran
214 1069 253 1108 ὄπ·
265 1079 357 1140 quam
371 1077 445 1117 snus
465 1060 598 1134 sanetis,
614 1074 762 1139 ·quorum
781 1057 999 1122 intercessione
1021 1055 1061 1114 ad
1078 1055 1178 1112 Deum
1193 1072 1260 1113 non
1278 1074 1337 1138 pa-

84 1118 334 1211 iliiimmlm'rum
361 1141 464 1222 juvari
495 1139 690 1225 profitemur.
745 1142 828 1202 Haec
865 1162 882 1202 a
907 1136 1044 1201 Platone
1072 1136 1270 1220 collegimus,
1303 1151 1338 1199 ut

264 1227 506 1302 ostenderemus,
534 1225 681 1286 hebraica
706 1225 795 1285 illum
813 1224 1016 1310 pbilosophis
1031 1225 1200 1298 munitum,
1221 1225 1338 1283 nostris

199 1323 205 1331 “
264 1323 467 1375 consentanea
487 1311 655 1392 scripsisse.

114 1385 237 1446 vigilantii
334 1395 383 1467 'IL
406 1406 433 1461 1.
476 1394 753 1459 HIERONYMUS
777 1378 896 1457 eontr.‘
915 1390 1085 1477 Vigilante
1122 1345 1243 1450 Galliae
1268 1410 1340 1449 ven-

88 1437 253 1544 llfflildffss
266 1478 409 1542 naculum
426 1476 545 1538 bostem
562 1482 733 1558 sustinent,
764 1493 796 1541 et
818 1478 972 1547 bominem
995 1479 1069 1538 moti
1089 1476 1215 1558 eapitis,
1245 1487 1339 1556 atque

87 1535 256 1629 limn‘lla'lllss
267 1564 469 1646 Hippocratis
502 1564 632 1623 vinculis
663 1565 873 1648 alligandum,
898 1555 1053 1625 sedentem
1074 1573 1206 1620 cernunt
1222 1560 1254 1618 in
1273 1560 1340 1619 Ee-

84 1644 124 1674 Μ
144 1644 234 1676 ⁰⁶¹⁰⁰'‘
268 1648 377 1724 elesia,
399 1659 430 1708 et
452 1647 532 1707 iuter
554 1661 673 1711 caetera
692 1650 788 1711 verba
805 1648 1027 1732 blasphemiae,
1056 1649 1112 1706 ista
1139 1664 1268 1727 quoque
1289 1645 1339 1705 di·

251 1730 410 1800 centeme'
435 1730 521 1809 Quid
558 1753 680 1794 neeesse
712 1747 778 1811 est,
815 1747 846 1794 te
880 1745 968 1794 tanto
1000 1732 1122 1792 honore
1153 1751 1217 1790 nou
1237 1727 1339 1790 solum

265 1816 442 1893 bonorare,
481 1813 536 1876 sed
570 1819 660 1877 etiam
679 1819 823 1880 ,adorare
857 1816 938 1878 illud
954 1813 1166 1897 nescio‘quid,
1198 1814 1285 1897 quod
1309 1818 1341 1873 in

265 1900 392 1964 modico
423 1899 549 1961 vasculo
577 1902 794 1964 transferendo
826 1901 924 1964 eolisl
963 1901 1005 1961 Et
1030 1920 1154 1960 rursum
1180 1902 1212 1959 in
1230 1899 1336 1978 eodem

233 1980 235 1989 ⁴
266 1985 370 2048 libro:
401 1984 477 2067 quid
518 1985 678 2061 ulverem,
703 1987 877 2047 linteamine
899 1984 1123 2048 circumdatum
1137 1982 1358 2061 ,adorando⁴

267 2066 445 2134 oscularis?
484 2005 529 2132 lllt
550 2073 581 2130 in
612 2070 891 2154 consequentibus:
922 2071 1029 2152 Prope
1062 2073 1155 2130 ritum
1176 2066 1341 2150 gentilium

267 2155 405 2216 videmus
434 2152 493 2214 sub
528 2169 689 2237 praetextu
715 2156 873 2239 religionis
901 2155 1115 2217 introductum
1133 2156 1162 2214 in
1183 2150 1340 2224 ecclesias,

196 2280 201 2285 -
269 2240 335 2302 sole
358 2235 461 2299 adbuc
479 2238 617 2322 fulgente
642 2238 739 2301 moles
757 2260 921 2301 cereorum
945 2240 1087 2315 accendi,
1112 2251 1143 2299 et
1159 2235 1341 2317 ubicunque

162 2320 166 2329 ’
269 2323 477 2408 pulvisculum
496 2325 734 2406 nescioquod,
768 2327 800 2385 in
821 2325 946 2386 modico
970 2324 1095 2385 vasculo
1118 2324 1256 2405 pretioso
1279 2320 1341 2379 lin-

269 2411 400 2470 teamine
421 2409 666 2482 circumdatum,
691 2409 865 2471 osculantes
888 2411 1030 2471 adorare.
1073 2408 1219 2490 Magnum
1240 2404 1344 2466 hono-

272 2515 337 2555 rem
364 2491 516 2576 praebent
551 2493 734 2574 hujusmodi
769 2493 907 2556 homines
937 2493 1118 2555 beatissimis
1142 2490 1343 2565 martyribus,

234 2572 236 2579 '
274 2598 352 2661 quos
372 2589 485 2659 putant
508 2577 546 2637 de
563 2581 717 2641 vilissimis
740 2580 868 2640 cereolis
894 2578 1116 2640 illustrandos:
1135 2597 1215 2656 quos
1238 2594 1343 2658 agnus,

98 2671 248 2758 ³lf⁰⁰·2¹'·⁵‘
275 2665 329 2744 qui
354 2674 400 2723 est
431 2662 462 2722 in
482 2661 583 2723 medio
608 2663 734 2738 throni,
762 2684 831 2723 cum
854 2667 938 2726 omui
959 2663 1082 2748 fulgore
1101 2661 1269 2741 majestatis
1284 2679 1343 2719 suar

96 2731 251 2829 aedili-ff
275 2747 418 2808 illustrat.
462 2747 542 2822 Quis
569 2750 668 2824 enim,
706 2770 725 2809 o
754 2751 894 2808 insanum
914 2762 1022 2833 caput,
1044 2745 1212 2828 aliquando
1229 2757 1346 2818 marty-

96 2817 323 2919 ss‘lssjffffffiyes
349 2831 511 2892 adoravit?
540 2834 610 2912 quis
640 2832 797 2893 hominem
821 2835 942 2915 putavit
971 2831 1092 2893 Deum?
1131 2829 1245 2889 Nonne
1266 2828 1349 2889 Pau-

94 2927 161 2970 quam
170 2918 252 2958 ⁰⁰¹¹ss-
275 2916 324 2976 lus
342 2928 373 2976 et
399 2913 573 2993 Barnabas,
612 2939 680 2976 cum
711 2910 945 2992 aLieaonibus
973 2918 1096 3001 Jupiter
1119 2927 1150 2976 et
1171 2915 1348 2974 Mercurius

274 3011 483 3085 putarentur,
515 3012 545 3059 et
562 3002 604 3061 eis
625 3000 737 3061 vellent
761 3001 878 3063 hostias
894 3002 1073 3079 immolare,
1100 2999 1259 3062 sciderunt
1279 3018 1350 3055 ves·

193 3084 196 3096 '
273 3087 401 3147 timente
421 3104 494 3163 sua,
526 3096 601 3145 etse
624 3085 763 3157 homines
780 3106 845 3147 esse
862 3085 1021 3162 dixerunt,
1049 3107 1113 3146 non
1140 3087 1213 3167 quia
1236 3080 1349 3140 melio-

96 3155 178 3252 ᾖξ’
187 3163 219 3207 ¹⁸¹
239 3166 265 3203 ¹⁰
275 3191 323 3230 res
341 3190 405 3229 non
425 3182 524 3230 essent
549 3169 622 3230 olim
648 3172 779 3231 mortuis
805 3170 985 3233 bominibus
1002 3172 1078 3232 Jove
1105 3181 1198 3250 atque
1223 3168 1350 3226 Mercu·

272 3257 341 3331 rio,
372 3252 426 3314 sed
451 3256 524 3336 quia
540 3253 599 3314 sub
623 3255 802 3338 gentilitatis
823 3279 930 3318 errore
952 3257 1057 3318 bonor
1078 3257 1119 3315 eis
1137 3254 1205 3313 Deo
1223 3249 1348 3310 debitus

274 3337 458 3399 deferretur.
503 3340 600 3415 Quod
634 3353 664 3399 et
684 3340 722 3401 de
742 3340 838 3402 Petro
868 3341 1014 3425 legimus,
1045 3346 1100 3422 qui
1120 3336 1300 3399 Cornelium
1317 3354 1348 3393 se

274 3422 406 3483 adorare
424 3424 598 3506 cupientem
619 3446 714 3505 manu
734 3425 923 3500 sublevavit,
957 3440 988 3487 et
1008 3426 1100 3487 dixit:
1132 3422 1251 3503 Surge,
1277 3439 1349 3478 nam

99 3516 305 3566 serenasset
336 3527 393 3589 ego
427 3505 523 3569 bomo
556 3530 634 3572 sum.
684 3510 726 3571 Et
758 3511 851 3573 audes
866 3512 987 3571 dicere:
1023 3509 1106 3570 Illud
1127 3508 1230 3567 nescio
1254 3502 1348 3585 quid,

274 3590 359 3672 quod
377 3593 408 3650 in
428 3592 553 3652 modico
573 3592 696 3654 vasculo
713 3595 929 3656 transferendo
946 3594 1043 3657 eolis?
1086 3591 1173 3671 Quid
1191 3602 1237 3650 est
1257 3586 1350 3663 illud,

272 3677 377 3735 neseio
403 3676 499 3758 quid,
529 3679 608 3737 seire
636 3678 790 3741 desidero.
833 3680 963 3763 Expone
993 3678 1200 3750 manifestius,
1227 3685 1263 3732 ut
1281 3684 1352 3733 tota

273 3757 416 3821 libertate
442 3759 643 3844 blasphemes.
686 3763 913 3840 Pulviseulum,
938 3768 1056 3847 inquit,
1079 3762 1183 3822 nescio
1210 3757 1299 3840 quod
1319 3757 1352 3816 in

272 3843 397 3906 modico
425 3846 552 3906 vasculo
586 3849 725 3928 pretioso
754 3848 928 3910 linteamine
957 3843 1189 3910 circumdatum.
1252 3838 1353 3901 Dolet

271 3939 444 4002 martyrum
477 3929 625 4011 reliquias
649 3934 790 4012 pretioso
823 3936 941 4018 operiri
963 3935 1193 4008 velamine,·et
1214 3947 1278 3986 non
1300 3923 1350 3984 vel

272 4014 381 4095 pannis
402 4010 450 4071 vel
465 4012 568 4074 cilicio
580 4013 746 4099 colligari,
773 4017 821 4078 rel
846 4021 962 4100 projici
985 4022 1017 4079 in
1044 4014 1282 4098 sterquilinium,
1312 4020 1350 4069 ut

161 4172 167 4183 ·
271 4094 357 4157 aolus
376 4093 564 4178 vigilantius
586 4097 689 4160 ebrius
717 4113 748 4162 et
766 4102 922 4164 dormiens
943 4103 1102 4164 adoretur.
1145 4100 1231 4179 Ergo
1252 4095 1351 4155 sacri-

96 4171 231 4262 alililll'
273 4178 332 4263 leti
359 4200 481 4256 sumus,
517 4185 665 4262 quoniam
700 4185 926 4268 Apostolorum
957 4187 1100 4250 basilicas
1133 4176 1351 4265 ingredimur?

93 4264 446 4349 “huense-sacrilegus
476 4265 537 4327 luit
563 4267 784 4334 Constantinus
816 4273 1006 4357 imperator,
1046 4273 1102 4358 qui
1130 4278 1251 4330 mnetm
1274 4261 1352 4325 reli·
