2768 4762
258 396 342 469 240
447 340 450 347 ¹
569 386 1035 477 unosnrrsrn'nr

258 573 319 638 bus
342 574 404 638 sibi
430 590 522 651 causa
542 572 651 643 salutis
666 618 669 623 >
682 586 834 639 aeternae.
885 576 1060 662 Propterea
1080 574 1254 662 Apostolus
1269 578 1339 664 ipse

259 673 366 722 monet
396 658 607 743 justificatos,
629 660 757 722 dicens.-
788 658 936 741 Nescitis,
962 663 1050 746 quod
1071 664 1118 740 ii,
1141 667 1197 746 qui
1218 668 1251 724 in
1272 679 1340 727 sta-

84 772 105 810 s.
122 765 249 813 coesse.
261 747 314 807 dio
337 757 488 822 currunt,
510 766 614 806 omnes
635 745 762 829 quidem
784 760 927 829 currunt,
947 746 1003 809 sed
1019 768 1105 807 unus
1128 750 1242 832 accipit
1261 746 1341 811 bra·

259 833 362 892 vium:
384 833 429 890 sic
450 831 589 906 currite,
610 840 648 917 ut
669 830 947 913 comprehendetis.
990 830 1059 916 Ego
1082 833 1178 915 igitur
1199 835 1243 893 sic
1264 855 1341 893 eur-

260 936 319 991 ro,
352 935 417 975 nou
438 916 526 996 quasi
548 914 580 973 in
602 915 772 975 incertum:
805 918 848 975 sic
872 936 999 999 pugno,
1039 937 1103 976 non
1126 919 1212 998 quasi
1235 923 1337 979 ailrem

260 998 447 1059 verberans:
480 996 535 1059 sed
556 1000 672 1082 castigo
698 1018 813 1082 corpus
833 1020 952 1076 meum,
976 1003 1059 1060 etin
1082 1004 1261 1061 servitutem
1284 1024 1337 1063 re·

263 1085 351 1167 digo:
373 1103 411 1142 ne
433 1081 517 1144 forte
539 1103 608 1142 cum
628 1082 696 1143 aliis
718 1083 983 1165 praedicaverim,
1020 1086 1086 1167 ipse
1108 1084 1266 1169 reprobus
1288 1086 1337 1147 ef·

102 1218 108 1229 .
141 1166 361 1239 etecscficiar.
403 1167 483 1227 ltem
513 1168 658 1251 princeps
691 1167 918 1253 Apostolorum
949 1168 1078 1229 Petrus:
1113 1168 1272 1253 satagite,
1300 1183 1337 1232 ut

95 1246 170 1326 ffi}
191 1252 240 1327 {2⁰²
264 1272 321 1336 per
355 1249 441 1313 bona
465 1271 562 1333 opera
594 1263 708 1314 certam
729 1248 859 1314 vestrum
886 1254 1079 1314 uocationem
1101 1265 1133 1314 et
1153 1251 1337 1315 electionem

91 1349 224 1428 υῑζξξῗψ
265 1338 393 1397 faciatis.
447 1335 531 1397 Ilaec
560 1338 642 1397 enim
671 1336 837 1415 facientes,
867 1358 932 1398 non
953 1330 1121 1421 peccabitis
1154 1338 1334 1420 aliquando.

107 1398 116 1437 ¹
264 1419 354 1481 Unde
375 1432 520 1498 constat,
543 1441 595 1482 eos
616 1421 810 1484 orthodoxae
831 1422 991 1505 religionis
1011 1423 1171 1483 doctrinae
1191 1423 1337 1483 adversa-

265 1509 293 1566 ri
309 1501 396 1586 ,qui
420 1503 546 1584 dicunt,
578 1507 696 1587 justum
718 1528 751 1568 rn
772 1508 856 1569 omni
875 1505 962 1567 bono
987 1524 1082 1589 opere
1104 1505 1210 1575 saltem
1230 1509 1337 1567 venia·

264 1590 337 1651 liter
359 1608 507 1674 peccare,
543 1602 598 1652 aut
629 1589 715 1673 quod
735 1589 962 1653 intolerabilius
984 1603 1039 1667 est,
1059 1611 1175 1675 poenas
1198 1604 1335 1651 aeternas

268 1676 397 1736 mereri:
427 1687 521 1756 atque
551 1677 643 1736 etiam
664 1697 735 1752 eos,
769 1678 828 1758 qui·
847 1688 988 1737 statuunt
1009 1677 1041 1735 in
1064 1674 1206 1737 omnibus
1229 1678 1337 1758 operi-

266 1759 326 1820 bus
357 1740 459 1839 juslos
484 1781 630 1844 peccare,
664 1762 690 1820 si
724 1762 754 1820 in
784 1760 844 1821 illis
873 1780 958 1821 suam
990 1760 1134 1842 ipsorum
1160 1758 1337 1821 socordiam

270 1840 449 1921 excitando,
473 1856 504 1903 et
519 1866 582 1906 sese
608 1843 647 1905 ad
668 1844 856 1905 currendum
874 1846 906 1905 in
925 1842 1027 1906 stadio
1045 1842 1333 1919 cohortando,cum

92 1912 332 2009 ffl'ssffihoc
344 1972 354 2007 ,
378 1940 415 1988 ut
442 1931 583 2010 inprimis
611 1926 804 2013 glorificetur
825 1930 926 2005 Deus,
948 1928 1118 1989 mercedem
1141 1948 1267 2011 quoque
1287 1929 1336 1986 in·

93 2023 237 2107 usuum
271 2026 400 2073 tuentur
427 2024 599 2072 aeternam:
637 2033 705 2073 cum
726 2015 875 2097 scriptum
902 2014 960 2073 sit:
991 2011 1139 2073 Inclinavi
1161 2032 1339 2071 cormeum

91 2077 260 2160 liliisne?
272 2098 313 2158 ad
334 2097 488 2159 faciendas
508 2095 746 2179 justificationes
774 2110 842 2158 tuas
870 2110 1003 2183 propter
1022 2094 1274 2167 retributionem,
1310 2106 1342 2156 et

95 2172 170 2210 Μ·
271 2182 310 2242 de
337 2182 446 2258 Moyse
475 2180 559 2243 dicat
589 2180 782 2268 Apostolus,
821 2182 909 2266 quod
930 2177 1112 2267 respiciebat
1140 2180 1171 2239 in
1193 2192 1345 2239 remunek

271 2269 430 2328 rationem.
1046 2290 1048 2295 ·

66 2330 259 2434 tritaet·
314 2416 318 2429 ,
355 2365 385 2418 s.
409 2350 513 2411 rrum
533 2370 599 2411 can.
623 2362 688 2419 re:
711 2350 744 2411 ss
766 2351 836 2434 quis
859 2351 985 2411 dixerit:
1006 2348 1066 2409 na
1087 2357 1251 2435 praecepta
1274 2344 1339 2405 no-

96 2430 182 2473 ⁸⁵¹’'¹¹¹⁸⁴
251 2438 346 2497 'mini
370 2436 461 2497 etiam
478 2433 650 2517 justificato
672 2449 702 2496 et
723 2435 782 2496 sub
798 2438 895 2520 gratia
914 2436 1100 2512 constituto,
1133 2451 1196 2493 esse
1217 2429 1258 2490 ad
1280 2430 1342 2491 ob·

173 2580 176 2584 .
270 2520 452 2582 seruandum
474 2519 698 2603 impossibilia,
739 2520 898 2582 anathema
919 2522 967 2580 sit.

97 2660 187 2702 M„
208 2666 263 2701 ‚m
356 2618 384 2673 5.
408 2604 740 2667 CHRYSOSTOMUS
770 2607 804 2665 L.
837 2618 864 2672 1.
894 2604 932 2665 de
954 2612 1131 2686 compunct.
1154 2598 1263 2662 cord.:
1294 2598 1339 2658 Re

97 2710 345 2762 nopes-sepsere
381 2692 447 2773 ipse
477 2690 698 2773 pronunciavit
728 2689 766 2750 de
789 2691 961 2772 praeceptis
992 2689 1078 2762 suis,
1100 2684 1186 2768 quod
1208 2681 1285 2743 nihil
1308 2683 1340 2742 iu

94 2759 215 2852 2:¹¹⁸&
230 2769 318 2835 ¹.¹'eis
340 2772 532 2835 laboriosum
547 2775 591 2835 sit
611 2785 641 2835 et
661 2773 740 2833 nihil
762 2794 949 2851 onerosum,
979 2771 1101 2833 dicens:
1127 2770 1241 2854 Jugum
1262 2767 1343 2827 euim

272 2879 374 2919 meum
405 2878 497 2918 suave
529 2870 597 2936 est,
627 2870 658 2920 et
689 2879 767 2919 onus
797 2879 897 2919 meum
919 2858 992 2919 leve.
1048 2855 1092 2916 Et
1111 2875 1169 2916 nos
1191 2874 1208 2914 e
1231 2863 1343 2912 contra

272 2945 376 3028 gravia
410 2939 579 3020 efficimus,
621 2964 701 3025 quae
729 2941 782 3002 ille
813 2940 890 3003 levia
915 2941 1102 3003 constituit:
1135 2949 1166 2999 et
1186 2956 1266 3019 qnae
1288 2932 1342 2995 ille

270 3029 375 3089 suavia
396 3030 517 3110 poenit,
540 3046 597 3087 not
619 3026 747 3087 facimus
771 3046 871 3088 amasa
898 3024 1089 3111 peccando·
1124 3020 1266 3100 Quodsi
1295 3018 1343 3080 la-

234 3100 238 3113 '
271 3111 435 3173 boriosum
471 3111 589 3195 aliquid
616 3125 695 3174 esset
725 3113 756 3171 in
779 3113 972 3196 praeceptis,
1003 3108 1147 3168 decenter
1178 3118 1210 3166 et
1228 3105 1341 3164 merito

271 3199 418 3258 uirtutem
451 3194 542 3256 labor
563 3198 779 3257 comitaretur:
814 3197 950 3283 praemia
984 3195 1063 3253 euim
1084 3191 1248 3275 proposita
1270 3198 1343 3247 sunt

272 3296 346 3366 post
379 3280 526 3340 laborem.
576 3279 666 3341 Nunc
694 3302 770 3343 vero
802 3281 909 3343 infelix
931 3280 1090 3341 animane
1113 3275 1193 3335 hanc
1215 3274 1343 3355 quidem

272 3367 472 3426 reverentiam
501 3364 612 3425 divinis
634 3363 753 3450 legibus
775 3366 879 3442 dabit,
912 3378 947 3426 ut
966 3363 1055 3423 sileat
1069 3370 1104 3423 'et
1125 3360 1283 3456 quiescat,
1298 3373 1343 3453 ’ne

98 3525 211 3573 ι...
230 3446 1343 3616 :resedissel:lul330rsut¹2¹usu2et¹⁸rl÷3

274 3618 443 3696 duntaxat,
484 3621 515 3677 in
538 3618 652 3699 quibus
673 3618 788 3680 Paulus
810 3621 905 3680 dicite
934 3617 1011 3677 Nam
1034 3612 1122 3696 quod
1144 3614 1175 3671 in
1198 3627 1346 3694 praesen-

273 3706 299 3764 ti
333 3717 379 3764 est
409 3716 651 3763 momentaneum
668 3717 712 3777 ¹et
744 3701 808 3763 leue
840 3702 1052 3763 tribulationis
1073 3709 1217 3773 nostres,
1250 3709 1348 3774 supra

274 3787 402 3848 modum
422 3789 600 3846 immensum
622 3799 761 3848 aeternae
782 3788 899 3871 gloriae
920 3785 1044 3871 pondus
1066 3793 1217 3867 operatur
1235 3778 1269 3836 iu
1286 3795 1348 3833 uo·

278 3873 336 3933 bis·
379 3870 475 3932 Vides
496 3891 571 3954 ergo
593 3873 682 3932 etiam
702 3872 857 3955 quidquid
880 3875 911 3932 in
933 3870 1086 3953 praesenti
1108 3877 1175 3942 est,
1209 3861 1275 3961 leve
1292 3878 1349 3957 ‘es-

278 3979 328 4034 se,
367 3958 455 4017 etiam
488 3956 513 4014 si
541 3954 704 4016 tribulatio
725 3957 774 4017 sit.
832 3958 904 4033 Quo
932 3954 1028 4014 modo
1052 3949 1141 4015 level
1184 3947 1269 4023 Quia
1291 3964 1353 4002 rm-

277 4060 413 4102 mensum
434 4038 558 4121 pondus
572 4040 696 4100 futurae
717 4040 836 4124 gloriae
857 4042 952 4101 levem
976 4039 1052 4099 facit
1080 4032 1249 4120 praesentis
1271 4040 1354 4087 tem·

276 4127 365 4210 poris
383 4122 631 4201 tribulationem,
656 4127 786 4186 etiamsi
804 4125 942 4188 sensibus
961 4125 1076 4183 nostris
1100 4119 1223 4204 grauius
1243 4113 1355 4172 videa·

278 4222 341 4269 tur.
384 4208 527 4288 Denique
548 4220 578 4267 et
599 4211 664 4295 ipse
686 4228 790 4270 causas
813 4205 1131 4290 inconsequentibus
1154 4199 1291 4284 exponit,
1314 4207 1353 4254 ut

280 4305 315 4353 ut
344 4311 434 4355 omne
462 4291 496 4353 id
517 4291 589 4353 duci
627 4292 692 4356 lere
712 4293 843 4375 debeat,
877 4291 1036 4378 quidquid
1053 4291 1158 4376 passio
1179 4280 1353 4371 praesentis
