2768 4762
287 380 369 454 124
641 373 714 440 nn
755 372 893 471 arna
926 375 991 440 nr

289 577 492 642 rumcuuque
504 557 682 622 animalium
707 561 799 622 etiam
812 559 974 623 hominum
995 559 1100 622 cibum
1122 560 1213 623 cedat
1226 581 1369 628 carnem-

292 658 356 726 que
376 655 534 722 mutetur,
563 642 610 706 illi
635 649 752 707 animae
775 644 926 706 humanae
947 659 1068 729 puncto
1098 649 1250 730 temporis
1271 651 1366 727 redit,

83 775 85 783 ,
294 748 373 810 quae
403 727 488 789 illam
538 728 678 803 tinnitus,
710 742 748 790 ut
771 727 867 791 homo
906 727 1009 808 fieret,
1044 744 1215 807 cresceret,
1237 734 1365 810 viveret,

113 803 449 899 fflfflunsnimavit
523 812 573 872 ide
601 815 659 873 istu
695 813 787 874 iatius
809 815 845 876 L.
877 814 980 875 XXII.
1007 814 1037 874 d.
1061 816 1119 876 civ.
1142 816 1201 875 Dei
1216 837 1290 898 ’cap
1313 832 1366 886 20.

296 896 372 981 Cap.
398 910 449 966 90.
464 897 496 957 in
522 895 671 979 Euchir.;
700 897 1030 979 Indecorumraliquid
1048 898 1093 958 ibi
1123 921 1187 959 non
1208 902 1288 977 erit,
1311 903 1367 963 sed

112 983 286 1029 ffihssvifflm
297 980 457 1081 quidquid
473 980 614 1042 futurum
643 993 705 1058 cst,
726 980 789 1042 hoc
813 979 952 1059 decebit,
981 984 1057 1065 quia
1077 1004 1135 1044 nec
1153 984 1293 1045 futurum
1309 999 1367 1064 est,

100 1033 324 1128 ,diffiiddho
352 1086 417 1127 non
443 1064 575 1126 decebit
626 1066 701 1148 Cap.
723 1078 790 1134 91.=
828 1067 1004 1148 Resurgent
1028 1080 1208 1129 sanctorum
1230 1089 1370 1153 corpora

115 1132 264 1186 emporus..
296 1152 362 1212 sine
378 1148 444 1215 ullo
465 1151 561 1226 vitio,
582 1152 647 1211 sine
671 1148 736 1210 ulla
758 1148 979 1227 deformitate,
1012 1154 1095 1212 sicut
1116 1155 1182 1212 sine
1203 1152 1268 1213 ulla
1292 1175 1371 1215 cor-

294 1236 475 1317 ruptione,
494 1230 605 1306 onere,
626 1233 817 1295 difficultate.
860 1236 1021 1334 Quantum
1042 1239 1152 1297 attinet
1171 1236 1209 1297 ad
1230 1257 1370 1320 corrup-

128 1320 433 1403 mmmtionem',
451 1318 544 1400 'quac
574 1340 655 1381 nunc
680 1331 823 1403 aggravat
860 1321 1011 1395 animam,
1041 1320 1131 1381 etad
1151 1323 1225 1382 vitia
1251 1320 1368 1407 quihus

113 1408 283 1499 ww:-
294 1423 368 1465 caro
395 1403 540 1464 adversus
569 1406 714 1489 spiritum
742 1406 957 1487 concupiscit,
994 1414 1072 1464 tunc
1095 1424 1159 1465 non
1185 1407 1246 1466 erit
1278 1426 1365 1484 caro,

111 1507 277 1560 concupim-
293 1487 347 1551 sed
361 1508 486 1572 corpus.
530 1486 689 1564 Quantum
709 1500 809 1548 autem
833 1490 944 1548 attinet
964 1488 1004 1548 ad
1024 1487 1244 1566 substantiam,
1274 1492 1367 1550 etiam

111 1555 234 1656 {ihm
247 1585 370 1653 ,gtune
389 1592 470 1632 caro·
487 1572 557 1633 erit.
598 1572 844 1655 Propter·quod
863 1584 894 1633 et
917 1585 991 1655 post
1011 1573 1270 1634 resurrectionem
1290 1595 1368 1635 eor-

293 1677 353 1742 pus
389 1656 507 1717 Christi
534 1676 608 1718 caro
630 1655 818 1738 appeliatum
842 1668 897 1716 est
940 1654 1003 1717 Sed
1023 1654 1095 1717 ideo
1113 1659 1157 1718 ait
1171 1657 1364 1740 Apostolus:

245 1760 250 1769 ·
292 1743 469 1803 Seminatur
501 1761 617 1823 corpus
637 1739 783 1817 animale,
805 1751 945 1822 resurget
960 1761 1079 1824 corpus
1105 1741 1259 1825 spiritale:
1281 1764 1367 1823 quo-

290 1827 374 1887 niam
394 1837 480 1887 tanta
504 1826 565 1886 erit
583 1838 658 1887 tnnc
674 1823 844 1887 concordia
861 1826 962 1884 carnis
977 1826 1182 1906 et.spiritus,
1201 1823 1364 1887 vivifican-

290 1921 323 1971 te
335 1911 450 1993 spiritu
465 1907 623 1985 subditam
643 1929 783 1985 carnem,
808 1920 845 1969 ut
869 1907 950 1968 nihil
969 1906 1062 1970 nohis
1078 1922 1229 1992 repugnet
1248 1930 1284 1969 ex
1301 1912 1364 1971 no·

289 1992 359 2071 bis,
374 1992 440 2093 ‘sed
451 1995 540 2093 'siout
554 1995 633 2057 foris
651 1994 820 2070 neminem,
843 1992 887 2054 ita
904 2012 961 2061 nee
979 1994 1062 2057 intus
1080 2013 1138 2054 nos
1156 1996 1241 2077 ipsos
1258 1997 1365 2076 patia-

282 2099 353 2141 mur
371 2099 525 2141 mimicos.
597 2148 600 2153 ,
640 2120 643 2125 -
1261 2103 1266 2111 ·

368 2176 399 2230 5.
441 2162 551 2225 IDEM
568 2163 604 2231 L,
623 2163 727 2242 XXII,
746 2161 856 2224 dcciv.
880 2160 940 2223 Dei
962 2180 1031 2245 cap.
1054 2174 1104 2231 12.
1123 2173 1302 2244 argumenta
1329 2174 1365 2224 et

287 2245 456 2309 calumnias
486 2244 657 2309 infidelium
677 2261 788 2309 contra
800 2247 1058 2321 resurrectionem
1075 2246 1237 2329 proponit.
1281 2246 1360 2328 Cap.

275 2343 340 2400 45.
365 2332 397 2400 d.
431 2330 564 2393 abortiv.
596 2332 702 2393 eadem
733 2331 851 2410 tradit,
886 2331 1020 2413 quaein
1042 2328 1238 2390 Euchiridio.
1282 2330 1360 2413 Cap.

287 2429 357 2485 aa:
382 2416 518 2479 Infantes
542 2419 675 2500 (inquit)
705 2436 769 2478 non
794 2418 826 2476 in
848 2436 882 2477 ea
904 2417 1109 2477 resurrecturi
1130 2416 1193 2475 siut
1211 2418 1359 2495 corporis

287 2502 466 2584 exiguitate,
500 2523 563 2585 qua
593 2502 728 2565 mortui:
765 2501 818 2563 sed
840 2499 927 2582 quod
953 2501 997 2559 eis
1027 2497 1146 2560 tardius
1167 2519 1360 2559 accessurum

285 2599 353 2647 erat
378 2599 540 2672 temporo,
571 2584 723 2648 hoosunt
739 2586 801 2665 ,ino
822 2587 881 2646 Dei
901 2604 996 2668 opere
1023 2585 1103 2644 miro
1118 2595 1211 2664 atque
1231 2582 1361 2643 celerri-

285 2690 336 2731 mo
364 2674 531 2755 recepturi.
584 2671 657 2754 Cup·
692 2684 759 2738 15.:
805 2670 913 2730 Restat
941 2668 1039 2752 ergo,
1054 2726 1057 2731 .
1072 2679 1110 2727 ut
1125 2687 1211 2726 suam
1227 2669 1359 2739 recipiat

105 2748 275 2843 ,2:1222231*
287 2755 421 2838 quisque
442 2775 630 2833 mensurum,
658 2775 751 2837 quam
785 2752 834 2813 vel
853 2752 966 2814 hahuit
978 2755 1009 2814 in
1029 2753 1209 2833 juventute,
1239 2753 1357 2813 etiamsi

106 2851 222 2903 scutrum
287 2860 376 2900 senex
406 2852 453 2901 est
483 2851 644 2901 mortuus:
674 2839 723 2899 ael
756 2838 858 2899 fuerat
880 2837 1064 2911 habiturus,
1100 2837 1126 2895 si
1149 2849 1219 2896 ante
1237 2849 1283 2897 est
1302 2836 1357 2897 de·

285 2924 422 2985 functus.
475 2922 593 3006 Atque,
613 2924 712 2999 illud,
749 2922 836 2990 ouod
865 2921 1115 2985 commemoravit
1132 2918 1305 3004 Apostolus
1319 2921 1358 2981 de

235 3036 237 3041 ¹
284 3028 427 3070 mensura
455 3012 562 3070 aetatis
588 3007 791 3093 plenitudinis
822 3006 956 3084 Christi,
1001 3008 1027 3067 si
1056 3005 1095 3067 de
1127 3009 1358 3067 resurrectione

103 3077 177 3132 'Ph'
193 3085 259 3128 ''¹‘'
285 3113 456 3177 corporum
481 3094 678 3167 dictumest,
708 3093 752 3152 sio
762 3090 1104 3179 pecipiamus-dictum,
1124 3104 1161 3150 ut
1179 3110 1235 3149 neo
1260 3089 1354 3165 ultra,

283 3196 342 3237 nec
358 3177 440 3239 infra
458 3177 621 3237 iuvenilem
651 3178 781 3237 formam
802 3188 964 3260 resurgant
983 3194 1121 3257 corporo
1142 3184 1354 3233 mortuorum:

285 3260 339 3322 sed
365 3264 399 3321 in
430 3283 466 3323 ea
493 3273 590 3322 aetate
609 3272 640 3320 et
664 3260 803 3337 robore,
827 3260 984 3342 usquead
1004 3280 1097 3342 quam
1119 3255 1276 3316 Christum
1302 3253 1355 3315 hio

282 3348 458 3429 pervenisse
485 3347 693 3428 eognovimus.
738 3346 830 3406 Circa
852 3348 981 3429 triginta
1015 3345 1132 3426 quippo
1155 3360 1251 3400 annos
1275 3335 1355 3397 defi-

99 3421 410 3515 Jg·⁰³·¹¹'··niernnt
428 3449 491 3491 esse
512 3431 603 3489 etiarn
630 3428 744 3489 saeculi
769 3429 864 3512 hujus
887 3430 1057 3491 doctissimi
1080 3425 1220 3485 homines
1243 3423 1353 3503 juven·

281 3527 388 3575 tutem.
433 3514 508 3596 Cap.
529 3526 596 3580 17.:
622 3512 700 3573 Mihi
720 3513 830 3575 melius
851 3534 958 3597 sapore
971 3513 1140 3584 videntur,
1160 3509 1215 3589 qui
1231 3518 1353 3567 utrum-

281 3619 343 3683 que
362 3619 466 3659 sexum
490 3611 736 3658 resurrecturum
766 3620 830 3659 esso
850 3619 912 3659 non
933 3595 1096 3656 dubitant:
1137 3591 1295 3651 nonenim
1312 3588 1353 3649 li·

266 3682 357 3749 .bido
381 3681 427 3744 ihi
462 3676 537 3759 erit,
571 3703 650 3765 quae
675 3683 868 3745 confusionis
891 3693 937 3743 est
961 3699 1054 3741 causa
1078 3689 1137 3737 eto.
1191 3675 1257 3750 Qui
1276 3695 1352 3758 ergo

254 3763 446 3850 'utrumque
471 3787 574 3827 sexum
602 3770 755 3846 instituit,
785 3781 951 3846 utrumque
976 3770 1126 3823 restituet·
1181 3759 1256 3842 Cap.
1282 3772 1352 3829 aaa

276 3851 370 3914 Nulla
395 3852 457 3921 erit
490 3851 688 3929 deformitas,
732 3872 824 3934 quam
855 3849 931 3910 iacit
949 3845 1187 3931 incongruentia
1202 3846 1352 3926 partium,

276 3934 333 3997 uhi
361 3946 393 3996 et
421 3954 502 4015 quae
529 3957 624 4020 prava
651 3926 741 4013 sunt,
775 3935 989 4016 corrigentur:
1022 3945 1054 3993 et
1072 3929 1160 4012 quod
1177 3930 1278 3988 minus
1293 3940 1351 4003 est,

94 3998 370 4102 ffiihifffiqmm
397 4017 509 4097 decet,
547 4022 630 4081 unde
660 4032 784 4080 creator
816 4023 924 4079 norit.
954 4017 1027 4079 inde
1059 4012 1279 4098 supplebiturs
1318 4023 1352 4073 et

300 4101 366 4164 uod
396 4100 468 4187 plus
499 4117 564 4183 est,
601 4124 693 4187 quum
717 4103 825 4179 docet,
858 4103 1002 4162 materiae
1021 4113 1141 4162 servata
1162 4098 1353 4180 integritate,

277 4125 468 4249 detrahetur.
511 4188 635 4251 Coloris
656 4208 757 4271 porro
786 4188 924 4248 suavitas
941 4199 1055 4268 quanta
1074 4186 1156 4260 erit,
1191 4182 1247 4241 ubi
1270 4182 1353 4263 justi

98 4277 244 4327 natasse
277 4271 443 4360 fulgebunt
462 4272 542 4336 siout
562 4272 610 4335 sol
629 4274 662 4335 in
689 4292 785 4357 reguo
812 4273 910 4356 patris
939 4270 1072 4335 eorum?
1115 4269 1205 4346 Quae
1223 4265 1350 4330 clarius
