2768 4762
395 397 788 465 ·uacaaoco.
974 398 978 405 ·
1053 404 1137 484 ses

10 587 202 669 [monium.
244 583 316 648 Non
347 589 486 669 sequeris
502 582 637 649 'turbem
658 586 699 648 ad
720 584 894 649 faciendum
909 586 1041 651 malum
1073 609 1133 654 nec

50 695 228 780 injudicio
249 694 460 779 plurimorum
483 690 660 785 acquiesces
680 695 866 774 sententiae,
894 709 928 758 ut
947 719 963 759 a
979 719 1054 759 vero
1076 675 1135 758 de}

51 809 130 873 vies.
172 803 321 887 Pauperis
355 823 484 884 quoque
508 823 573 864 uon
595 803 792 864 misereberis
829 806 862 863 in
882 804 1014 885 judicio.
1057 804 1130 867 Non

50 911 225 975 declinabis
261 913 294 971 iu
324 909 479 991 judicium
507 915 661 995 pauperis.
705 911 902 974 Mendacium
922 913 1038 996 fugies.⁴
1075 914 1131 973 In-

49 1033 174 1083 sontem
199 1030 230 1080 et
245 1020 365 1099 justum
389 1039 455 1078 nou
479 1019 621 1084 occides:
643 1024 717 1104 quia
738 1041 865 1080 aversor
885 1023 1022 1103 impium.
1063 1019 1129 1082 Nec

47 1130 183 1211 accipies
203 1145 353 1203 munera,
384 1146 463 1206 quae
486 1127 577 1188 etiam
600 1140 763 1190 excaecant
788 1127 1034 1212 prudentes,.et
1053 1126 1128 1188 sub-

48 1246 180 1295 vertunt
202 1230 298 1293 rerba
320 1235 490 1315 justorum.
1120 1239 1125 1245 ‘
1179 1214 1189 1235 '

136 1365 251 1430 Deut
273 1361 332 1426 V.:
365 1363 437 1426 Nou
460 1362 602 1448 loqueris
634 1376 744 1427 contra
773 1365 949 1449 proximum
967 1340 1056 1425 tuum
1073 1361 1129 1424 lal-

45 1495 118 1537 sum
142 1472 364 1535 testimouium.

136 1603 192 1663 Et
213 1600 322 1670 xv1.=
351 1600 477 1662 Iudices
495 1611 531 1663 ‘et
548 1601 713 1684 magistros
731 1604 902 1663 constitues
927 1603 960 1661 in
985 1598 1130 1663 omnibus

47 1715 154 1796 portis
175 1710 257 1785 tuis,
277 1730 354 1793 quas
369 1710 522 1770 Dominus
540 1696 626 1768 Deus
652 1720 725 1770 tuus
752 1707 874 1769 dederit
894 1707 953 1769 tibi
986 1728 1044 1791 per
1062 1709 1132 1768 'sin-

50 1815 141 1900 gulas
174 1815 277 1877 tribus
297 1829 381 1878 tuas:
399 1829 448 1905 'ut
465 1815 609 1898 judicent
626 1815 780 1900 populum
793 1817 882 1898 justo
906 1814 1050 1895 judicio,
1071 1834 1130 1877 neu

49 1924 85 1981 in
114 1921 240 1984 alteram
262 1935 382 2007 partem
399 1922 565 1985 declinent.
606 1922 679 1984 Nou
704 1925 838 2006 accipies
861 1942 1048 2006 personam,
1072 1940 1130 1981 nec

36 2052 194 2094 -mnnerae
211 2035 284 2112 quia'
300 2051 429 2091 munera
443 2012 605 2090 excaecant
615 2030 735 2093 ,oeulos
756 2032 944 2114 sapientium
964 2039 996 2089 et
1010 2038 1131 2091 mutant
1189 2022 1195 2039 ⁸

48 2138 146 2200 verba
168 2140 334 2221 justorum.
377 2139 482 2215 Juste,
505 2135 596 2220 quod
610 2137 729 2218 justum
749 2149 815 2215 cst,
843 2137 1060 2221 persequeris:
1092 2147 1130 2197 ut
1200 2223 1201 2226 Ἴ
1270 2182 1275 2194 .

51 2246 153 2323 visas,
176 2257 208 2305 et
225 2246 383 2329 possideas
402 2258 537 2324 terram,
565 2266 659 2329 vam
679 2247 835 2308 Dominus
865 2246 952 2306 Deus
975 2255 1050 2306 tuus
1065 2243 1129 2305 ‘de-

46 2348 134 2412 derit
156 2349 226 2411 tibi.
535 2422 538 2429 ¹

135 2457 234 2516 Item
266 2454 370 2515 xlx.=
402 2456 475 2518 Non
507 2454 602 2519 stabit
628 2463 714 2520 testis
745 2477 825 2517 unns
851 2468 962 2516 contra
981 2456 1126 2537 aliquem,
1213 2474 1218 2481 ·

46 2560 209 2645 quidquid
225 2561 304 2622 illud
329 2562 452 2645 peccati
473 2574 505 2628 et
526 2562 674 2624 facinoris
694 2565 804 2624 luerit:
833 2562 888 2623 sed
916 2561 949 2619 in
973 2582 1029 2622 ore
1045 2561 1129 2622 duo-

46 2690 123 2730 rum
155 2681 210 2730 aut
239 2671 334 2731 trium
361 2672 486 2731 testium
521 2669 617 2731 stabit
642 2689 734 2731 omne
760 2667 899 2731 verbum.
952 2665 986 2726 Si
1009 2671 1132 2730 steterit

45 2779 136 2838 testis
157 2778 285 2839 mendax
305 2790 417 2840 eontra
432 2777 610 2856 hominem,
633 2798 778 2839 accusans
796 2792 865 2836 eum
886 2777 1131 2859 praevaricatio-

45 2886 116 2961 nis,
151 2885 278 2947 stabunt
297 2885 414 2963 ambo,
448 2907 583 2969 quorum
605 2884 783 2961 causaest,
812 2895 886 2951 ¹ante
906 2883 1076 2943 Dominum
1099 2886 1132 2943 iu
1204 2942 1208 2953 ,

43 3007 220 3074 conspectu
245 2992 440 3054 sacerdotum
472 3006 505 3056 et
535 2992 700 3077 judicum,
734 2994 788 3076 qui
818 2991 937 3052 suerint
959 2992 993 3051 iu
1022 2990 1132 3052 diebus

46 3094 124 3158 illis.
180 3100 320 3184 Cumque
344 3101 574 3186 diligentissime
597 3112 847 3187 perscrutantes,
877 3098 1050 3158 invenerint
1068 3097 1127 3157 sal·

43 3224 118 3268 sum
151 3217 259 3266 testem
293 3208 403 3270 dixisse
427 3221 537 3271 contra
559 3209 687 3270 fratrem
715 3229 803 3269 suum
822 3205 1031 3268 mendacium
1055 3204 1130 3265 red·
1180 3235 1197 3263 μ

46 3311 128 3374 dent
147 3316 186 3393 ei,
212 3317 294 3376 sicut
315 3316 405 3376 fratri
423 3337 483 3377 suo
505 3317 607 3378 faeere
629 3318 796 3401 cogitarit,
826 3326 858 3375 et
879 3314 999 3375 auferes
1015 3312 1130 3373 malum

44 3419 88 3482 de
118 3424 221 3482 medio
254 3425 329 3491 tuis,¹
349 3436 386 3484 ut
410 3424 570 3485 audientes
602 3427 715 3486 caeteri
743 3425 886 3484 timorem
907 3422 1064 3492 habeant,
1098 3431 1131 3481 et

47 3547 250 3610 nequaquam
276 3530 351 3592 talia
387 3531 521 3593 audeant
540 3532 651 3593 facere.
693 3530 764 3593 Nou
787 3529 982 3593 misereberis
1009 3531 1088 3617 ejus.

131 3636 234 3696 Item
261 3637 417 3722 XXVIM
461 3638 668 3717 Maledictus,
711 3642 765 3723 qui
793 3641 944 3723 pervertit
975 3637 1131 3719 judicium

47 3741 204 3821 advenae,
236 3744 392 3828 pupilli,
439 3758 471 3807 et
506 3747 618 3808 viduae
630 3768 639 3817 ;
694 3758 726 3807 et
753 3747 836 3809 dicet
875 3748 976 3807 omnis
1027 3765 1133 3829 popu·

51 3847 114 3909 lus:
139 3849 247 3913 Amen.
626 3908 630 3915 .

133 3956 251 4020 Pror.
288 3961 382 4024 x11.=
423 3961 510 4041 Qui,
549 3959 637 4045 quod
670 3963 779 4040 novit,
829 3960 990 4044 loquitur,
1035 3959 1132 4043 judex

45 4062 185 4143 justitiae
218 4079 281 4129 ests
316 4073 371 4150 qui
405 4083 506 4131 autem
527 4071 695 4146 mentitur,
728 4071 814 4130 testis
834 4068 1131 4131 estfraudulcntus·

45 4170 126 4248 Est,
160 4177 215 4257 qui
238 4179 421 4260 promittit,
444 4170 476 4239 et
491 4178 588 4264 *quasi
611 4176 715 4261 gladio
734 4180 885 4262 pungitur
908 4179 1130 4239 conscientiae:

43 4277 153 4364 lingna
181 4294 285 4344 autem
312 4285 497 4369 sapientium
518 4287 631 4347 sanitas
656 4297 712 4346 est.
756 4284 888 4348 Labium
911 4286 1053 4349 veritatis
1074 4281 1134 4344 fir-
