2768 4762
262 406 359 486 m.
568 402 642 498 njn
675 374 1036 471 enarrandus

263 595 303 659 ad
323 591 519 656 eos=·Sancti
543 603 661 671 estote,
682 591 757 675 quia
773 610 831 675 ego
853 572 978 655 moetus
998 611 1067 654 sum
1082 590 1234 657 Dominus
1253 599 1344 664 Deus

262 715 378 766 noster.
428 701 651 784 Unusquisque
673 708 795 785 patrem
810 719 900 760 suum
920 712 952 762 et
974 712 1101 762 matrem
1121 722 1207 765 suam
1226 708 1348 770 finient.

261 810 398 872 Sabbata
414 829 481 871 mea
504 807 686 877 custoditas?
710 804 783 891 Ego
802 806 956 869 Dominus
978 806 1088 869 DEUS
1102 822 1210 871 vester.
1252 813 1351 876 Noli.

260 918 329 980 lite'
346 917 487 980 converti
527 914 566 975 ad
594 910 789 1005 idolstassns't
809 913 897 975 ¹deos
917 912 1088 985 conflatiles
1109 917 1227 980 faciatis
1241 895 1347 985 vobis.

172 1063 175 1067 ⁴
218 1002 221 1012 Ι
258 1027 328 1111 Ego
362 1025 514 1086 Dominus
544 1020 655 1083 DEUS
681 1032 795 1087 vestm
845 1020 918 1082 Non
949 1021 1068 1084 facietis
1091 1023 1228 1086 furtum:
1263 1027 1339 1090 Non

260 1130 472 1207 mentiemini,
523 1149 581 1189 neo
620 1127 1007 1212 desipiettrznnusquisque
1037 1133 1214 1214 proximum
1241 1155 1346 1198 suum.

260 1240 333 1303 Non
361 1236 541 1322 perjurabis
566 1237 599 1295 in
623 1234 750 1296 nomine
783 1254 872 1314 meo,
907 1256 963 1296 nec
980 1234 1102 1319 polines
1129 1258 1241 1299 nomen
1267 1242 1347 1306 DEI

260 1334 332 1413 tuis·
361 1340 610 1430 Ego'Domiuus.
653 1343 750 1403 Etin
769 1338 823 1401 fin.
842 1361 928 1425 cap-2
951 1343 1115 1406 Custodite
1141 1349 1344 1431 omniaprae-

261 1464 439 1540 ceptt'mea
451 1444 489 1514 'et
512 1453 656 1512 universa
677 1448 816 1532 juditia,
840 1461 871 1510 et
889 1449 981 1512 Facite
999 1472 1044 1513 es,
1096 1451 1164 1536 Ego
1180 1454 1343 1534 Dominus.

285 1590 292 1603 '
323 1564 466 1645 'D'eut
489 1580 565 1645 IV..
585 1580 630 1655 Et
654 1590 737 1641 nunc
758 1579 855 1641 Israel
877 1579 950 1641 audi
972 1595 1138 1666 praecepta
1160 1597 1192 1646 et
1208 1588 1342 1667 judicia,

261 1672 348 1777 qba'e,
370 1701 427 1777 eg'o
447 1690 547 1751 doceo
573 1698 623 1765 te,
644 1685 690 1748 ut¹
707 1686 821 1748 faciens
839 1709 891 1766 ea,
912 1672 995 1749 viras
1012 1701 1045 1750 et
1066 1691 1241 1775 ingrediens
1261 1717 1340 1778 pos-

261 1794 361 1862 sideas
382 1782 544 1874 ²terram,'
563 1814 654 1878 quam
681 1794 836 1857 Dominus
866 1794 977 1857 DEUS
1008 1807 1133 1880 patrum
1165 1813 1341 1865 vestrorum

261 1907 392 1968 daturus
406 1902 412 1909 ⁴
428 1915 475 1964 est
504 1903 603 1964 vobis.
651 1901 724 1963 Non
756 1901 876 1964 addetis
901 1902 940 1964 ad
968 1902 1115 1983 verbum,
1139 1907 1226 1987 qnod
1249 1909 1340 1972 vobis

204 2004 207 2013 ’
264 1986 404 2097 ioq'dor',
438 2031 495 2072 neo
523 2008 672 2071 auferetis
703 2007 745 2070 ab
774 2030 829 2070 en:
871 2009 1028 2073 custodite
1053 2013 1193 2074 mandata
1212 2017 1342 2078 Domini

263 2106 349 2182 D'Es
361 2110 472 2197 vestri,
508 2137 588 2201 quae
618 2137 676 2201 ego
691 2117 862 2201 praecipio
891 2116 991 2179 vobis.
1033 2118 1144 2198 Scitis,
1165 2123 1254 2202 quod
1279 2125 1346 2184 do·

263 2216 390 2307 edbiim'
405 2216 478 2288 'vo's¹
497 2237 663 2310 praecepta
688 2234 783 2306 atque
808 2224 965 2305 justitias,
986 2227 1066 2287 sicut
1082 2227 1235 2310 mandavit
1259 2230 1340 2291 mihi

262 2318 417 2398 Domitius
440 2331 550 2393 DEUS
573 2352 674 2393 meus:
710 2332 755 2391 sic
778 2329 895 2392 iacietis
916 2334 1118 2412 interrasa,
1142 2355 1235 2416 quam
1260 2357 1343 2419 pos-

261 2442 376 2506 sessuri
407 2445 503 2517 estis,
536 2451 567 2502 et
595 2437 820 2517 observubitis,
855 2449 887 2500 et
911 2440 1080 2524 implebitis
1108 2463 1213 2527 opere·
1256 2445 1351 2505 Haec·

261 2546 309 2614 e'st
333 2551 414 2612 euim
443 2562 545 2611 restra
568 2549 736 2632 sapientia,
771 2560 802 2609 et
822 2545 997 2608 intellectus
1015 2568 1120 2610 coram
1136 2552 1281 2634 populis,
1303 2565 1340 2614 ut

263 2659 424 2721 audientes
446 2658 582 2718 universi
609 2666 777 2740 praecepta
796 2652 895 2733 baec,
917 2651 1041 2717 dicant:
1061 2656 1109 2716 En
1131 2657 1270 2742 populus
1290 2680 1343 2721 sa·

186 2844 188 2855 ,
259 2769 347 2852 piens
378 2779 409 2828 et
434 2763 627 2850 intelligens,
666 2782 739 2847 gens
768 2781 886 2845 magna.
928 2762 993 2825 Nec
1017 2776 1063 2826 est
1084 2764 1251 2827 alienatio
1274 2778 1339 2827 tam

184 2876 187 2887 '
257 2873 400 2958 grandis,
423 2892 503 2956 quae
520 2869 634 2931 babeat
653 2870 729 2932 deos
745 2872 1034 2955 appropinquantes
1055 2872 1135 2951 sibi,
1163 2876 1244 2936 sicut
1267 2875 1340 2936 Dn-

256 2983 357 3042 minus
387 2978 497 3040 DEUS
527 2991 634 3039 noster
658 2976 744 3038 adest
776 2978 896 3038 eunctis
921 2979 1190 3042 obsecrationibus
1209 2983 1338 3046 nostris.

258 3080 348 3165 Quae
370 3088 509 3175 estenim
530 3086 591 3147 alia
615 3106 690 3170 qens
717 3090 762 3147 sie
786 3085 911 3163 inclita,
933 3100 970 3149 ut
989 3087 1102 3149 habeat
1119 3090 1337 3164 caeremonias,

253 3196 401 3276 justaque
428 3193 547 3275 judicia
572 3205 603 3253 et
632 3198 807 3255 universam
828 3194 944 3278 legem,
972 3216 1064 3278 quam
1085 3217 1142 3280 ego
1159 3216 1339 3280 proponam

254 3300 351 3364 bodie
387 3315 457 3361 ante
484 3299 593 3363 oculos
630 3301 770 3363 vestros?
824 3301 954 3363 Custodi
992 3305 1090 3386 igitur
1116 3315 1210 3364 temet
1235 3304 1339 3386 ipsum

254 3421 286 3471 et
304 3411 434 3469 animam
466 3407 714 3471 tuam‘sollicite.
757 3409 803 3471 Ne
825 3409 1019 3472 obliviscaris
1042 3410 1232 3486 verborum,
1256 3429 1335 3491 qnae

253 3515 401 3577 viderunt
431 3509 516 3578 oculi
549 3520 619 3593 tui,
655 3527 687 3578 et
721 3537 761 3577 ne
794 3518 936 3579 excidant
963 3518 1002 3579 de
1034 3518 1333 3581 cordetuocunotis‘

254 3622 365 3684 diebus
386 3624 466 3684 vitae
485 3634 564 3683 tuae.
607 3621 744 3684 Docebis
766 3644 801 3683 ea
825 3622 907 3685 filios
929 3645 966 3687 ao
981 3638 1109 3709 nepotes
1134 3637 1215 3698 tuos,
1241 3623 1336 3701 diem,

252 3733 285 3791 in
308 3751 370 3813 quo
387 3730 498 3791 stetisti
518 3749 624 3790 coram
643 3730 780 3791 Domino
796 3729 887 3793 DEO
908 3745 964 3793 tuo
987 3735 1019 3792 in
1043 3731 1171 3809 Horeb,
1205 3731 1337 3813 quaudo

251 3837 407 3898 Dominus
434 3836 557 3898 locutus
585 3848 634 3898 est
646 3837 758 3915 mihir
777 3836 897 3899 dicens:
920 3839 1082 3924 congrega
1095 3838 1135 3900 ad
1155 3859 1203 3899 me
1228 3857 1337 3922 popu-

252 3944 343 4022 lum,·
356 3956 391 4005 nt
405 3943 534 4006 audiant
553 3964 707 4006 sermones
723 3966 829 4024 meos,
852 3957 882 4006 et
915 3946 1036 4008 discant
1060 3949 1169 4009 timere
1187 3967 1234 4005 rne
1264 3966 1336 4006 om·

250 4056 283 4114 ni
305 4065 467 4136 tempore,
500 4072 565 4132 quo
588 4053 696 4113 vivunt
720 4054 752 4112 in
785 4064 890 4130 terra,
923 4053 1119 4137 doceantque
1146 4052 1334 4114 filiossuos.

250 4159 293 4220 Et
313 4158 481 4244 accessistis
507 4158 545 4219 ad
564 4157 681 4221 radices
699 4161 835 4238 montis,
870 4161 924 4244 qui
944 4160 1076 4227 ardebat
1088 4181 1189 4244 usque
1204 4158 1245 4219 ad
1272 4179 1335 4217 cc-

248 4263 332 4327 tom:
359 4275 509 4345 erantque
543 4264 638 4328 ineo
657 4265 826 4348 tenebrae,
860 4280 892 4377 et
913 4267 1033 4348 nubes,
1062 4279 1094 4332 et
1111 4267 1223 4352 caligo.
1266 4266 1335 4328 Low
