2768 4762
420 379 757 447 SYMBOLO.
1061 372 1141 443 123

61 598 118 655 re,
137 572 279 639 fructum
300 567 523 657 grandescere,
545 580 578 630 ct
597 578 697 630 totam
719 563 863 628 arborem
882 557 1025 625 redivivo
1039 552 1143 617 aleco-

61 685 98 724 re
120 660 239 724 vestiri.
294 656 511 717 lndesineuter
545 653 698 714 cernimus
725 671 820 736 parva
848 646 999 710 arborum
1027 643 1143 704 semina
1175 650 1184 661 '

61 759 166 808 terrae
196 738 384 802 humoribus
419 736 643 799 commendari:
678 757 713 798 ex
735 732 850 817 quibus
869 754 935 794 nou
955 730 1049 813 longe
1069 735 1145 811 post

63 830 232 913 aspicimus
254 844 364 908 magna
394 822 523 883 arbusta
545 841 690 905 surgere,
712 819 790 881 lolia
809 837 966 902 pomaque
985 813 1144 899 prolerre.

66 913 156 991 Quid
179 931 255 995 ergo
280 912 415 985 mirum,
436 909 465 968 si
486 906 697 968 tenuissimum
719 903 898 987 pulverem,
917 899 967 962 vel
989 920 1007 961 a
1027 897 1144 960 uostris

68 996 169 1060 oculis
191 998 223 1056 in
246 992 402 1055 elementis
425 991 601 1067 redactum,
637 1011 706 1051 cum
727 987 818 1064 vult,
854 989 887 1047 iu
908 985 1066 1047 hominem
1093 1002 1145 1042 re-

68 1083 209 1156 format,
240 1081 296 1161 qui
318 1098 353 1137 er
374 1076 560 1137 tenuissimis
581 1073 749 1137 seminibus
781 1074 925 1132 immensa
946 1068 1073 1132 arbusta
1094 1086 1147 1127 re-

69 1162 247 1249 diutegrstl
291 1163 374 1238 Quia
395 1179 479 1244 ergo
504 1159 670 1221 rationales
702 1176 805 1218 sumus
827 1156 965 1232 conditi,
989 1174 1074 1239 spem
1095 1170 1147 1210 re·

68 1249 273 1313 surrectionis
292 1259 419 1307 nostrae
447 1264 482 1304 ex
512 1246 523 1303 i
547 1264 579 1304 sa
601 1241 747 1304 debemus
769 1260 875 1300 rerum
895 1240 999 1322 speeie
1018 1249 1050 1298 et
1069 1255 1148 1296 oon·

67 1333 271 1417 templatioue
306 1330 464 1414 colligere.
519 1266 582 1388 led
616 1329 689 1409 quia
717 1328 750 1384 iu
778 1323 871 1385 uobis
895 1343 1003 1384 sensus
1023 1333 1058 1381 to
1098 1319 1149 1379 uit

68 1418 218 1495 rationis,
252 1416 382 1477 accessit
412 1415 445 1472 in
468 1411 639 1494 exemplum
673 1410 771 1494 gratia
792 1407 1010 1492 redemptoris.
1083 1402 1147 1463 enit

66 1520 203 1583 namque
225 1499 374 1560 conditor
395 1508 526 1571 noster,
549 1495 685 1576 suscepit
707 1504 860 1570 mortem,
883 1489 1020 1554 ostendit
1041 1464 1324 1572 resur-,30¹¹‘3'222

66 1588 257 1647 rectionemr
290 1594 343 1656 ut,
367 1581 422 1661 qui
455 1579 693 1640 resurrectionis
727 1598 812 1663 spem
844 1598 879 1638 er
900 1577 1023 1639 ratione
1043 1566 1273 1669 tencregfflj·
1290 1575 1325 1605 ⁸⁸·

67 1668 248 1741 noluimus,
277 1663 358 1724 hauc
393 1684 428 1724 ex
456 1665 525 1744 ejus
546 1663 709 1745 adjutorio
746 1675 777 1724 et
797 1663 937 1747 exemplo
963 1672 1149 1722 teneremus.

70 1753 117 1811 Et
137 1749 280 1830 quisquis
302 1750 539 1808 resurrectionis
559 1748 758 1808 virtutem'in
780 1769 813 1811 se
833 1745 903 1808 fieri
924 1766 1017 1832 posse
1038 1743 1150 1827 despe-

73 1846 146 1907 rat,
183 1829 278 1893 rerba
310 1833 342 1892 in
368 1831 540 1917 gentilitate
570 1833 667 1916 positi
698 1832 758 1891 riri
790 1830 893 1893 fidelis
914 1830 1097 1904 erubescat,
1119 1835 1151 1886 et

71 1928 182 2000 penset
208 1920 343 1998 qusuto'
358 1935 478 2000 poenae
495 1917 536 1976 sit
557 1915 698 1998 pondere
717 1916 894 1995 feriendus,
918 1918 943 1979 si
966 1913 1071 1977 adhue
1083 1930 1150 1995 npn

71 1999 175 2061 credit
195 2018 300 2074 suam,
321 2002 376 2082 qui
397 2001 461 2082 jem
484 2002 745 2061 resurrectionem
766 2002 893 2063 Domini
916 2000 1065 2084 coguovit
1082 1996 1151 2056 fac-

70 2096 149 2146 tan:
171 2085 197 2143 si
218 2095 249 2144 et
270 2081 323 2143 ille
344 2104 432 2144 suam
453 2085 588 2147 credidit
599 2131 610 2164 ,
634 2088 690 2169 qui
709 2083 814 2147 adbuc
835 2085 964 2147 Domini
982 2085 1055 2146 teau
1076 2098 1150 2164 ape·

71 2168 162 2229 rabat
192 2188 257 2229 esse
289 2167 470 2231 faciendam.
525 2169 569 2232 Et
603 2190 672 2254 cap.
694 2183 765 2239 51η
796 2171 834 2231 lu
863 2169 917 2231 illa
939 2166 1150 2235 resurreetio·

71 2255 119 2313 uis
147 2253 247 2337 gloria
274 2255 335 2313 erit
363 2273 481 2335 eorpus
509 2266 655 2315 nostrum
689 2253 803 2315 subtile
827 2254 952 2337 quidem
972 2256 1034 2338 per
1055 2228 1329 2321 affec-,filssliflff'

70 2348 171 2418 tuma
196 2336 306 2398 iritalis
326 2339 506 2417 potentiae,
537 2337 591 2396 aed
636 2337 769 2419 alpabile
795 2358 854 2421 per
873 2342 1033 2400 ueritatem
1055 2333 1329 2430 natu·{ss⁸J,2⁸ffif⁰

1160 1799 1328 1855 recussum.

55 2420 135 2482 rac.
173 2358 216 2479 ln
245 2418 301 2478 illa
321 2418 457 2478 caelestis
486 2423 572 2501 regni
600 2358 701 2503 gloria
720 2440 794 2481 caro
819 2423 987 2482 secundum
1006 2434 1148 2482 naturam
1159 2426 1246 2481 pasus.

69 2507 154 2577 crit,
187 2501 241 2561 sed
262 2500 432 2560 secundum
450 2504 629 2584 passionum
651 2500 803 2564 desideria
822 2524 887 2565 uon
909 2507 989 2582 erit,
1016 2505 1072 2585 qui
1094 2502 1151 2560 ‹le-

69 2590 161 2647 vieto
188 2586 301 2646 mortis
332 2582 464 2661 aculeo,
506 2585 539 2643 iu
572 2596 696 2646 aeterna
729 2587 970 2671 incorruptione
997 2580 1149 2727 regnabit

1047 2689 1068 2751 P

70 2671 180 2733 ITEM
201 2688 269 2754 cap.
300 2680 375 2737 ssa
411 2666 541 2752 sipost
573 2671 833 2731 resurrectionem
856 2690 973 2755 corpus
994 2689 1034 2752 pa
1069 2666 1153 2728 abile

70 2776 138 2817 uon
160 2755 244 2833 erit,
267 2753 413 2838 prolecto
437 2752 516 2814 alius
538 2755 662 2836 surgit,
684 2775 776 2837 qnam
797 2757 953 2818 moritura
977 2754 1065 2837 quod
1087 2751 1156 2812 die-

72 2852 110 2900 tu
132 2840 219 2901 nefas
241 2851 288 2901 est
310 2837 459 2914 credere,
493 2840 567 2920 quia
589 2859 647 2922 ego
673 2841 815 2918 morior,
849 2852 880 2901 et
902 2839 982 2901 alius
1002 2847 1154 2920 resurgat.

159 2937 189 2992 a.
232 2920 494 2983 AUGUSTINUS
515 2923 548 2983 in
563 2922 664 2985 Ensis„
686 2923 726 2984 ad
747 2924 891 2985 Laureut.
913 2945 981 3009 cap.
1004 2936 1074 2993 aa:
1093 2921 1157 2981 lte-

74 3019 289 3068 surrecturam
311 3026 435 3067 carnem
456 3008 615 3085 omnium,
649 3009 830 3090 quicunque
849 3010 913 3071 nati
949 3021 1022 3070 sunt
1051 3005 1158 3068 homi·

74 3113 152 3152 num
180 3104 274 3173 atque
306 3103 493 3168 nascentur,
527 3103 558 3152 et
584 3097 703 3165 mortui
736 3104 810 3153 sunt
837 3104 933 3176 atque
953 3093 1154 3169 moriuntur,

73 3175 166 3235 nullo
189 3175 286 3237 modo
302 3174 448 3236 dubitare
467 3174 561 3236 (lebet
582 3176 785 3237 Christianus.
830 3177 904 3264 Cap.
926 3190 968 3247 85
992 3189 1023 3239 et
1044 3174 1094 3247 86.
1114 3175 1154 3237 de
1215 3223 1333 3278 ..quim

74 3258 229 3321 abortivis
250 3259 389 3321 foetibus
422 3259 581 3344 disputat,
614 3279 653 3319 au
681 3265 886 3324 resurrecturi
907 3264 978 3324 sint
1021 3261 1076 3324 Ait
1096 3275 1185 3322 au-rs
1221 3282 1245 3315 o
1271 3286 1333 3317 nor-

75 3358 141 3407 tem
163 3363 229 3427 cap.
250 3355 325 3412 att:
359 3342 406 3405 Es
427 3364 492 3427 quo
512 3344 624 3428 incipit
644 3343 739 3406 homo
761 3347 886 3426 vivere,
907 3368 943 3409 cx
965 3346 1021 3410 illo
1042 3351 1152 3429 utique
1163 3328 1280 3431 22:22⁸·
1294 3337 1332 3366 '⁸‘

76 3433 143 3513 jam
164 3429 244 3488 mori
262 3439 376 3511 potest.
418 3430 566 3489 Mortuus
587 3449 682 3507 vero,
716 3429 900 3515 ubicunque
921 3430 967 3492 illi
988 3454 1072 3494 mors
1090 3452 1153 3516 po-

76 3516 141 3575 tuit
165 3515 305 3590 evenire,
326 3530 391 3596 quo
413 3511 452 3573 ad
474 3516 733 3575 resurrectionem
754 3536 820 3577 uon
835 3519 990 3601 pertineat
1008 3531 1154 3581 mortuo-

77 3618 170 3696 m?
195 3599 337 3695 '‘Pell“
351 3615 415 3658 '¹⁰¹¹
441 3618 581 3682 P⁰⁸³1¹m·
622 3598 697 3683 Cap·
719 3611 771 3668 80.
794 3600 833 3662 de
853 3606 1037 3665 monstrosis
1057 3604 1334 3696 f⁰⁸il·}l1⁰,''g‘{f'0ssss

78 3680 200 3743 busita
220 3692 281 3741 art:
301 3680 410 3764 Neque
430 3684 511 3744 enim
531 3695 563 3746 et
588 3696 745 3763 monstra,
767 3704 849 3767 quae
866 3698 1036 3748 nascuntur
1060 3699 1092 3748 et
1105 3708 1213 3746 rvr-us·
1235 3711 1333 3745 assus·

76 3777 175 3843 runt,
195 3764 371 3865 quamlibet
387 3768 451 3828 cito
470 3770 662 3845 moriantur,
682 3780 738 3829 aut
759 3782 972 3832 resurrectura
992 3760 1296 3857 negabam-‘'⁸²¹⁸‘⁸²'

78 3861 151 3928 tur,
173 3861 231 3911 aut
250 3861 294 3910 rta
317 3861 424 3911 vitiata
442 3865 657 3914 resurrectura
676 3851 930 3933 credendarum,
952 3875 988 3917 ao
1007 3876 1073 3920 non
1093 3878 1157 3943 po·

78 3936 143 3995 tius
170 3947 314 3997 correcta
340 3934 560 4021 emendataque
591 3949 713 3999 natura.
766 3939 844 4086 ᾖ).
875 3950 945 4009 aa:
977 3938 1050 4004 Non
1069 3945 1154 4028 perit

78 4017 169 4083 1)Εο
206 4032 330 4082 terrena
363 4022 525 4100 materies,
564 4019 603 4085 de
625 4041 687 4106 qua
712 4044 765 4085 mo
827 4025 891 4085 ium
920 4038 1044 4088 creatnr
1066 4047 1152 4107 caro,
1175 4009 1333 4067 Mmt-

78 4101 136 4164 seo
160 4105 192 4167 in
215 4103 388 4189 quemlibet
408 4106 566 4190 pulverem
586 4108 758 4169 cineremve
786 4107 945 4187 solvatur,
974 4111 1007 4171 iu
1030 4075 1334 4195 quoslt-llllii‘lii

75 4186 135 4248 bct
155 4185 271 4251 halitus
293 4209 447 4273 aurasque
470 4189 628 4274 diffugiat,
649 4193 682 4253 in
695 4213 911 4279 quamcunque
925 4193 1059 4258 aliorum
1076 4172 1330 4265 cor-,llss'r'lssff

72 4292 191 4358 porum
209 4272 414 4338 substantiam
438 4273 487 4336 vel
510 4277 629 4360 inipso
656 4274 806 4344 elementa
827 4288 991 4359 vertatur,
1013 4280 1046 4343 in
1068 4300 1152 4365 ⁸1⁰9·
1160 4268 1306 4324 rosam.
