<?xml version="1.0" encoding="UTF-8"?>
<!DOCTYPE html PUBLIC "-//W3C//DTD XHTML 1.0 Transitional//EN"
    "http://www.w3.org/TR/xhtml1/DTD/xhtml1-transitional.dtd">
<html xmlns="http://www.w3.org/1999/xhtml" xml:lang="en" lang="en">
 <head>
  <title>
</title>
<meta http-equiv="Content-Type" content="text/html;charset=utf-8" />
  <meta name='ocr-system' content='tesseract 3.04.00' />
  <meta name='ocr-capabilities' content='ocr_page ocr_carea ocr_par ocr_line ocrx_word'/>
</head>
<body>
  <div class='ocr_page' id='page_1' title='image "./summadoctrinaec00kanigoog_0517.png"; bbox 0 0 2752 4770; ppageno 0'>
   <div class='ocr_carea' id='block_1_1' title="bbox 260 360 1089 451">
    <p class='ocr_par' dir='ltr' id='par_1_1' title="bbox 260 360 1089 451">
     <span class='ocr_line' id='line_1_1' title="bbox 260 360 1089 451; baseline -0.004 -24"><span class='ocrx_word' id='word_1_1' title='bbox 260 384 341 451; x_wconf 67' lang='lat'><strong>403</strong></span> <span class='ocrx_word' id='word_1_2' title='bbox 514 360 1089 429; x_wconf 77' lang='lat' dir='ltr'><strong>nneunucEr&#39;rls</strong></span> 
     </span>
    </p>
   </div>
   <div class='ocr_carea' id='block_1_2' title="bbox 55 547 1373 3165">
    <p class='ocr_par' dir='ltr' id='par_1_2' title="bbox 55 547 1350 1223">
     <span class='ocr_line' id='line_1_2' title="bbox 264 547 1350 636; baseline -0.006 -18"><span class='ocrx_word' id='word_1_3' title='bbox 264 560 341 621; x_wconf 86' lang='lat' dir='ltr'><strong>Nam</strong></span> <span class='ocrx_word' id='word_1_4' title='bbox 376 558 401 615; x_wconf 87' lang='lat' dir='ltr'><strong>si</strong></span> <span class='ocrx_word' id='word_1_5' title='bbox 422 547 711 636; x_wconf 66' lang='lat' dir='ltr'><strong>quiscousideret,</strong></span> <span class='ocrx_word' id='word_1_6' title='bbox 743 558 895 629; x_wconf 87' lang='lat' dir='ltr'><strong>quantum</strong></span> <span class='ocrx_word' id='word_1_7' title='bbox 921 548 955 609; x_wconf 91' lang='lat' dir='ltr'><strong>id</strong></span> <span class='ocrx_word' id='word_1_8' title='bbox 975 550 1015 607; x_wconf 87' lang='lat' dir='ltr'><strong>sit</strong></span> <span class='ocrx_word' id='word_1_9' title='bbox 1036 549 1244 625; x_wconf 72' lang='lat' dir='ltr'><strong>mysterium,</strong></span> <span class='ocrx_word' id='word_1_10' title='bbox 1275 555 1350 611; x_wconf 87' lang='lat' dir='ltr'><strong>ntis</strong></span> 
     </span>
     <span class='ocr_line' id='line_1_3' title="bbox 266 634 1347 720; baseline -0.009 -16"><span class='ocrx_word' id='word_1_11' title='bbox 266 644 406 715; x_wconf 84' lang='lat' dir='ltr'><strong>sedicet,</strong></span> <span class='ocrx_word' id='word_1_12' title='bbox 446 637 499 720; x_wconf 88' lang='lat' dir='ltr'><strong>qui</strong></span> <span class='ocrx_word' id='word_1_13' title='bbox 525 634 619 695; x_wconf 90' lang='lat' dir='ltr'><strong>homo</strong></span> <span class='ocrx_word' id='word_1_14' title='bbox 654 636 718 715; x_wconf 89' lang='lat' dir='ltr'><strong>ipse</strong></span> <span class='ocrx_word' id='word_1_15' title='bbox 737 634 800 701; x_wconf 83' lang='lat' dir='ltr'><strong>sit,</strong></span> <span class='ocrx_word' id='word_1_16' title='bbox 844 652 938 693; x_wconf 87' lang='lat' dir='ltr'><strong>carne</strong></span> <span class='ocrx_word' id='word_1_17' title='bbox 959 654 994 693; x_wconf 89' lang='lat' dir='ltr'><strong>ac</strong></span> <span class='ocrx_word' id='word_1_18' title='bbox 1017 636 1168 713; x_wconf 77' lang='lat' dir='ltr'><strong>sanguiue</strong></span> <span class='ocrx_word' id='word_1_19' title='bbox 1190 634 1347 695; x_wconf 76' lang='lat' dir='ltr'>etiamnum</span> 
     </span>
     <span class='ocr_line' id='line_1_4' title="bbox 267 714 1345 799; baseline -0.01 -9"><span class='ocrx_word' id='word_1_20' title='bbox 267 739 426 797; x_wconf 81' lang='lat' dir='ltr'>constans,</span> <span class='ocrx_word' id='word_1_21' title='bbox 451 726 548 799; x_wconf 87' lang='lat' dir='ltr'><strong>iisque</strong></span> <span class='ocrx_word' id='word_1_22' title='bbox 569 716 752 793; x_wconf 84' lang='lat' dir='ltr'><strong>involutus,</strong></span> <span class='ocrx_word' id='word_1_23' title='bbox 786 714 895 777; x_wconf 86' lang='lat' dir='ltr'><strong>beatae</strong></span> <span class='ocrx_word' id='word_1_24' title='bbox 923 729 1017 799; x_wconf 86' lang='lat' dir='ltr'><strong>atque</strong></span> <span class='ocrx_word' id='word_1_25' title='bbox 1040 716 1213 777; x_wconf 86' lang='lat' dir='ltr'><strong>iuunortaii</strong></span> <span class='ocrx_word' id='word_1_26' title='bbox 1241 733 1345 779; x_wconf 78' lang='lat' dir='ltr'><strong>nature</strong></span> 
     </span>
     <span class='ocr_line' id='line_1_5' title="bbox 107 801 1346 890; baseline -0.011 -13"><span class='ocrx_word' id='word_1_27' title='bbox 107 812 313 879; x_wconf 56' lang='lat' dir='ltr'><strong>restituamini</strong></span> <span class='ocrx_word' id='word_1_28' title='bbox 352 807 419 867; x_wconf 79' lang='lat' dir='ltr'><strong>steri</strong></span> <span class='ocrx_word' id='word_1_29' title='bbox 455 805 607 890; x_wconf 80' lang='lat' dir='ltr'><strong>proprior</strong></span> <span class='ocrx_word' id='word_1_30' title='bbox 640 812 753 882; x_wconf 82' lang='lat' dir='ltr'><strong>queat:</strong></span> <span class='ocrx_word' id='word_1_31' title='bbox 784 811 851 859; x_wconf 89' lang='lat' dir='ltr'><strong>tum</strong></span> <span class='ocrx_word' id='word_1_32' title='bbox 884 802 989 884; x_wconf 83' lang='lat' dir='ltr'>probe</span> <span class='ocrx_word' id='word_1_33' title='bbox 1025 801 1209 883; x_wconf 72' lang='lat' dir='ltr'><strong>intelliget,</strong></span> <span class='ocrx_word' id='word_1_34' title='bbox 1233 804 1346 884; x_wconf 80' lang='lat' dir='ltr'><strong>quaudo</strong></span> 
     </span>
     <span class='ocr_line' id='line_1_6' title="bbox 96 884 1349 977; baseline -0.004 -21"><span class='ocrx_word' id='word_1_35' title='bbox 96 892 181 977; x_wconf 53' lang='lat'><strong>¹¹³¹5¹¹¹⁸</strong></span> <span class='ocrx_word' id='word_1_36' title='bbox 199 884 245 937; x_wconf 57' lang='lat'><strong>⁸¹⁶·</strong></span> <span class='ocrx_word' id='word_1_37' title='bbox 270 893 443 958; x_wconf 73' lang='lat' dir='ltr'><strong>sacerdotes</strong></span> <span class='ocrx_word' id='word_1_38' title='bbox 477 888 615 962; x_wconf 87' lang='lat' dir='ltr'><strong>bonore,</strong></span> <span class='ocrx_word' id='word_1_39' title='bbox 651 896 765 967; x_wconf 88' lang='lat' dir='ltr'><strong>quanta</strong></span> <span class='ocrx_word' id='word_1_40' title='bbox 796 884 946 968; x_wconf 77' lang='lat' dir='ltr'><strong>dignitate</strong></span> <span class='ocrx_word' id='word_1_41' title='bbox 967 884 1102 969; x_wconf 73' lang='lat' dir='ltr'><strong>Spiritus</strong></span> <span class='ocrx_word' id='word_1_42' title='bbox 1137 889 1242 947; x_wconf 84' lang='lat' dir='ltr'><strong>saneti</strong></span> <span class='ocrx_word' id='word_1_43' title='bbox 1264 892 1349 971; x_wconf 79' lang='lat' dir='ltr'><strong>gratia</strong></span> 
     </span>
     <span class='ocr_line' id='line_1_7' title="bbox 95 948 1350 1051; baseline -0.005 -12"><span class='ocrx_word' id='word_1_44' title='bbox 95 948 164 978; x_wconf 59' lang='grc' dir='ltr'><strong>Μ’</strong></span> <span class='ocrx_word' id='word_1_45' title='bbox 272 981 395 1040; x_wconf 69' lang='lat' dir='ltr'><strong>dienato</strong></span> <span class='ocrx_word' id='word_1_46' title='bbox 430 975 534 1035; x_wconf 81' lang='lat' dir='ltr'><strong>suerit.</strong></span> <span class='ocrx_word' id='word_1_47' title='bbox 600 966 810 1051; x_wconf 78' lang='lat' dir='ltr'><strong>operantibus</strong></span> <span class='ocrx_word' id='word_1_48' title='bbox 841 972 922 1029; x_wconf 91' lang='lat' dir='ltr'><strong>enirn</strong></span> <span class='ocrx_word' id='word_1_49' title='bbox 959 970 1037 1046; x_wconf 86' lang='lat' dir='ltr'><strong>iilis,</strong></span> <span class='ocrx_word' id='word_1_50' title='bbox 1067 983 1135 1031; x_wconf 89' lang='lat' dir='ltr'><strong>tum</strong></span> <span class='ocrx_word' id='word_1_51' title='bbox 1169 991 1257 1031; x_wconf 87' lang='lat' dir='ltr'><strong>sacra</strong></span> <span class='ocrx_word' id='word_1_52' title='bbox 1278 971 1350 1050; x_wconf 77' lang='lat' dir='ltr'><strong>baec,</strong></span> 
     </span>
     <span class='ocr_line' id='line_1_8' title="bbox 55 1028 1349 1145; baseline 0.002 -30"><span class='ocrx_word' id='word_1_53' title='bbox 55 1088 66 1115; x_wconf 64' lang='lat' dir='ltr'><strong>s</strong></span> <span class='ocrx_word' id='word_1_54' title='bbox 272 1028 352 1145; x_wconf 69' lang='lat' dir='ltr'><strong>qdae</strong></span> <span class='ocrx_word' id='word_1_55' title='bbox 373 1060 465 1129; x_wconf 71' lang='lat' dir='ltr'><strong>(lieo,</strong></span> <span class='ocrx_word' id='word_1_56' title='bbox 500 1058 663 1116; x_wconf 89' lang='lat' dir='ltr'><strong>initiantur</strong></span> <span class='ocrx_word' id='word_1_57' title='bbox 690 1049 978 1136; x_wconf 85' lang='lat' dir='ltr'><strong>perficiunturque:</strong></span> <span class='ocrx_word' id='word_1_58' title='bbox 1017 1068 1083 1114; x_wconf 88' lang='lat' dir='ltr'><strong>tum</strong></span> <span class='ocrx_word' id='word_1_59' title='bbox 1117 1056 1216 1115; x_wconf 89' lang='lat' dir='ltr'><strong>etiam</strong></span> <span class='ocrx_word' id='word_1_60' title='bbox 1236 1055 1293 1116; x_wconf 88' lang='lat' dir='ltr'><strong>alia</strong></span> <span class='ocrx_word' id='word_1_61' title='bbox 1310 1056 1349 1117; x_wconf 84' lang='lat' dir='ltr'><strong>bis</strong></span> 
     </span>
     <span class='ocr_line' id='line_1_9' title="bbox 272 1136 1348 1223; baseline -0.005 -17"><span class='ocrx_word' id='word_1_62' title='bbox 272 1146 371 1207; x_wconf 80' lang='lat' dir='ltr'><strong>nihilo</strong></span> <span class='ocrx_word' id='word_1_63' title='bbox 398 1142 567 1211; x_wconf 74' lang='lat' dir='ltr'><strong>inferiora,</strong></span> <span class='ocrx_word' id='word_1_64' title='bbox 602 1158 682 1219; x_wconf 88' lang='lat' dir='ltr'><strong>quae</strong></span> <span class='ocrx_word' id='word_1_65' title='bbox 704 1139 770 1219; x_wconf 89' lang='lat' dir='ltr'><strong>ipsa</strong></span> <span class='ocrx_word' id='word_1_66' title='bbox 790 1136 830 1196; x_wconf 91' lang='lat' dir='ltr'><strong>ad</strong></span> <span class='ocrx_word' id='word_1_67' title='bbox 849 1138 1006 1223; x_wconf 78' lang='lat' dir='ltr'><strong>dignitatis</strong></span> <span class='ocrx_word' id='word_1_68' title='bbox 1032 1138 1209 1220; x_wconf 86' lang='lat' dir='ltr'><strong>salutisque</strong></span> <span class='ocrx_word' id='word_1_69' title='bbox 1237 1154 1348 1201; x_wconf 73' lang='lat' dir='ltr'><strong>noune</strong></span> 
     </span>
    </p>

    <p class='ocr_par' dir='ltr' id='par_1_3' title="bbox 274 1222 1346 1307">
     <span class='ocr_line' id='line_1_10' title="bbox 274 1222 1346 1307; baseline -0.004 -18"><span class='ocrx_word' id='word_1_70' title='bbox 274 1232 423 1291; x_wconf 85' lang='lat' dir='ltr'><strong>rationem</strong></span> <span class='ocrx_word' id='word_1_71' title='bbox 454 1234 599 1306; x_wconf 85' lang='lat' dir='ltr'><strong>spectant.</strong></span> <span class='ocrx_word' id='word_1_72' title='bbox 655 1222 776 1280; x_wconf 82' lang='lat' dir='ltr'><strong>Etenim</strong></span> <span class='ocrx_word' id='word_1_73' title='bbox 799 1228 853 1302; x_wconf 85' lang='lat' dir='ltr'><strong>qui</strong></span> <span class='ocrx_word' id='word_1_74' title='bbox 875 1236 988 1282; x_wconf 85' lang='lat' dir='ltr'><strong>terram</strong></span> <span class='ocrx_word' id='word_1_75' title='bbox 1009 1223 1177 1293; x_wconf 82' lang='lat' dir='ltr'><strong>incolunt,</strong></span> <span class='ocrx_word' id='word_1_76' title='bbox 1215 1238 1304 1307; x_wconf 87' lang='lat' dir='ltr'><strong>atque</strong></span> <span class='ocrx_word' id='word_1_77' title='bbox 1321 1227 1346 1285; x_wconf 87' lang='lat' dir='ltr'><strong>in</strong></span> 
     </span>
    </p>

    <p class='ocr_par' dir='ltr' id='par_1_4' title="bbox 276 1307 1348 1388">
     <span class='ocr_line' id='line_1_11' title="bbox 276 1307 1348 1388; baseline -0.005 -15"><span class='ocrx_word' id='word_1_78' title='bbox 276 1335 310 1373; x_wconf 90' lang='lat' dir='ltr'><strong>ea</strong></span> <span class='ocrx_word' id='word_1_79' title='bbox 335 1323 516 1384; x_wconf 80' lang='lat' dir='ltr'><strong>versantur,</strong></span> <span class='ocrx_word' id='word_1_80' title='bbox 548 1309 584 1365; x_wconf 83' lang='lat' dir='ltr'><strong>iis</strong></span> <span class='ocrx_word' id='word_1_81' title='bbox 617 1307 813 1367; x_wconf 84' lang='lat' dir='ltr'><strong>commissum</strong></span> <span class='ocrx_word' id='word_1_82' title='bbox 844 1319 909 1382; x_wconf 85' lang='lat' dir='ltr'><strong>cst,</strong></span> <span class='ocrx_word' id='word_1_83' title='bbox 945 1320 981 1366; x_wconf 91' lang='lat' dir='ltr'><strong>ut</strong></span> <span class='ocrx_word' id='word_1_84' title='bbox 1010 1328 1062 1383; x_wconf 87' lang='lat' dir='ltr'><strong>ca,</strong></span> <span class='ocrx_word' id='word_1_85' title='bbox 1097 1328 1183 1388; x_wconf 87' lang='lat' dir='ltr'><strong>quae</strong></span> <span class='ocrx_word' id='word_1_86' title='bbox 1216 1310 1348 1371; x_wconf 82' lang='lat' dir='ltr'><strong>incaelis</strong></span> 
     </span>
    </p>

    <p class='ocr_par' dir='ltr' id='par_1_5' title="bbox 276 1389 1348 1476">
     <span class='ocr_line' id='line_1_12' title="bbox 276 1389 1348 1476; baseline -0.003 -20"><span class='ocrx_word' id='word_1_87' title='bbox 276 1409 367 1470; x_wconf 88' lang='lat' dir='ltr'><strong>suut,</strong></span> <span class='ocrx_word' id='word_1_88' title='bbox 390 1396 582 1476; x_wconf 77' lang='lat' dir='ltr'><strong>dispensent:</strong></span> <span class='ocrx_word' id='word_1_89' title='bbox 605 1389 640 1449; x_wconf 84' lang='lat' dir='ltr'><strong>iis</strong></span> <span class='ocrx_word' id='word_1_90' title='bbox 652 1390 758 1450; x_wconf 87' lang='lat' dir='ltr'><strong>dutum</strong></span> <span class='ocrx_word' id='word_1_91' title='bbox 777 1402 831 1465; x_wconf 82' lang='lat' dir='ltr'><strong>est,</strong></span> <span class='ocrx_word' id='word_1_92' title='bbox 853 1405 889 1452; x_wconf 95' lang='lat' dir='ltr'><strong>ut</strong></span> <span class='ocrx_word' id='word_1_93' title='bbox 905 1403 1086 1474; x_wconf 75' lang='lat' dir='ltr'><strong>potestatem</strong></span> <span class='ocrx_word' id='word_1_94' title='bbox 1103 1390 1253 1467; x_wconf 80' lang='lat' dir='ltr'><strong>habeant,</strong></span> <span class='ocrx_word' id='word_1_95' title='bbox 1270 1416 1348 1475; x_wconf 88' lang='lat' dir='ltr'><strong>quan</strong></span> 
     </span>
    </p>

    <p class='ocr_par' dir='ltr' id='par_1_6' title="bbox 279 1473 1346 1562">
     <span class='ocr_line' id='line_1_13' title="bbox 279 1473 1346 1562; baseline -0.003 -22"><span class='ocrx_word' id='word_1_96' title='bbox 279 1483 360 1540; x_wconf 87' lang='lat' dir='ltr'><strong>Deus</strong></span> <span class='ocrx_word' id='word_1_97' title='bbox 371 1480 505 1562; x_wconf 85' lang='lat' dir='ltr'><strong>optimus</strong></span> <span class='ocrx_word' id='word_1_98' title='bbox 517 1493 661 1555; x_wconf 87' lang='lat' dir='ltr'><strong>nequeau</strong></span> <span class='ocrx_word' id='word_1_99' title='bbox 673 1473 739 1536; x_wconf 82' lang='lat' dir='ltr'><strong>reiis</strong></span> <span class='ocrx_word' id='word_1_100' title='bbox 747 1474 1169 1558; x_wconf 76' lang='lat' dir='ltr'><strong>nequcArcimngelis,datam</strong></span> <span class='ocrx_word' id='word_1_101' title='bbox 1178 1498 1245 1537; x_wconf 87' lang='lat' dir='ltr'><strong>esse</strong></span> <span class='ocrx_word' id='word_1_102' title='bbox 1255 1478 1346 1537; x_wconf 85' lang='lat' dir='ltr'><strong>roiuit·</strong></span> 
     </span>
    </p>

    <p class='ocr_par' dir='ltr' id='par_1_7' title="bbox 99 1499 1343 2066">
     <span class='ocr_line' id='line_1_14' title="bbox 99 1499 1343 1645; baseline -0.001 -22"><span class='ocrx_word' id='word_1_103' title='bbox 99 1571 181 1611; x_wconf 63' lang='lat' dir='ltr'><strong>luth·</strong></span> <span class='ocrx_word' id='word_1_104' title='bbox 210 1566 253 1619; x_wconf 68' lang='lat'><strong>¹62</strong></span> <span class='ocrx_word' id='word_1_105' title='bbox 278 1567 385 1645; x_wconf 77' lang='lat' dir='ltr'><strong>Neque</strong></span> <span class='ocrx_word' id='word_1_106' title='bbox 403 1564 482 1621; x_wconf 89' lang='lat' dir='ltr'><strong>enim</strong></span> <span class='ocrx_word' id='word_1_107' title='bbox 503 1560 541 1621; x_wconf 89' lang='lat' dir='ltr'><strong>ud</strong></span> <span class='ocrx_word' id='word_1_108' title='bbox 565 1558 633 1618; x_wconf 79' lang='lat' dir='ltr'><strong>ilios</strong></span> <span class='ocrx_word' id='word_1_109' title='bbox 656 1499 858 1619; x_wconf 78' lang='lat' dir='ltr'><strong>dictumest:</strong></span> <span class='ocrx_word' id='word_1_110' title='bbox 890 1560 1106 1641; x_wconf 80' lang='lat' dir='ltr'><strong>Quaecunque</strong></span> <span class='ocrx_word' id='word_1_111' title='bbox 1128 1561 1343 1645; x_wconf 78' lang='lat' dir='ltr'><strong>alligaverisin</strong></span> 
     </span>
     <span class='ocr_line' id='line_1_15' title="bbox 103 1627 1338 1727; baseline -0.006 -17"><span class='ocrx_word' id='word_1_112' title='bbox 103 1627 188 1676; x_wconf 56' lang='grc' dir='ltr'><strong>Μ’</strong></span> <span class='ocrx_word' id='word_1_113' title='bbox 213 1629 252 1668; x_wconf 73' lang='lat'><strong>¹³⁸</strong></span> <span class='ocrx_word' id='word_1_114' title='bbox 279 1664 362 1710; x_wconf 88' lang='lat' dir='ltr'><strong>terra</strong></span> <span class='ocrx_word' id='word_1_115' title='bbox 374 1692 383 1724; x_wconf 94' lang='lat'>‚</span> <span class='ocrx_word' id='word_1_116' title='bbox 407 1659 498 1706; x_wconf 86' lang='lat' dir='ltr'><strong>eruut</strong></span> <span class='ocrx_word' id='word_1_117' title='bbox 518 1643 639 1725; x_wconf 79' lang='lat' dir='ltr'><strong>alligata</strong></span> <span class='ocrx_word' id='word_1_118' title='bbox 654 1655 685 1702; x_wconf 90' lang='lat' dir='ltr'><strong>et</strong></span> <span class='ocrx_word' id='word_1_119' title='bbox 705 1645 736 1702; x_wconf 92' lang='lat' dir='ltr'><strong>iu</strong></span> <span class='ocrx_word' id='word_1_120' title='bbox 761 1642 866 1704; x_wconf 81' lang='lat' dir='ltr'><strong>eaelo:</strong></span> <span class='ocrx_word' id='word_1_121' title='bbox 897 1656 928 1704; x_wconf 88' lang='lat' dir='ltr'><strong>ct</strong></span> <span class='ocrx_word' id='word_1_122' title='bbox 948 1664 1158 1727; x_wconf 89' lang='lat' dir='ltr'><strong>quaeeunque</strong></span> <span class='ocrx_word' id='word_1_123' title='bbox 1183 1647 1338 1707; x_wconf 74' lang='lat' dir='ltr'><strong>solveritis</strong></span> 
     </span>
     <span class='ocr_line' id='line_1_16' title="bbox 101 1725 1340 1830; baseline -0.01 -24"><span class='ocrx_word' id='word_1_124' title='bbox 101 1747 380 1815; x_wconf 59' lang='lat' dir='ltr'><strong>meutieminietitt,</strong></span> <span class='ocrx_word' id='word_1_125' title='bbox 413 1742 505 1830; x_wconf 74' lang='lat' dir='ltr'><strong>erum</strong></span> <span class='ocrx_word' id='word_1_126' title='bbox 538 1728 639 1826; x_wconf 82' lang='lat' dir='ltr'><strong>soluta</strong></span> <span class='ocrx_word' id='word_1_127' title='bbox 664 1740 700 1826; x_wconf 35' lang='lat' dir='ltr'><strong>’et</strong></span> <span class='ocrx_word' id='word_1_128' title='bbox 731 1729 763 1787; x_wconf 91' lang='lat' dir='ltr'><strong>in</strong></span> <span class='ocrx_word' id='word_1_129' title='bbox 782 1725 878 1789; x_wconf 88' lang='lat' dir='ltr'><strong>caelo.</strong></span> <span class='ocrx_word' id='word_1_130' title='bbox 920 1727 1042 1789; x_wconf 88' lang='lat' dir='ltr'><strong>Habent</strong></span> <span class='ocrx_word' id='word_1_131' title='bbox 1062 1730 1195 1813; x_wconf 88' lang='lat' dir='ltr'><strong>quidem</strong></span> <span class='ocrx_word' id='word_1_132' title='bbox 1213 1745 1244 1793; x_wconf 87' lang='lat' dir='ltr'><strong>et</strong></span> <span class='ocrx_word' id='word_1_133' title='bbox 1266 1746 1340 1792; x_wconf 72' lang='lat' dir='ltr'><strong>tent·</strong></span> 
     </span>
     <span class='ocr_line' id='line_1_17' title="bbox 103 1810 1339 1901; baseline -0.005 -24"><span class='ocrx_word' id='word_1_134' title='bbox 103 1824 257 1901; x_wconf 69' lang='lat' dir='ltr'><strong>’¹“1⁸e‘&#39;‘iiii⁸</strong></span> <span class='ocrx_word' id='word_1_135' title='bbox 282 1833 359 1879; x_wconf 83' lang='lat' dir='ltr'><strong>stres</strong></span> <span class='ocrx_word' id='word_1_136' title='bbox 380 1834 536 1899; x_wconf 80' lang='lat' dir='ltr'><strong>principes</strong></span> <span class='ocrx_word' id='word_1_137' title='bbox 559 1810 673 1872; x_wconf 81' lang='lat' dir='ltr'><strong>vmculr</strong></span> <span class='ocrx_word' id='word_1_138' title='bbox 698 1824 900 1896; x_wconf 86' lang='lat' dir='ltr'><strong>potestatem,</strong></span> <span class='ocrx_word' id='word_1_139' title='bbox 920 1833 1028 1872; x_wconf 81' lang='lat' dir='ltr'><strong>rerum</strong></span> <span class='ocrx_word' id='word_1_140' title='bbox 1050 1834 1230 1899; x_wconf 84' lang='lat' dir='ltr'><strong>corporum</strong></span> <span class='ocrx_word' id='word_1_141' title='bbox 1253 1814 1339 1877; x_wconf 83' lang='lat' dir='ltr'><strong>solun.</strong></span> 
     </span>
     <span class='ocr_line' id='line_1_18' title="bbox 102 1875 1342 1983; baseline -0.009 -17"><span class='ocrx_word' id='word_1_142' title='bbox 102 1875 238 1966; x_wconf 60' lang='lat' dir='ltr'><strong>ididiam</strong></span> <span class='ocrx_word' id='word_1_143' title='bbox 282 1901 320 1962; x_wconf 87' lang='lat' dir='ltr'><strong>ld</strong></span> <span class='ocrx_word' id='word_1_144' title='bbox 351 1914 467 1972; x_wconf 76' lang='lat' dir='ltr'><strong>atatem,</strong></span> <span class='ocrx_word' id='word_1_145' title='bbox 503 1896 588 1978; x_wconf 77' lang='lat' dir='ltr'><strong>qtrud</strong></span> <span class='ocrx_word' id='word_1_146' title='bbox 617 1898 688 1956; x_wconf 87' lang='lat' dir='ltr'><strong>dieo</strong></span> <span class='ocrx_word' id='word_1_147' title='bbox 719 1894 911 1957; x_wconf 86' lang='lat' dir='ltr'><strong>sacerdotum</strong></span> <span class='ocrx_word' id='word_1_148' title='bbox 935 1894 1117 1974; x_wconf 81' lang='lat' dir='ltr'><strong>vinculum,</strong></span> <span class='ocrx_word' id='word_1_149' title='bbox 1157 1902 1250 1983; x_wconf 85' lang='lat' dir='ltr'><strong>ipsam</strong></span> <span class='ocrx_word' id='word_1_150' title='bbox 1270 1901 1342 1959; x_wconf 83' lang='lat' dir='ltr'><strong>etism</strong></span> 
     </span>
     <span class='ocr_line' id='line_1_19' title="bbox 283 1980 1343 2066; baseline -0.005 -21"><span class='ocrx_word' id='word_1_151' title='bbox 283 1988 410 2045; x_wconf 88' lang='lat' dir='ltr'><strong>animum</strong></span> <span class='ocrx_word' id='word_1_152' title='bbox 432 1986 600 2061; x_wconf 85' lang='lat' dir='ltr'><strong>contingit,</strong></span> <span class='ocrx_word' id='word_1_153' title='bbox 634 1994 728 2062; x_wconf 88' lang='lat' dir='ltr'><strong>atque</strong></span> <span class='ocrx_word' id='word_1_154' title='bbox 754 1980 794 2042; x_wconf 86' lang='lat' dir='ltr'><strong>ad</strong></span> <span class='ocrx_word' id='word_1_155' title='bbox 817 1982 915 2042; x_wconf 90' lang='lat' dir='ltr'><strong>caelos</strong></span> <span class='ocrx_word' id='word_1_156' title='bbox 947 2001 1048 2062; x_wconf 86' lang='lat' dir='ltr'><strong>usque</strong></span> <span class='ocrx_word' id='word_1_157' title='bbox 1076 1984 1237 2066; x_wconf 81' lang='lat' dir='ltr'><strong>pervadit:</strong></span> <span class='ocrx_word' id='word_1_158' title='bbox 1255 2001 1343 2060; x_wconf 84' lang='lat' dir='ltr'><strong>nsque</strong></span> 
     </span>
    </p>

    <p class='ocr_par' dir='ltr' id='par_1_8' title="bbox 279 2064 1341 2145">
     <span class='ocr_line' id='line_1_20' title="bbox 279 2064 1341 2145; baseline -0.003 -17"><span class='ocrx_word' id='word_1_159' title='bbox 279 2071 357 2128; x_wconf 87' lang='lat' dir='ltr'><strong>adeo</strong></span> <span class='ocrx_word' id='word_1_160' title='bbox 379 2111 387 2139; x_wconf 86' lang='lat'>‚</span> <span class='ocrx_word' id='word_1_161' title='bbox 411 2078 463 2139; x_wconf 92' lang='lat' dir='ltr'><strong>ut,</strong></span> <span class='ocrx_word' id='word_1_162' title='bbox 487 2085 687 2145; x_wconf 87' lang='lat' dir='ltr'><strong>quaeeunque</strong></span> <span class='ocrx_word' id='word_1_163' title='bbox 709 2066 828 2139; x_wconf 81' lang='lat' dir='ltr'><strong>inferne</strong></span> <span class='ocrx_word' id='word_1_164' title='bbox 850 2066 1025 2127; x_wconf 82' lang='lat' dir='ltr'><strong>sacerdotes</strong></span> <span class='ocrx_word' id='word_1_165' title='bbox 1054 2068 1256 2140; x_wconf 77' lang='lat' dir='ltr'><strong>confecerint,</strong></span> <span class='ocrx_word' id='word_1_166' title='bbox 1289 2064 1341 2125; x_wconf 85' lang='lat' dir='ltr'><strong>ilia</strong></span> 
     </span>
    </p>

    <p class='ocr_par' dir='ltr' id='par_1_9' title="bbox 280 2148 1339 2231">
     <span class='ocr_line' id='line_1_21' title="bbox 280 2148 1339 2231; baseline -0.005 -19"><span class='ocrx_word' id='word_1_167' title='bbox 280 2152 385 2212; x_wconf 87' lang='lat' dir='ltr'><strong>eadem</strong></span> <span class='ocrx_word' id='word_1_168' title='bbox 406 2151 491 2208; x_wconf 87' lang='lat' dir='ltr'><strong>Deus</strong></span> <span class='ocrx_word' id='word_1_169' title='bbox 522 2169 653 2231; x_wconf 83' lang='lat' dir='ltr'><strong>superne</strong></span> <span class='ocrx_word' id='word_1_170' title='bbox 679 2163 747 2211; x_wconf 86' lang='lat' dir='ltr'><strong>rata</strong></span> <span class='ocrx_word' id='word_1_171' title='bbox 769 2148 897 2226; x_wconf 81' lang='lat' dir='ltr'><strong>habeat,</strong></span> <span class='ocrx_word' id='word_1_172' title='bbox 929 2170 964 2210; x_wconf 90' lang='lat' dir='ltr'><strong>ae</strong></span> <span class='ocrx_word' id='word_1_173' title='bbox 985 2171 1145 2214; x_wconf 86' lang='lat' dir='ltr'><strong>servorum</strong></span> <span class='ocrx_word' id='word_1_174' title='bbox 1171 2150 1339 2209; x_wconf 86' lang='lat' dir='ltr'><strong>seutentiam</strong></span> 
     </span>
    </p>

    <p class='ocr_par' dir='ltr' id='par_1_10' title="bbox 278 2230 1335 2316">
     <span class='ocr_line' id='line_1_22' title="bbox 278 2230 1335 2316; baseline -0.003 -21"><span class='ocrx_word' id='word_1_175' title='bbox 278 2237 428 2295; x_wconf 88' lang='lat' dir='ltr'><strong>Dominus</strong></span> <span class='ocrx_word' id='word_1_176' title='bbox 447 2230 617 2292; x_wconf 84' lang='lat' dir='ltr'><strong>confirmet.</strong></span> <span class='ocrx_word' id='word_1_177' title='bbox 661 2233 782 2294; x_wconf 87' lang='lat' dir='ltr'><strong>Etenim</strong></span> <span class='ocrx_word' id='word_1_178' title='bbox 806 2233 951 2316; x_wconf 79' lang='lat' dir='ltr'><strong>quidnam</strong></span> <span class='ocrx_word' id='word_1_179' title='bbox 977 2232 1037 2294; x_wconf 89' lang='lat' dir='ltr'><strong>hoe</strong></span> <span class='ocrx_word' id='word_1_180' title='bbox 1061 2234 1142 2297; x_wconf 86' lang='lat' dir='ltr'><strong>aiiud</strong></span> <span class='ocrx_word' id='word_1_181' title='bbox 1166 2256 1225 2295; x_wconf 82' lang='lat' dir='ltr'><strong>esse</strong></span> <span class='ocrx_word' id='word_1_182' title='bbox 1250 2232 1335 2309; x_wconf 84' lang='lat' dir='ltr'><strong>dieas,</strong></span> 
     </span>
    </p>

    <p class='ocr_par' dir='ltr' id='par_1_11' title="bbox 104 2318 1373 2657">
     <span class='ocr_line' id='line_1_23' title="bbox 280 2318 1337 2402; baseline -0.004 -23"><span class='ocrx_word' id='word_1_183' title='bbox 280 2322 337 2379; x_wconf 89' lang='lat' dir='ltr'><strong>uisi</strong></span> <span class='ocrx_word' id='word_1_184' title='bbox 366 2338 485 2378; x_wconf 87' lang='lat' dir='ltr'><strong>omnem</strong></span> <span class='ocrx_word' id='word_1_185' title='bbox 500 2338 605 2377; x_wconf 88' lang='lat' dir='ltr'><strong>rerum</strong></span> <span class='ocrx_word' id='word_1_186' title='bbox 631 2318 804 2379; x_wconf 89' lang='lat' dir='ltr'><strong>caelestium</strong></span> <span class='ocrx_word' id='word_1_187' title='bbox 825 2331 1006 2402; x_wconf 88' lang='lat' dir='ltr'><strong>potestatem</strong></span> <span class='ocrx_word' id='word_1_188' title='bbox 1027 2320 1092 2381; x_wconf 87' lang='lat' dir='ltr'><strong>iliis</strong></span> <span class='ocrx_word' id='word_1_189' title='bbox 1109 2342 1128 2380; x_wconf 89' lang='lat' dir='ltr'><strong>a</strong></span> <span class='ocrx_word' id='word_1_190' title='bbox 1145 2320 1208 2380; x_wconf 85' lang='lat' dir='ltr'><strong>Deo</strong></span> <span class='ocrx_word' id='word_1_191' title='bbox 1221 2336 1337 2378; x_wconf 86' lang='lat' dir='ltr'><strong>conces-</strong></span> 
     </span>
     <span class='ocr_line' id='line_1_24' title="bbox 104 2404 1373 2496; baseline -0.003 -31"><span class='ocrx_word' id='word_1_192' title='bbox 104 2450 179 2488; x_wconf 60' lang='lat' dir='ltr'><strong>Jm„</strong></span> <span class='ocrx_word' id='word_1_193' title='bbox 213 2450 246 2496; x_wconf 81' lang='lat'><strong>2⁰</strong></span> <span class='ocrx_word' id='word_1_194' title='bbox 281 2404 367 2465; x_wconf 78' lang='lat' dir='ltr'><strong>sam?</strong></span> <span class='ocrx_word' id='word_1_195' title='bbox 394 2406 762 2484; x_wconf 87' lang='lat' dir='ltr'><strong>Quorumcunquceuim,</strong></span> <span class='ocrx_word' id='word_1_196' title='bbox 781 2404 834 2479; x_wconf 88' lang='lat' dir='ltr'><strong>uit,</strong></span> <span class='ocrx_word' id='word_1_197' title='bbox 866 2416 989 2487; x_wconf 87' lang='lat' dir='ltr'><strong>peccata</strong></span> <span class='ocrx_word' id='word_1_198' title='bbox 1015 2407 1217 2477; x_wconf 85' lang='lat' dir='ltr'><strong>retinueritis,</strong></span> <span class='ocrx_word' id='word_1_199' title='bbox 1232 2412 1335 2462; x_wconf 87' lang='lat' dir='ltr'><strong>retenta</strong></span> <span class='ocrx_word' id='word_1_200' title='bbox 1370 2434 1373 2441; x_wconf 95' lang='lat'>·</span> 
     </span>
     <span class='ocr_line' id='line_1_25' title="bbox 104 2474 1336 2571; baseline 0.003 -26"><span class='ocrx_word' id='word_1_201' title='bbox 104 2503 146 2546; x_wconf 75' lang='lat'><strong>2³·</strong></span> <span class='ocrx_word' id='word_1_202' title='bbox 183 2477 189 2492; x_wconf 64' lang='lat'><em>⁶</em></span> <span class='ocrx_word' id='word_1_203' title='bbox 248 2474 255 2496; x_wconf 76' lang='grc'><em>’</em></span> <span class='ocrx_word' id='word_1_204' title='bbox 279 2502 359 2550; x_wconf 86' lang='lat' dir='ltr'><strong>suut.</strong></span> <span class='ocrx_word' id='word_1_205' title='bbox 383 2490 550 2564; x_wconf 87' lang='lat' dir='ltr'><strong>Quaenam,</strong></span> <span class='ocrx_word' id='word_1_206' title='bbox 573 2489 722 2565; x_wconf 83' lang='lat' dir='ltr'><strong>obsecro,</strong></span> <span class='ocrx_word' id='word_1_207' title='bbox 742 2501 878 2570; x_wconf 84' lang='lat' dir='ltr'><strong>potestas</strong></span> <span class='ocrx_word' id='word_1_208' title='bbox 888 2488 946 2549; x_wconf 85' lang='lat' dir='ltr'><strong>hae</strong></span> <span class='ocrx_word' id='word_1_209' title='bbox 969 2510 1030 2549; x_wconf 88' lang='lat' dir='ltr'><strong>uua</strong></span> <span class='ocrx_word' id='word_1_210' title='bbox 1041 2492 1150 2571; x_wconf 84' lang='lat' dir='ltr'><strong>major</strong></span> <span class='ocrx_word' id='word_1_211' title='bbox 1163 2510 1224 2551; x_wconf 82' lang='lat' dir='ltr'><strong>esse</strong></span> <span class='ocrx_word' id='word_1_212' title='bbox 1240 2480 1336 2569; x_wconf 72' lang='lat' dir='ltr'><strong>questi</strong></span> 
     </span>
     <span class='ocr_line' id='line_1_26' title="bbox 277 2571 1334 2657; baseline -0.002 -22"><span class='ocrx_word' id='word_1_213' title='bbox 277 2576 371 2635; x_wconf 88' lang='lat' dir='ltr'><strong>Pater</strong></span> <span class='ocrx_word' id='word_1_214' title='bbox 381 2573 572 2632; x_wconf 77' lang='lat' dir='ltr'><strong>omnifariam</strong></span> <span class='ocrx_word' id='word_1_215' title='bbox 586 2571 651 2631; x_wconf 87' lang='lat' dir='ltr'><strong>iilio</strong></span> <span class='ocrx_word' id='word_1_216' title='bbox 668 2584 850 2655; x_wconf 87' lang='lat' dir='ltr'><strong>potestatem</strong></span> <span class='ocrx_word' id='word_1_217' title='bbox 864 2573 968 2633; x_wconf 84' lang='lat' dir='ltr'><strong>dedit:</strong></span> <span class='ocrx_word' id='word_1_218' title='bbox 983 2587 1143 2635; x_wconf 87' lang='lat' dir='ltr'><strong>caeterum</strong></span> <span class='ocrx_word' id='word_1_219' title='bbox 1160 2574 1249 2635; x_wconf 83' lang='lat' dir='ltr'><strong>rideo</strong></span> <span class='ocrx_word' id='word_1_220' title='bbox 1261 2576 1334 2657; x_wconf 70' lang='lat' dir='ltr'><strong>iptu</strong></span> 
     </span>
    </p>

    <p class='ocr_par' dir='ltr' id='par_1_12' title="bbox 277 2655 1250 2739">
     <span class='ocr_line' id='line_1_27' title="bbox 277 2655 1250 2739; baseline -0.005 -21"><span class='ocrx_word' id='word_1_221' title='bbox 277 2658 403 2720; x_wconf 79' lang='lat' dir='ltr'><strong>eatidem</strong></span> <span class='ocrx_word' id='word_1_222' title='bbox 421 2657 614 2718; x_wconf 83' lang='lat' dir='ltr'><strong>omuii&#39;miam</strong></span> <span class='ocrx_word' id='word_1_223' title='bbox 629 2668 810 2739; x_wconf 89' lang='lat' dir='ltr'><strong>potestatem</strong></span> <span class='ocrx_word' id='word_1_224' title='bbox 823 2659 915 2718; x_wconf 90' lang='lat' dir='ltr'><strong>aDeo</strong></span> <span class='ocrx_word' id='word_1_225' title='bbox 929 2655 993 2717; x_wconf 84' lang='lat' dir='ltr'><strong>filio</strong></span> <span class='ocrx_word' id='word_1_226' title='bbox 1009 2657 1070 2719; x_wconf 88' lang='lat' dir='ltr'><strong>illis</strong></span> <span class='ocrx_word' id='word_1_227' title='bbox 1093 2658 1250 2719; x_wconf 88' lang='lat' dir='ltr'><strong>traditam.</strong></span> 
     </span>
    </p>

    <p class='ocr_par' dir='ltr' id='par_1_13' title="bbox 361 2718 1367 2818">
     <span class='ocr_line' id='line_1_28' title="bbox 361 2718 1367 2818; baseline 0.003 -18"><span class='ocrx_word' id='word_1_228' title='bbox 361 2758 391 2808; x_wconf 76' lang='lat'><strong>2.</strong></span> <span class='ocrx_word' id='word_1_229' title='bbox 435 2742 543 2801; x_wconf 85' lang='lat' dir='ltr'><strong>mnu</strong></span> <span class='ocrx_word' id='word_1_230' title='bbox 572 2740 655 2799; x_wconf 59' lang='lat' dir='ltr'><strong>riom.</strong></span> <span class='ocrx_word' id='word_1_231' title='bbox 680 2754 708 2808; x_wconf 74' lang='lat'><strong>4.</strong></span> <span class='ocrx_word' id='word_1_232' title='bbox 743 2740 781 2799; x_wconf 71' lang='lat' dir='ltr'><strong>ae</strong></span> <span class='ocrx_word' id='word_1_233' title='bbox 811 2742 895 2801; x_wconf 66' lang='lat' dir='ltr'><strong>vem.</strong></span> <span class='ocrx_word' id='word_1_234' title='bbox 929 2741 1030 2818; x_wconf 72' lang='lat' dir='ltr'><strong>asu,</strong></span> <span class='ocrx_word' id='word_1_235' title='bbox 1074 2744 1140 2803; x_wconf 71' lang='lat' dir='ltr'><strong>vau</strong></span> <span class='ocrx_word' id='word_1_236' title='bbox 1167 2718 1367 2803; x_wconf 72' lang='lat' dir='ltr'><strong>nomn-mi</strong></span> 
     </span>
    </p>

    <p class='ocr_par' dir='ltr' id='par_1_14' title="bbox 279 2825 1333 2909">
     <span class='ocr_line' id='line_1_29' title="bbox 279 2825 1333 2909; baseline 0 -21"><span class='ocrx_word' id='word_1_237' title='bbox 279 2827 366 2888; x_wconf 80' lang='lat' dir='ltr'><strong>Ozias</strong></span> <span class='ocrx_word' id='word_1_238' title='bbox 386 2848 457 2887; x_wconf 89' lang='lat' dir='ltr'><strong>cum</strong></span> <span class='ocrx_word' id='word_1_239' title='bbox 483 2836 561 2884; x_wconf 89' lang='lat' dir='ltr'><strong>esset</strong></span> <span class='ocrx_word' id='word_1_240' title='bbox 583 2846 635 2884; x_wconf 84' lang='lat' dir='ltr'><strong>res</strong></span> <span class='ocrx_word' id='word_1_241' title='bbox 656 2825 966 2903; x_wconf 84' lang='lat' dir='ltr'><strong>cinctusdiedemate,</strong></span> <span class='ocrx_word' id='word_1_242' title='bbox 993 2829 1143 2907; x_wconf 88' lang='lat' dir='ltr'><strong>quoniam</strong></span> <span class='ocrx_word' id='word_1_243' title='bbox 1167 2840 1235 2889; x_wconf 85' lang='lat' dir='ltr'><strong>erat</strong></span> <span class='ocrx_word' id='word_1_244' title='bbox 1245 2828 1333 2909; x_wconf 64' lang='lat' dir='ltr'><strong>juant,</strong></span> 
     </span>
    </p>

    <p class='ocr_par' dir='ltr' id='par_1_15' title="bbox 103 2908 1333 3165">
     <span class='ocr_line' id='line_1_30' title="bbox 279 2908 1333 3012; baseline 0.004 -43"><span class='ocrx_word' id='word_1_245' title='bbox 279 2911 375 3009; x_wconf 76' lang='lat' dir='ltr'><strong>cintus</strong></span> <span class='ocrx_word' id='word_1_246' title='bbox 398 2922 444 3007; x_wconf 78' lang='lat' dir='ltr'><strong>cst</strong></span> <span class='ocrx_word' id='word_1_247' title='bbox 472 2911 595 2986; x_wconf 89' lang='lat' dir='ltr'><strong>auimo,</strong></span> <span class='ocrx_word' id='word_1_248' title='bbox 618 2911 736 2991; x_wconf 88' lang='lat' dir='ltr'><strong>majore</strong></span> <span class='ocrx_word' id='word_1_249' title='bbox 759 2912 872 2993; x_wconf 86' lang='lat' dir='ltr'><strong>spiritu</strong></span> <span class='ocrx_word' id='word_1_250' title='bbox 894 2923 1045 3008; x_wconf 82' lang='lat' dir='ltr'><strong>concepto</strong></span> <span class='ocrx_word' id='word_1_251' title='bbox 1061 2934 1190 3010; x_wconf 76' lang='lat' dir='ltr'><strong>‚quam</strong></span> <span class='ocrx_word' id='word_1_252' title='bbox 1213 2908 1333 3012; x_wconf 57' lang='lat' dir='ltr'><strong>prodr</strong></span> 
     </span>
     <span class='ocr_line' id='line_1_31' title="bbox 103 2992 1332 3077; baseline -0.001 -23"><span class='ocrx_word' id='word_1_253' title='bbox 103 2996 393 3069; x_wconf 56' lang='lat' dir='ltr'><strong>afflant-annuato,</strong></span> <span class='ocrx_word' id='word_1_254' title='bbox 425 3012 576 3077; x_wconf 78' lang='lat' dir='ltr'><strong>mgressus</strong></span> <span class='ocrx_word' id='word_1_255' title='bbox 608 3006 654 3053; x_wconf 92' lang='lat' dir='ltr'><strong>est</strong></span> <span class='ocrx_word' id='word_1_256' title='bbox 681 2993 826 3077; x_wconf 87' lang='lat' dir='ltr'><strong>tempium</strong></span> <span class='ocrx_word' id='word_1_257' title='bbox 893 2992 934 3053; x_wconf 82' lang='lat' dir='ltr'><strong>Et</strong></span> <span class='ocrx_word' id='word_1_258' title='bbox 959 2995 1036 3077; x_wconf 80' lang='lat' dir='ltr'><strong>quid</strong></span> <span class='ocrx_word' id='word_1_259' title='bbox 1059 2995 1139 3057; x_wconf 75' lang='lat' dir='ltr'><strong>dieat</strong></span> <span class='ocrx_word' id='word_1_260' title='bbox 1160 2992 1332 3058; x_wconf 74' lang='lat' dir='ltr'><strong>Esaiastb-</strong></span> 
     </span>
     <span class='ocr_line' id='line_1_32' title="bbox 105 3056 1331 3165; baseline 0 -29"><span class='ocrx_word' id='word_1_261' title='bbox 105 3056 144 3099; x_wconf 56' lang='grc' dir='ltr'><strong>’θ’</strong></span> <span class='ocrx_word' id='word_1_262' title='bbox 279 3099 400 3165; x_wconf 86' lang='lat' dir='ltr'><strong>gressus</strong></span> <span class='ocrx_word' id='word_1_263' title='bbox 435 3091 480 3137; x_wconf 87' lang='lat' dir='ltr'><strong>cst</strong></span> <span class='ocrx_word' id='word_1_264' title='bbox 511 3089 829 3152; x_wconf 85' lang='lat' dir='ltr'><strong>sanctasanctorum,</strong></span> <span class='ocrx_word' id='word_1_265' title='bbox 859 3079 982 3159; x_wconf 87' lang='lat' dir='ltr'><strong>aitque,</strong></span> <span class='ocrx_word' id='word_1_266' title='bbox 1005 3077 1074 3140; x_wconf 86' lang='lat' dir='ltr'><strong>roio</strong></span> <span class='ocrx_word' id='word_1_267' title='bbox 1097 3081 1230 3142; x_wconf 79' lang='lat' dir='ltr'><strong>adolere</strong></span> <span class='ocrx_word' id='word_1_268' title='bbox 1250 3084 1331 3140; x_wconf 78' lang='lat' dir='ltr'><strong>ineu·</strong></span> 
     </span>
    </p>
   </div>
   <div class='ocr_carea' id='block_1_3' title="bbox 97 3160 1370 3673">
    <p class='ocr_par' dir='ltr' id='par_1_16' title="bbox 280 3160 1329 3305">
     <span class='ocr_line' id='line_1_33' title="bbox 280 3160 1329 3305; baseline 0.004 -83"><span class='ocrx_word' id='word_1_269' title='bbox 280 3185 355 3223; x_wconf 89' lang='lat' dir='ltr'><strong>sum.</strong></span> <span class='ocrx_word' id='word_1_270' title='bbox 420 3162 483 3221; x_wconf 83' lang='lat' dir='ltr'><strong>Rex</strong></span> <span class='ocrx_word' id='word_1_271' title='bbox 518 3182 587 3220; x_wconf 91' lang='lat' dir='ltr'><strong>cum</strong></span> <span class='ocrx_word' id='word_1_272' title='bbox 619 3175 713 3239; x_wconf 88' lang='lat' dir='ltr'><strong>esset,</strong></span> <span class='ocrx_word' id='word_1_273' title='bbox 759 3160 925 3223; x_wconf 83' lang='lat' dir='ltr'><strong>sacerdotii</strong></span> <span class='ocrx_word' id='word_1_274' title='bbox 968 3166 1182 3247; x_wconf 84' lang='lat' dir='ltr'><strong>principatum</strong></span> <span class='ocrx_word' id='word_1_275' title='bbox 1221 3168 1329 3305; x_wconf 62' lang='grc' dir='ltr'><strong>ιιεἭ</strong></span> 
     </span>
    </p>

    <p class='ocr_par' dir='ltr' id='par_1_17' title="bbox 279 3247 1256 3330">
     <span class='ocr_line' id='line_1_34' title="bbox 279 3247 1256 3330; baseline 0.003 -22"><span class='ocrx_word' id='word_1_276' title='bbox 279 3247 382 3323; x_wconf 85' lang='lat' dir='ltr'><strong>Volo,</strong></span> <span class='ocrx_word' id='word_1_277' title='bbox 424 3248 542 3327; x_wconf 89' lang='lat' dir='ltr'><strong>inquit,</strong></span> <span class='ocrx_word' id='word_1_278' title='bbox 584 3247 707 3309; x_wconf 87' lang='lat' dir='ltr'><strong>adolere</strong></span> <span class='ocrx_word' id='word_1_279' title='bbox 729 3247 908 3322; x_wconf 87' lang='lat' dir='ltr'><strong>incensum,</strong></span> <span class='ocrx_word' id='word_1_280' title='bbox 946 3251 1021 3329; x_wconf 91' lang='lat' dir='ltr'><strong>quia</strong></span> <span class='ocrx_word' id='word_1_281' title='bbox 1044 3251 1150 3330; x_wconf 86' lang='lat' dir='ltr'><strong>justus</strong></span> <span class='ocrx_word' id='word_1_282' title='bbox 1175 3272 1256 3312; x_wconf 87' lang='lat' dir='ltr'><strong>snm.</strong></span> 
     </span>
    </p>

    <p class='ocr_par' dir='ltr' id='par_1_18' title="bbox 97 3333 1370 3673">
     <span class='ocr_line' id='line_1_35' title="bbox 280 3333 1332 3419; baseline 0 -28"><span class='ocrx_word' id='word_1_283' title='bbox 280 3354 366 3392; x_wconf 88' lang='lat' dir='ltr'><strong>mane</strong></span> <span class='ocrx_word' id='word_1_284' title='bbox 386 3333 466 3391; x_wconf 87' lang='lat' dir='ltr'><strong>intra</strong></span> <span class='ocrx_word' id='word_1_285' title='bbox 487 3343 558 3391; x_wconf 89' lang='lat' dir='ltr'><strong>tuos</strong></span> <span class='ocrx_word' id='word_1_286' title='bbox 579 3335 744 3393; x_wconf 86' lang='lat' dir='ltr'><strong>terminos:</strong></span> <span class='ocrx_word' id='word_1_287' title='bbox 766 3333 819 3392; x_wconf 86' lang='lat' dir='ltr'><strong>aiii</strong></span> <span class='ocrx_word' id='word_1_288' title='bbox 842 3343 915 3393; x_wconf 87' lang='lat' dir='ltr'><strong>suut</strong></span> <span class='ocrx_word' id='word_1_289' title='bbox 936 3336 1057 3393; x_wconf 86' lang='lat' dir='ltr'><strong>termini</strong></span> <span class='ocrx_word' id='word_1_290' title='bbox 1084 3337 1198 3419; x_wconf 90' lang='lat' dir='ltr'><strong>regni,</strong></span> <span class='ocrx_word' id='word_1_291' title='bbox 1226 3336 1332 3397; x_wconf 75' lang='lat' dir='ltr'><strong>attiu-</strong></span> 
     </span>
     <span class='ocr_line' id='line_1_36' title="bbox 116 3411 1370 3505; baseline -0.002 -26"><span class='ocrx_word' id='word_1_292' title='bbox 116 3439 245 3498; x_wconf 66' lang='lat' dir='ltr'><strong>eaeuuau</strong></span> <span class='ocrx_word' id='word_1_293' title='bbox 280 3419 354 3474; x_wconf 90' lang='lat' dir='ltr'><strong>mini</strong></span> <span class='ocrx_word' id='word_1_294' title='bbox 385 3412 569 3475; x_wconf 82' lang='lat' dir='ltr'><strong>sacerdotii:</strong></span> <span class='ocrx_word' id='word_1_295' title='bbox 601 3414 663 3475; x_wconf 90' lang='lat' dir='ltr'><strong>hoc</strong></span> <span class='ocrx_word' id='word_1_296' title='bbox 694 3437 821 3500; x_wconf 87' lang='lat' dir='ltr'><strong>regnum</strong></span> <span class='ocrx_word' id='word_1_297' title='bbox 844 3417 898 3478; x_wconf 85' lang='lat' dir='ltr'><strong>iilo</strong></span> <span class='ocrx_word' id='word_1_298' title='bbox 921 3419 1020 3499; x_wconf 84' lang='lat' dir='ltr'><strong>majus</strong></span> <span class='ocrx_word' id='word_1_299' title='bbox 1044 3430 1098 3477; x_wconf 89' lang='lat' dir='ltr'><strong>cst.</strong></span> <span class='ocrx_word' id='word_1_300' title='bbox 1145 3419 1259 3505; x_wconf 84' lang='lat' dir='ltr'><strong>Neque</strong></span> <span class='ocrx_word' id='word_1_301' title='bbox 1278 3411 1335 3477; x_wconf 63' lang='lat' dir='ltr'><strong>eni!</strong></span> <span class='ocrx_word' id='word_1_302' title='bbox 1363 3454 1370 3497; x_wconf 61' lang='lat' dir='ltr'><strong>,g</strong></span> 
     </span>
     <span class='ocr_line' id='line_1_37' title="bbox 97 3487 1339 3647; baseline 0.008 -90"><span class='ocrx_word' id='word_1_303' title='bbox 97 3487 315 3589; x_wconf 53' lang='lat' dir='ltr'><strong>&#39;‘3³3}¹¹{‚¹52⁸‚‚3{§50cx</strong></span> <span class='ocrx_word' id='word_1_304' title='bbox 343 3499 409 3571; x_wconf 83' lang='lat' dir='ltr'><strong>his,</strong></span> <span class='ocrx_word' id='word_1_305' title='bbox 445 3520 522 3581; x_wconf 87' lang='lat' dir='ltr'><strong>quae</strong></span> <span class='ocrx_word' id='word_1_306' title='bbox 550 3494 713 3575; x_wconf 74' lang='lat' dir='ltr'><strong>ridentur,</strong></span> <span class='ocrx_word' id='word_1_307' title='bbox 746 3500 797 3561; x_wconf 92' lang='lat' dir='ltr'><strong>hie</strong></span> <span class='ocrx_word' id='word_1_308' title='bbox 827 3502 1002 3561; x_wconf 87' lang='lat' dir='ltr'><strong>declaratur</strong></span> <span class='ocrx_word' id='word_1_309' title='bbox 1026 3522 1095 3578; x_wconf 83' lang='lat' dir='ltr'><strong>rex,</strong></span> <span class='ocrx_word' id='word_1_310' title='bbox 1120 3524 1228 3586; x_wconf 87' lang='lat' dir='ltr'><strong>neque</strong></span> <span class='ocrx_word' id='word_1_311' title='bbox 1244 3516 1339 3647; x_wconf 52' lang='lat' dir='ltr'><strong>effi</strong></span> 
     </span>
     <span class='ocr_line' id='line_1_38' title="bbox 100 3583 1248 3673; baseline 0.008 -32"><span class='ocrx_word' id='word_1_312' title='bbox 100 3594 216 3673; x_wconf 55' lang='lat' dir='ltr'><strong>greum·</strong></span> <span class='ocrx_word' id='word_1_313' title='bbox 280 3586 335 3643; x_wconf 90' lang='lat' dir='ltr'><strong>mis</strong></span> <span class='ocrx_word' id='word_1_314' title='bbox 368 3583 412 3642; x_wconf 87' lang='lat' dir='ltr'><strong>ilii</strong></span> <span class='ocrx_word' id='word_1_315' title='bbox 447 3583 560 3657; x_wconf 85' lang='lat' dir='ltr'><strong>assixis,</strong></span> <span class='ocrx_word' id='word_1_316' title='bbox 597 3606 698 3667; x_wconf 90' lang='lat' dir='ltr'><strong>neque</strong></span> <span class='ocrx_word' id='word_1_317' title='bbox 730 3605 766 3644; x_wconf 84' lang='lat' dir='ltr'><strong>ex</strong></span> <span class='ocrx_word' id='word_1_318' title='bbox 796 3606 895 3661; x_wconf 88' lang='lat' dir='ltr'><strong>auro,</strong></span> <span class='ocrx_word' id='word_1_319' title='bbox 929 3606 993 3668; x_wconf 90' lang='lat' dir='ltr'><strong>quo</strong></span> <span class='ocrx_word' id='word_1_320' title='bbox 1020 3589 1248 3667; x_wconf 69' lang='lat' dir='ltr'><strong>amictuum,</strong></span> 
     </span>
    </p>
   </div>
   <div class='ocr_carea' id='block_1_4' title="bbox 104 3636 1337 3751">
    <p class='ocr_par' dir='ltr' id='par_1_19' title="bbox 104 3636 1337 3751">
     <span class='ocr_line' id='line_1_39' title="bbox 114 3636 1298 3687; baseline 0.008 -14"><span class='ocrx_word' id='word_1_321' title='bbox 114 3636 183 3676; x_wconf 75' lang='lat' dir='ltr'><strong>laath.</strong></span> <span class='ocrx_word' id='word_1_322' title='bbox 211 3641 249 3683; x_wconf 77' lang='lat'><strong>18,</strong></span> <span class='ocrx_word' id='word_1_323' title='bbox 423 3670 429 3681; x_wconf 82' lang='grc'>,</span> <span class='ocrx_word' id='word_1_324' title='bbox 684 3672 690 3683; x_wconf 82' lang='grc'>,</span> <span class='ocrx_word' id='word_1_325' title='bbox 1054 3674 1060 3685; x_wconf 93' lang='grc'>.</span> <span class='ocrx_word' id='word_1_326' title='bbox 1171 3675 1177 3687; x_wconf 88' lang='grc'><strong>.</strong></span> <span class='ocrx_word' id='word_1_327' title='bbox 1292 3671 1298 3683; x_wconf 91' lang='grc'><strong>.</strong></span> 
     </span>
     <span class='ocr_line' id='line_1_40' title="bbox 104 3668 1337 3751; baseline 0.008 -25"><span class='ocrx_word' id='word_1_328' title='bbox 104 3688 142 3732; x_wconf 76' lang='lat' dir='ltr'><strong>aa.</strong></span> <span class='ocrx_word' id='word_1_329' title='bbox 281 3681 431 3728; x_wconf 77' lang='lat' dir='ltr'><strong>aestimari</strong></span> <span class='ocrx_word' id='word_1_330' title='bbox 456 3688 518 3731; x_wconf 83' lang='lat' dir='ltr'><strong>res.</strong></span> <span class='ocrx_word' id='word_1_331' title='bbox 562 3668 616 3728; x_wconf 83' lang='lat' dir='ltr'><strong>lile</strong></span> <span class='ocrx_word' id='word_1_332' title='bbox 638 3668 764 3751; x_wconf 79' lang='lat' dir='ltr'><strong>quidem</strong></span> <span class='ocrx_word' id='word_1_333' title='bbox 797 3689 843 3747; x_wconf 89' lang='lat' dir='ltr'><strong>ea,</strong></span> <span class='ocrx_word' id='word_1_334' title='bbox 869 3690 948 3751; x_wconf 91' lang='lat' dir='ltr'><strong>quae</strong></span> <span class='ocrx_word' id='word_1_335' title='bbox 966 3682 1038 3729; x_wconf 92' lang='lat' dir='ltr'><strong>suut</strong></span> <span class='ocrx_word' id='word_1_336' title='bbox 1053 3692 1083 3731; x_wconf 90' lang='lat' dir='ltr'><strong>m</strong></span> <span class='ocrx_word' id='word_1_337' title='bbox 1099 3683 1211 3751; x_wconf 80' lang='lat' dir='ltr'><strong>terris,</strong></span> <span class='ocrx_word' id='word_1_338' title='bbox 1230 3680 1337 3735; x_wconf 61' lang='lat' dir='ltr'><strong>aarum</strong></span> 
     </span>
    </p>
   </div>
   <div class='ocr_carea' id='block_1_5' title="bbox 99 3751 1376 4260">
    <p class='ocr_par' dir='ltr' id='par_1_20' title="bbox 99 3751 1376 4260">
     <span class='ocr_line' id='line_1_41' title="bbox 280 3751 1341 3840; baseline 0.002 -29"><span class='ocrx_word' id='word_1_339' title='bbox 280 3765 345 3812; x_wconf 87' lang='lat' dir='ltr'><strong>erat</strong></span> <span class='ocrx_word' id='word_1_340' title='bbox 373 3751 626 3812; x_wconf 81' lang='lat' dir='ltr'><strong>administranda:</strong></span> <span class='ocrx_word' id='word_1_341' title='bbox 661 3766 813 3813; x_wconf 85' lang='lat' dir='ltr'><strong>caeterum</strong></span> <span class='ocrx_word' id='word_1_342' title='bbox 836 3754 1002 3814; x_wconf 87' lang='lat' dir='ltr'><strong>sacerdotii</strong></span> <span class='ocrx_word' id='word_1_343' title='bbox 1023 3757 1110 3836; x_wconf 84' lang='lat' dir='ltr'><strong>juse</strong></span> <span class='ocrx_word' id='word_1_344' title='bbox 1135 3752 1341 3840; x_wconf 70' lang='lat' dir='ltr'><strong>superante·</strong></span> 
     </span>
     <span class='ocr_line' id='line_1_42' title="bbox 277 3807 1376 3924; baseline 0.006 -29"><span class='ocrx_word' id='word_1_345' title='bbox 277 3836 416 3898; x_wconf 88' lang='lat' dir='ltr'><strong>scendit:</strong></span> <span class='ocrx_word' id='word_1_346' title='bbox 450 3836 661 3919; x_wconf 85' lang='lat' dir='ltr'><strong>Quaecunque</strong></span> <span class='ocrx_word' id='word_1_347' title='bbox 689 3836 855 3921; x_wconf 74' lang='lat' dir='ltr'><strong>ligaveritis</strong></span> <span class='ocrx_word' id='word_1_348' title='bbox 880 3840 1129 3923; x_wconf 86' lang='lat' dir='ltr'><strong>superterram,</strong></span> <span class='ocrx_word' id='word_1_349' title='bbox 1156 3856 1252 3905; x_wconf 87' lang='lat' dir='ltr'><strong>erunt</strong></span> <span class='ocrx_word' id='word_1_350' title='bbox 1270 3840 1343 3924; x_wconf 69' lang='lat' dir='ltr'><strong>iigab</strong></span> <span class='ocrx_word' id='word_1_351' title='bbox 1374 3807 1376 3897; x_wconf 82' lang='lat' dir='ltr'><strong>i</strong></span> 
     </span>
     <span class='ocr_line' id='line_1_43' title="bbox 277 3920 1342 4006; baseline 0.01 -28"><span class='ocrx_word' id='word_1_352' title='bbox 277 3931 308 3979; x_wconf 92' lang='lat' dir='ltr'><strong>et</strong></span> <span class='ocrx_word' id='word_1_353' title='bbox 340 3922 372 3978; x_wconf 90' lang='lat' dir='ltr'><strong>in</strong></span> <span class='ocrx_word' id='word_1_354' title='bbox 401 3920 496 3979; x_wconf 87' lang='lat' dir='ltr'><strong>caelo.</strong></span> <span class='ocrx_word' id='word_1_355' title='bbox 548 3922 623 4006; x_wconf 83' lang='lat' dir='ltr'><strong>Regi</strong></span> <span class='ocrx_word' id='word_1_356' title='bbox 662 3942 715 3998; x_wconf 85' lang='lat' dir='ltr'><strong>ca,</strong></span> <span class='ocrx_word' id='word_1_357' title='bbox 755 3942 835 4003; x_wconf 82' lang='lat' dir='ltr'><strong>quae</strong></span> <span class='ocrx_word' id='word_1_358' title='bbox 868 3920 921 3983; x_wconf 89' lang='lat' dir='ltr'><strong>bic</strong></span> <span class='ocrx_word' id='word_1_359' title='bbox 955 3936 1046 4000; x_wconf 88' lang='lat' dir='ltr'><strong>suut,</strong></span> <span class='ocrx_word' id='word_1_360' title='bbox 1080 3929 1250 3988; x_wconf 81' lang='lat' dir='ltr'><strong>commissa</strong></span> <span class='ocrx_word' id='word_1_361' title='bbox 1268 3932 1342 3989; x_wconf 65' lang='lat' dir='ltr'><strong>surdi</strong></span> 
     </span>
     <span class='ocr_line' id='line_1_44' title="bbox 276 3998 1374 4089; baseline 0.005 -27"><span class='ocrx_word' id='word_1_362' title='bbox 276 4002 352 4062; x_wconf 87' lang='lat' dir='ltr'><strong>mibi</strong></span> <span class='ocrx_word' id='word_1_363' title='bbox 391 4003 551 4067; x_wconf 84' lang='lat' dir='ltr'><strong>caelestia:</strong></span> <span class='ocrx_word' id='word_1_364' title='bbox 605 4006 681 4080; x_wconf 80' lang='lat' dir='ltr'><strong>mihi</strong></span> <span class='ocrx_word' id='word_1_365' title='bbox 720 4028 791 4066; x_wconf 91' lang='lat' dir='ltr'><strong>cum</strong></span> <span class='ocrx_word' id='word_1_366' title='bbox 838 4008 933 4083; x_wconf 89' lang='lat' dir='ltr'><strong>dico,</strong></span> <span class='ocrx_word' id='word_1_367' title='bbox 973 4008 1168 4071; x_wconf 83' lang='lat' dir='ltr'><strong>sacerdotem</strong></span> <span class='ocrx_word' id='word_1_368' title='bbox 1215 3998 1374 4089; x_wconf 67' lang='lat' dir='ltr'><strong>intelligo!</strong></span> 
     </span>
     <span class='ocr_line' id='line_1_45' title="bbox 277 4088 1343 4179; baseline 0.007 -32"><span class='ocrx_word' id='word_1_369' title='bbox 277 4088 386 4168; x_wconf 83' lang='lat' dir='ltr'><strong>ltaque</strong></span> <span class='ocrx_word' id='word_1_370' title='bbox 409 4107 480 4146; x_wconf 88' lang='lat' dir='ltr'><strong>eum</strong></span> <span class='ocrx_word' id='word_1_371' title='bbox 502 4090 615 4150; x_wconf 75' lang='lat' dir='ltr'><strong>rideris</strong></span> <span class='ocrx_word' id='word_1_372' title='bbox 636 4090 827 4151; x_wconf 83' lang='lat' dir='ltr'><strong>sacerdotem</strong></span> <span class='ocrx_word' id='word_1_373' title='bbox 856 4090 1042 4175; x_wconf 61' lang='lat' dir='ltr'><strong>indignum</strong></span> <span class='ocrx_word' id='word_1_374' title='bbox 1076 4115 1114 4153; x_wconf 92' lang='lat' dir='ltr'><strong>ne</strong></span> <span class='ocrx_word' id='word_1_375' title='bbox 1142 4095 1343 4179; x_wconf 54' lang='lat' dir='ltr'><strong>traducerer</strong></span> 
     </span>
     <span class='ocr_line' id='line_1_46' title="bbox 99 4172 1339 4260; baseline 0.01 -32"><span class='ocrx_word' id='word_1_376' title='bbox 99 4188 198 4242; x_wconf 61' lang='lat' dir='ltr'><strong>empne</strong></span> <span class='ocrx_word' id='word_1_377' title='bbox 220 4172 460 4233; x_wconf 68' lang='lat' dir='ltr'><strong>rna-cerdotium.</strong></span> <span class='ocrx_word' id='word_1_378' title='bbox 502 4172 571 4233; x_wconf 88' lang='lat' dir='ltr'><strong>Non</strong></span> <span class='ocrx_word' id='word_1_379' title='bbox 594 4176 675 4236; x_wconf 87' lang='lat' dir='ltr'><strong>enim</strong></span> <span class='ocrx_word' id='word_1_380' title='bbox 696 4187 822 4260; x_wconf 86' lang='lat' dir='ltr'><strong>oportet</strong></span> <span class='ocrx_word' id='word_1_381' title='bbox 845 4174 1100 4257; x_wconf 52' lang='lat' dir='ltr'><strong>dammim„</strong></span> <span class='ocrx_word' id='word_1_382' title='bbox 1113 4180 1172 4241; x_wconf 81' lang='lat' dir='ltr'><strong>sed</strong></span> <span class='ocrx_word' id='word_1_383' title='bbox 1198 4201 1289 4255; x_wconf 84' lang='lat' dir='ltr'><strong>enm,</strong></span> <span class='ocrx_word' id='word_1_384' title='bbox 1306 4188 1339 4255; x_wconf 72' lang='lat' dir='ltr'><strong>q¹</strong></span> 
     </span>
    </p>
   </div>
   <div class='ocr_carea' id='block_1_6' title="bbox 231 4249 1339 4356">
    <p class='ocr_par' dir='ltr' id='par_1_21' title="bbox 100 4237 1339 4356">
     <span class='ocr_line' id='line_1_47' title="bbox 231 4249 1339 4356; baseline 0.055 -43.81"><span class='ocrx_word' id='word_1_385' title='bbox 231 4249 326 4321; x_wconf 57' lang='lat' dir='ltr'><strong>aar</strong></span> <span class='ocrx_word' id='word_1_386' title='bbox 347 4254 438 4321; x_wconf 63' lang='lat' dir='ltr'><strong>aa</strong></span> <span class='ocrx_word' id='word_1_387' title='bbox 456 4255 537 4325; x_wconf 58' lang='lat' dir='ltr'><strong>me</strong></span> <span class='ocrx_word' id='word_1_388' title='bbox 568 4260 683 4335; x_wconf 67' lang='lat' dir='ltr'><strong>neu..</strong></span> <span class='ocrx_word' id='word_1_389' title='bbox 717 4258 1019 4351; x_wconf 47' lang='grc' dir='ltr'><strong>πωπω..</strong></span> <span class='ocrx_word' id='word_1_390' title='bbox 1036 4260 1194 4345; x_wconf 39' lang='grc' dir='ltr'><strong>ειη-ιώ·</strong></span> <span class='ocrx_word' id='word_1_391' title='bbox 1214 4262 1339 4356; x_wconf 65' lang='lat' dir='ltr'><strong>erait</strong></span> 
     </span>
    </p>
   </div>
   <div class='ocr_carea' id='block_1_7' title="bbox 0 0 1380 4770">
    <p class='ocr_par' dir='ltr' id='par_1_22' title="bbox 0 0 1380 4770">
     <span class='ocr_line' id='line_1_48' title="bbox 0 0 1380 4770; baseline 0 0"><span class='ocrx_word' id='word_1_392' title='bbox 0 0 1380 4770; x_wconf 95' lang='lat' dir='ltr'><strong> </strong></span> 
     </span>
    </p>
   </div>
  </div>
 </body>
</html>
