2768 4762
367 357 812 447 pneumon,
1078 371 1205 445 ω’

156 550 207 614 Et
234 548 374 617 xms
405 546 537 626 Videte,
564 555 602 609 ut
627 543 800 609 Sabbatum
829 568 931 610 meum
954 549 1155 616 custodiatiss

73 665 148 745 quin
179 662 299 743 signum
326 669 372 717 est
390 657 472 716 inter
490 676 538 715 me
562 666 593 721 et
613 675 668 716 vos
696 655 728 715 in
748 654 999 740 generationibus
1020 660 1150 723 nustriae

73 783 112 830 ut
139 769 257 841 scietis,
291 766 364 846 quin
389 783 446 846 ego
465 763 637 838 Dominus,
666 764 721 843 qui
745 762 905 826 sanctifico
924 784 991 827 vos.
1035 764 1152 828 Custo-

73 879 137 937 dite
161 872 331 935 Sabbatum
365 852 486 946 meum,
513 882 653 931 sonetum
684 882 731 931 est
749 872 830 932 enim
853 871 962 933 vobiss
1001 875 1056 957 qui
1077 874 1152 959 pol-

72 983 166 1043 luerit
185 978 288 1057 iliud,
313 971 414 1037 morte
434 983 606 1039 morietur:
629 979 685 1059 qui
708 977 818 1040 feeerit
837 980 872 1039 in
894 1000 931 1040 eo
951 999 1052 1064 opus,
1074 1003 1150 1065 per-

70 1091 131 1151 ibit
153 1091 252 1159 unimn
278 1084 362 1145 illius
387 1084 425 1142 de
446 1083 549 1145 medio
570 1083 682 1167 popuii
705 1087 764 1145 sui.
815 1084 874 1146 Sex
901 1084 1012 1147 diebus
1028 1087 1148 1151 societis

71 1218 171 1281 opus:
206 1198 238 1254 in
261 1191 311 1252 die
333 1192 464 1274 septimo
486 1190 656 1251 Sabbatum
671 1204 739 1270 est,
762 1193 887 1273 requies
907 1204 1014 1254 saneta
1035 1194 1149 1258 Domi·

69 1326 136 1381 no,·
169 1303 285 1375 omnis,
319 1299 373 1380 qui
398 1301 508 1358 iecerit
527 1319 605 1382 opus
626 1299 658 1357 iu
688 1297 747 1359 hae
768 1297 839 1375 die,
870 1299 1031 1360 morietur.
1083 1301 1148 1365 Cu·
1178 1352 1181 1359 .

67 1412 208 1473 studiant
229 1408 287 1469 tilii
306 1405 399 1465 Israel
419 1403 611 1499 Sabbatum,
632 1417 664 1465 et
683 1402 843 1465 eelebrent
861 1403 943 1465 ittud
964 1407 997 1466 in
1019 1426 1149 1492 genera·

68 1519 210 1580 tionibus
241 1516 312 1575 suis.
364 1512 494 1573 Pactum
528 1524 575 1572 est
608 1513 828 1596 sempiternum
855 1513 938 1573 inter
966 1533 1015 1574 me
1052 1527 1084 1576 et
1108 1512 1150 1577 fi-

70 1627 128 1686 lios
168 1624 284 1697 Israel,
323 1622 504 1704 signumque
532 1632 740 1704 perpetuum.-
761 1639 813 1681 εει
834 1624 915 1680 enim
939 1618 1050 1682 diebus
1072 1621 1149 1686 feeit

69 1733 224 1790 Dominus
242 1727 357 1789 eaelum
379 1741 409 1789 et
426 1741 551 1804 terrum,
586 1739 617 1789 et
634 1729 667 1787 in
682 1727 815 1810 septimo
837 1724 878 1787 ab
895 1746 992 1809 opere
1008 1731 1147 1791 cessavit.

157 1859 185 1917 D
199 1870 273 1918 eut.
295 1856 351 1918 V.:
376 1857 515 1921 Observa
537 1855 619 1916 diem
640 1853 791 1935 Sabbati,
813 1867 850 1917 ut
868 1853 1041 1917 senuiiiees
1064 1876 1146 1937 eum,

71 1968 158 2025 sicut·
172 1967 330 2047 proecepit
353 1942 412 2026 tibi
444 1960 596 2025 Dominus
618 1961 704 2022 Dens
724 1975 808 2028 tuus.
853 1960 911 2049 Sex
933 1960 1044 2024 diebus
1066 1982 1147 2048 ope-
1169 2010 1174 2033 ,,

67 2072 204 2148 suberis,
236 2083 267 2131 et
288 2071 380 2132 sanies
400 2072 503 2131 omnin
530 2089 627 2153 opert
647 2082 712 2131 tua.
754 2067 911 2154 Septimus
927 2067 998 2131 -dies
1015 2056 1158 2135 S'abb'sti'

69 2192 131 2256 est,
164 2178 195 2239 id
230 2189 293 2256 est,
330 2196 454 2259 requies
485 2176 613 2238 Domini
643 2175 704 2236 Dei
732 2176 789 2241 tui.
822 2173 1082 2240 =Nonfneies1in
1106 2198 1145 2243 eo

68 2287 236 2368 quidquam
256 2286 361 2366 operis
384 2297 420 2343 tu
451 2294 482 2343 et
507 2281 590 2343 iilius
609 2295 682 2343 tuus
704 2294 735 2344 et
760 2280 847 2361 fitia,
870 2304 975 2345 servus
995 2296 1027 2346 et
1046 2286 1146 2354 aneil-
1182 2263 1183 2268 ἵ

66 2394 114 2468 la,
147 2406 178 2451 et
206 2390 289 2466 bos,
330 2401 361 2450 et
390 2392 512 2467 asinus,
541 2400 573 2448 et
597 2408 687 2447 omne
701 2388 876 2469 jumentum
901 2401 1005 2468 tuum,
1038 2404 1069 2454 et
1089 2414 1147 2477 pe·

68 2500 229 2581 seguinus,
264 2497 318 2577 qui
349 2505 395 2553 est
424 2496 506 2554 intra
540 2504 648 2575 portes
679 2505 767 2571 tuus,
789 2507 826 2555 ut
847 2497 1022 2576 requieseat
1040 2518 1146 2562 servus

69 2617 143 2665 tuus
176 2616 207 2662 et
235 2600 346 2663 aneilla
374 2613 445 2676 tun,
475 2600 557 2658 sicut
577 2610 608 2659 et
631 2610 677 2658 tu.
719 2600 895 2678 Memento,
917 2601 1003 2681 quod
1025 2616 1056 2664 et
1080 2606 1147 2687 ipse

66 2712 210 2773 servieris
227 2713 257 2771 in
269 2696 464 2799 Aegyptuet
481 2703 660 2766 eduxeritte
678 2703 751 2767 inde
763 2706 915 2768 Dominus
927 2709 1009 2769 Deus
1024 2723 1096 2773 tuns
1107 2714 1140 2774 iu

62 2824 163 2880 'inanu
186 2818 262 2880 forti
287 2830 318 2879 et
341 2814 473 2877 brachio
503 2824 636 2876 extento.
678 2811 805 2874 Idcirco
829 2816 990 2900 praecepit
1006 2815 1088 2896 tibi,
1108 2829 1147 2882 nt

70 2926 215 2990 observes
241 2924 321 2986 diem
343 2921 482 2984 sabbati.

92 3102 103 3127 .
153 3056 241 3117 Lev.
274 3055 411 3115 XXIII.:
449 3053 649 3136 Loeutnsqne
678 3059 726 3113 est
759 3047 914 3112 Dominus
945 3051 984 3114 ad
1004 3054 1144 3137 Moysen,

69 3163 191 3227 dicens:
221 3163 366 3244 Loquere
399 3156 472 3221 filiis
508 3160 622 3236 Israel,
652 3170 684 3220 et
713 3157 797 3219 diees
826 3156 867 3218 ud
889 3179 958 3220 eos:
980 3162 1044 3223 Hae
1071 3176 1145 3226 sunt

68 3274 164 3334 feriae
190 3269 335 3346 Domini,
357 3288 435 3350 quas
455 3264 607 3327 vocabitis
632 3278 765 3330 sanetas.
809 3265 866 3328 Sex
888 3266 998 3328 diebus
1024 3268 1144 3333 facietis
1247 3247 1249 3264 ἶ

67 3398 171 3466 opus:
205 3378 270 3439 dies
295 3378 440 3460 septimus
453 3375 565 3458 ,quin
596 3370 725 3434 sabbati
746 3376 870 3456 requies
895 3387 958 3453 est,
978 3377 1145 3441 vocabitur

66 3500 213 3551 sanetus:
244 3505 334 3547 omne
357 3504 435 3566 opus
454 3504 520 3545 non
541 3481 659 3543 facietis
687 3484 720 3541 in
742 3503 799 3543 eo:
822 3481 994 3544 Sabbatum
1015 3484 1144 3548 Domini

66 3607 114 3657 est
136 3596 168 3654 in
193 3594 313 3653 eunetis
332 3588 579 3681 hubitationibus
610 3588 728 3650 vestris.
771 3589 836 3650 Hne
855 3602 928 3651 sunt
953 3613 1028 3677 ergo
1050 3593 1145 3657 ferne

65 3702 195 3763 Domini
222 3711 362 3775 sanctae,
405 3717 482 3781 quas
512 3695 669 3756 celebrare
697 3694 816 3758 debetis
847 3699 1043 3782 temporibus
1070 3704 1143 3764 suis.

68 3811 173 3869 Mense
208 3810 330 3892 primo,
372 3818 484 3887 quattu
519 3804 637 3864 decima
672 3801 722 3864 die
758 3806 869 3865 mensis
897 3806 935 3866 ad
964 3828 1143 3891 vesperum,

68 3912 162 3997 pbnse
181 3911 306 3974 Domini
326 3926 389 3974 ests
411 3924 442 3974 et
463 3913 572 3995 quinta
598 3910 716 3972 decima
742 3910 793 3971 die
817 3913 927 3973 mensis
946 3911 1059 3996 liujus,
1090 3936 1145 3976 so-

72 4014 209 4080 lemnitas
229 4039 408 4095 azymorum
430 4022 558 4083 Domini
581 4031 636 4080 est.
677 4017 890 4080 Numerebitis.
908 4019 948 4081 ab
975 4022 1073 4084 altero
1094 4021 1145 4082 die

72 4120 222 4204 sabbati,
256 4130 288 4188 in
320 4150 384 4212 quo
409 4129 569 4192 obtulistis
605 4126 798 4212 manipulum
826 4129 1053 4210 primitiarum,
1075 4150 1147 4212 sep·

71 4246 135 4296 tem
155 4232 367 4299 hebdomades
386 4236 515 4323 plenas,
547 4235 707 4323 usquead
726 4235 854 4301 alterum
872 4222 954 4299 diem
967 4236 1150 4322 expletionis

896 4364 941 4418 ‘22
