2768 4762
414 344 813 470 unctuosu-
952 426 980 441 -=
1075 404 1155 481 orn

164 586 308 654 Iacob.
335 587 383 651 Ι..
426 587 648 671 Unusquisque
678 597 818 657 tenmur
850 605 869 649 n
903 587 1156 698 concupiscentie

81 721 139 764 sna
160 699 330 773 abstructus
352 707 384 757 et
404 695 536 760 illectus.
576 694 699 757 Deinde
720 696 970 795 eoncupiscentia
982 718 1052 757 eum
1077 718 1156 758 eon-

82 811 220 894 ceperit,
252 806 337 891 parit
372 817 552 888 peecatumr
582 814 745 889 peceatum
768 823 844 866 tero
867 824 939 866 eum
959 824 1155 891 eonsumma-
1206 804 1211 825 '

79 928 145 978 tum
166 916 284 993 suerit,'
311 924 437 997 generat
465 923 605 974 mortem.

167 1044 277 1107 Esui.
297 1046 345 1108 t:
373 1041 536 1126 Principes
555 1043 602 1104 tui
632 1039 793 1117 infideles,
824 1042 902 1104 socii
924 1042 1051 1104 furum:
1084 1063 1154 1105 om·

70 1173 135 1214 nes
152 1152 286 1237 diligunt
310 1169 450 1224 munera,
468 1162 641 1232 sequuntur
662 1150 896 1212 retributiones.
937 1150 1066 1235 Pupillo
1088 1171 1153 1214 non

79 1260 241 1342 judicant,
278 1269 309 1319 et
330 1278 421 1319 causo
441 1254 552 1317 viduae
573 1278 638 1319 non
659 1257 835 1342 ingreditur
857 1256 897 1319 ud
919 1256 1002 1336 ilios.
1066 1308 1070 1314 ,

165 1388 217 1448 Ει
236 1386 295 1448 tt:
322 1387 396 1449 Noli
417 1385 575 1448 attendere
601 1387 641 1449 ud
662 1389 872 1472 possessiones
909 1388 1047 1469 iniquas,
1062 1397 1100 1448 ,et
1117 1407 1156 1448 ne

75 1495 217 1558 dixeris:
250 1494 307 1556 Est
336 1492 413 1555 mihi
441 1493 595 1554 sufficiens
613 1496 696 1556 ritu:
730 1494 811 1556 nihil
835 1495 915 1554 en'im
946 1493 1091 1576 proderit
1124 1495 1156 1555 in

82 1615 225 1687 tempore
261 1602 418 1674 vindictae
445 1614 477 1662 et
504 1602 716 1664 obductionis.
767 1601 814 1663 Ne
834 1621 974 1685 sequaris
1008 1605 1040 1662 iu
1062 1601 1184 1665 forti&

81 1709 191 1770 tudioe
212 1721 266 1770 tua
292 1708 571 1792 concupiscentiam
600 1708 715 1769 cordis.

161 1815 274 1877 Ech.
294 1815 432 1882 XVIII..
453 1815 532 1876 Post
551 1819 816 1899 concupiscentius
838 1827 906 1878 tuas
932 1815 1003 1879 non
1022 1806 1095 1893 eus,
1124 1828 1156 1880 et

83 1922 290 1984 avoluntate
310 1937 365 1986 tua
388 1935 534 1984 avertere.
576 1923 609 1983 si
631 1935 768 2007 praestes
792 1926 909 1984 animae
940 1935 1012 1985 tuae
1035 1946 1155 1987 concu-

80 2030 244 2111 piscentias
264 2032 350 2112 ejus,
373 2030 466 2090 faciet
485 2041 517 2089 te
538 2032 570 2089 in
592 2029 740 2112 goudium
759 2032 893 2100 inimicis
905 2032 984 2094 tuis.

163 2135 305 2197 PsaIm.
327 2136 398 2197 IX:
420 2133 624 2205 Exaeerbnvit
643 2137 813 2198 Dominum
832 2144 980 2221 peccator
998 2151 1055 2200 ete.
1089 2136 1154 2201 ‘In-

80 2242 228 2320 sidIatur,
260 2255 295 2305 ut
321 2246 422 2330 rupiut
441 2250 624 2327 pauperem:
656 2263 767 2332 rapere
788 2264 975 2329 pauperem,
1010 2247 1084 2308 dum
1106 2259 1154 2310 ut-

80 2348 178 2410 trahit
204 2369 284 2413 eum.

164 2452 305 2513 Psnlm.
326 2454 428 2515 LXI.
460 2452 566 2516 Nolite
587 2473 712 2537 sperare
741 2455 779 2514 in
800 2457 981 2541 iniquitate,
1015 2470 1046 2521 et
1065 2461 1159 2617 rupis
1192 2540 1196 2547 Ι

81 2578 137 2619 nas
167 2557 265 2619 nolite
293 2563 526 2644 concupiscere.
1123 2538 1192 2651 ἑξι

165 2658 249 2729 Act.
272 2667 360 2735 XX.:
378 2658 589 2751 Argentum
594 2675 627 2726 et
659 2684 789 2744 eurum,
823 2679 877 2729 aut
899 2680 1012 2729 restem
1030 2642 1238 2781 mik..-

79 2777 254 2860 concupivi.
1083 2708 1212 2951 Ns
1290 2831 1298 2868 3

162 2883 198 2943 B.
239 2881 314 2945 Job
337 2881 475 2943 XXXI..
507 2878 617 2964 Pepigi
641 2877 753 2942 foedus
774 2900 843 2940 eum
863 2855 964 2944 oeniis
985 2886 1155 2975 meisa!

78 3012 118 3050 ne
142 2992 308 3072 cogitarem
341 2988 467 3073 quidem
499 2986 538 3049 de
558 2989 687 3072 virg'tne.
730 2988 831 3064 Quam
854 2991 934 3053 enim
955 3005 1075 3075 partem
1094 2991 1153 3054 ha-

78 3096 169 3156 beret
187 3098 218 3154 in
245 3117 293 3157 me
310 3097 571 3179 Deus-desuper,
595 3108 626 3156 et
642 3094 864 3157 haereditatem
889 3099 1094 3182 Omnipotens
1113 3099 1152 3161 de

77 3201 224 3269 excelsis?
266 3203 298 3264 si
340 3203 501 3288 deceptum
527 3216 573 3265 est
604 3223 785 3264 cormeum
808 3206 1054 3289 supermulier‚
1078 3210 1152 3268 etsi

77 3308 118 3370 ad
142 3313 253 3370 ostium
276 3313 366 3372 umiei
400 3314 459 3384 mei
481 3308 642 3371 insidiatus
666 3328 736 3371 sum
758 3322 817 3373 ete.
871 3312 939 3374 Hoc
966 3315 1046 3373 enim
1066 3314 1151 3378 nefas

75 3428 123 3477 est
135 3459 145 3495 ,
169 3428 200 3476 et
225 3418 373 3500 iniquitas
395 3421 531 3480 maximo.
607 3419 625 3482 ᾖ

162 3523 190 3588 Ι.
218 3524 307 3585 Cor.
342 3526 408 3588 X.·.
441 3525 555 3604 Nemo,
586 3523 676 3608 quod
702 3546 793 3588 suum
823 3537 885 3605 est,
918 3542 1063 3611 quaerut,
1095 3529 1151 3592 sed

75 3630 163 3716 quod
191 3624 329 3693 ulterius.

157 3737 258 3801 Tob.
281 3739 355 3798 IX.=
387 3734 489 3801 Flevit
522 3738 928 3823 Gabelus‚‘benedixitque
960 3742 1081 3823 Deum,
1119 3757 1151 3809 et
1222 3744 1224 3748 ’
1337 3710 1340 3715 -

73 3845 167 3906 dixit:
201 3845 368 3907 Benedicat
396 3858 428 3906 te
448 3848 533 3908 Deus
552 3847 668 3925 Israel,
695 3851 768 3930 quiu
789 3846 873 3909 filius
892 3869 923 3909 es
944 3853 1054 3934 optimi
1077 3855 1147 3931 riri,

73 3965 104 4013 et
137 3954 233 4036 justi,
267 3965 297 4014 et
330 3956 463 4015 timentis
485 3955 607 4035 Deum,
641 3968 673 4017 et
696 3955 905 4033 eleemosynas
934 3956 1094 4018 facientis:
1115 3971 1147 4021 et

74 4056 195 4120 dicatur
214 4059 392 4123 benedictio
424 4082 519 4146 super
556 4084 683 4125 uxorem
702 4076 808 4143 tuam,
836 4075 868 4125 et
890 4079 1143 4149 superponentes

69 4177 205 4230 vestros:
237 4180 268 4229 et
288 4171 416 4232 videatis
442 4166 527 4232 filios
542 4183 683 4251 vestros,
714 4183 746 4233 et
762 4167 845 4232 filios
866 4163 1006 4241 filiorum
1022 4186 1144 4242 vestro-

64 4293 137 4336 rnm
172 4259 274 4358 nique
304 4278 338 4338 in
369 4277 491 4342 tertium
522 4290 554 4340 et
587 4289 730 4362 quartum
761 4279 1004 4365 generationem·
1038 4291 1082 4345 et
1101 4281 1142 4341 sit
1229 4279 1238 4297 ⁸
