2768 4762
19 384 36 399 ··
140 446 144 454 ,
270 390 350 462 m
442 348 1027 492 ‘ursasrrsrssr

731 572 874 651 xvlll.

315 762 411 839 Duo
443 730 651 868 postrema
679 705 897 871 praccepta
931 752 1031 870 quid
1058 750 1308 836 continent?

371 947 415 1016 Α.
466 944 604 1020 Vetant
647 943 992 1042 concupiscentiam
1037 942 1164 1015 uxoris
1211 967 1259 1017 ac
1296 943 1349 1014 rei

178 1043 261 1180 ξύ·
274 1069 439 1142 alienas:
471 1082 513 1138 ut
542 1092 620 1138 non
653 1066 774 1139 solum
811 1067 857 1140 ab
881 1091 996 1139 urors
1024 1066 1167 1156 aliena,
1208 1066 1350 1140 illicitis

199 1160 537 1323 ὴἰἒέζοοιιιιιιιιιίἰὴ
557 1207 595 1262 et
634 1207 785 1263 externa
810 1208 1012 1291 apertaque
1048 1189 1237 1286 injustitia
1281 1215 1350 1263 nos

187 1294 544 1474 ’73733Ἷι1ιιιίιιειιιιιιὴ
596 1313 666 1386 sed
712 1315 822 1388 ctiam
869 1341 917 1387 ne
961 1314 1150 1386 voluntate
1201 1314 1350 1411 quidem

209 1451 472 1520 'lnoceamus
500 1437 696 1535 cuiquam
729 1455 793 1510 aut
813 1463 951 1511 nocere
986 1437 1249 1512 deliberemus.

370 1562 578 1660 algisus
609 1563 683 1636 boc
720 1579 917 1660 utrumque
946 1580 1190 1661 praeceptum
1223 1563 1347 1637 cordis

129 1661 260 1840 Πῇ7ῗ7
252 1689 520 1762 sinceritatem
543 1703 581 1759 et
600 1684 899 1760 benevolentiam
920 1710 1006 1784 erga
1023 1712 1152 1761 omues
1167 1687 1346 1784 integram

219 1820 354 1885 chsc
382 1810 565 1894 rult,1tt
601 1835 699 1908 quae
737 1811 775 1880 iu
809 1837 888 1882 rem
929 1828 966 1881 et
1000 1809 1157 1882 salutem
1189 1812 1345 1910 proximi

172 1921 178 1936 ⁸
188 1858 428 2015 lmcadunt,
469 1948 640 2031 optemus
661 1959 705 2003 er
730 1933 873 2018 animo,
912 1958 1034 2030 neque
1061 1933 1255 2036 cupiditati
1279 1962 1346 2006 un·

270 2077 381 2152 quam
416 2078 500 2127 cum
527 2054 602 2128 levi
632 2053 784 2148 alterius
818 2055 954 2154 injuria
981 2056 1260 2130 consentiamus.

85 1600 142 1948 Ψέωφέἥοὲ·
90 989 133 1572 ἐΞ-’ῒέ7’·““·”“’ἒῖξῑ’-’ῑ’

115 1915 141 1926 ι
115 1808 126 1833 ‘³
120 1557 125 1573 -
122 1390 144 1470 2=2=
119 1166 123 1176 ·
116 1003 127 1027 θ
139 863 146 871 ,,

537 2293 1079 2370 SCRIPTURAE.

350 2459 470 2524 Dent
492 2461 548 2528 V.:
570 2465 643 2528 Non
665 2465 864 2549 concupisces
886 2483 1012 2523 uxorem
1032 2436 1242 2546 proximitui.
1274 2461 1336 2522 Non

223 2541 413 2655 dmm,
461 2592 526 2634 non
553 2594 681 2657 agrum,
722 2596 787 2635 non
815 2592 951 2648 servum,
986 2590 1051 2631 non
1085 2569 1248 2650 ancillam,
1280 2587 1338 2627 uon

170 2726 183 2757 r
252 2662 403 2756 boiam,
433 2701 495 2741 non
520 2683 660 2762 asinum,
692 2683 907 2756 etuniversa,
930 2676 1092 2760 quasillis
1116 2691 1200 2738 sunt.

221 2758 240 2827 -l'
348 2785 459 2852 Eccl.
488 2786 606 2848 XXVa
640 2789 687 2850 Ne
709 2789 868 2877 respicias
887 2786 934 2854 ‚in
964 2783 1101 2845 mulieris
1130 2787 1289 2868 speciem,
1313 2793 1340 2841 et

262 2898 330 2955 non
355 2894 556 2980 concupiscas
581 2894 740 2955 mulierem
765 2897 796 2953 in
818 2895 927 2976 specie.

348 2998 487 3061 Matth.
509 2999 567 3061 V.:
599 3000 757 3079 Audlstis,
792 3002 866 3083 quia
888 3000 1006 3061 dictum
1028 3012 1073 3062 est
1095 3002 1254 3083 antiquis:
1276 2999 1340 3060 Non

264 3105 487 3172 moechaberis.
532 3108 601 3193 Ego
624 3121 726 3171 autem
748 3108 819 3169 dico
843 3105 951 3185 vobis,
973 3111 1046 3191 quia
1069 3110 1195 3187 omnis,
1219 3109 1277 3189 qui
1300 3107 1342 3164 ri-

265 3213 348 3275 derit
374 3214 533 3276 mulierem
570 3216 609 3277 ad
644 3214 926 3300 concupiscendum
961 3237 1043 3294 eam,
1067 3217 1141 3298 =jam
1164 3214 1340 3276 moechatus

264 3335 310 3384 est
329 3343 394 3383 eam
417 3324 448 3382 in
469 3324 565 3386 corde
586 3344 654 3386 suo.

346 3432 448 3491 Rom.
480 3431 588 3491 xus:
617 3431 689 3493 Non
723 3429 913 3492 adulterabis
936 3442 1010 3507 etc,
1041 3451 1105 3491 non
1128 3431 1342 3514 concupisces,

210 3583 214 3587 .
263 3548 295 3596 at
317 3537 343 3604 si
363 3537 451 3618 quod
479 3549 525 3598 est
548 3537 635 3598 aliud
656 3539 855 3615 mandatum,
878 3544 909 3598 in
932 3537 994 3601 hoc
1015 3537 1114 3599 verbo
1135 3539 1343 3600 instauratur:

260 3642 380 3727 Diliges
405 3648 578 3727 proximum
608 3657 697 3707 tuum
726 3648 858 3708 sicutte
880 3648 990 3729 ipsum.
1060 3636 1068 3657 '

345 3751 371 3810 1.
393 3751 420 3811 T
427 3750 526 3813 bess.
556 3750 631 3814 IV.:
665 3755 748 3818 Haec
782 3767 829 3816 cst
859 3754 1002 3814 voluntas
1039 3754 1097 3812 Dei
1131 3749 1343 3814 sanctificatio

259 3870 383 3934 vestra,
413 3872 450 3919 ut
483 3835 662 3922 abstineatis
694 3883 749 3923 vos
785 3883 803 3922 a
830 3861 1055 3937 fornicatione,
1083 3872 1120 3921 ut
1143 3861 1225 3921 sciat
1247 3881 1347 3920 unus·

260 3966 394 4047 quisque
432 3976 567 4026 vestrum
595 3989 647 4030 vas
678 3989 768 4029 suum
788 3968 948 4052 possidere
984 3971 1015 4029 in
1039 3964 1291 4029 sanctificatione
1316 3978 1347 4026 et

257 4069 399 4132 honore:
434 4091 498 4130 nou
524 4075 556 4132 in
577 4077 720 4156 passione
750 4075 911 4151 desiderii,
946 4078 1026 4136 sicut
1047 4088 1078 4136 et
1105 4087 1238 4159 pentes,
1263 4095 1344 4157 quae

257 4179 405 4262 ignorant
436 4177 551 4239 Deum:
583 4195 615 4242 et
634 4204 672 4244 ne
694 4185 765 4265 quis
782 4181 1037 4265 supergrediatur
1068 4185 1100 4241 in
1123 4185 1255 4266 negotio
1279 4183 1347 4242 sra-

256 4298 334 4347 trem
359 4306 469 4360 suum,
491 4289 637 4370 quoniam
659 4288 770 4378 vindex
791 4303 837 4351 ast
857 4290 1010 4351 Dominus
1041 4288 1080 4353 dc
1109 4288 1157 4372 bis
1180 4287 1344 4351 omnibus.
