2768 4762
361 324 819 425 'secessisse
1070 357 1152 433 aar

81 565 165 632 qne,
194 540 281 628 qnod
304 561 440 625 semper,
463 535 549 624 qnod
572 536 612 599 ab
639 538 782 599 omnibus
810 534 963 600 creditum
991 546 1052 600 ests
1080 536 1150 602 Hos

82 647 131 693 est
150 632 258 692 etenim
276 648 365 703 vere,
386 628 573 711 proprieque
596 621 811 701 Catholicum,
833 622 921 705 quod
945 625 1012 707 ipsa
1028 624 1073 684 vis
1091 645 1152 687 no-

80 719 172 776 minis
186 715 323 794 ratioqne
341 711 491 786 declarat,
513 728 591 791 quae
615 709 718 770 omnia
741 728 812 767 vere
833 709 1044 769 universaliter
1061 729 1150 770 com·

84 797 253 885 prehendit.
307 795 367 855 Sed
395 793 455 855 hoc
478 798 519 854 ita
540 793 661 853 demum
686 790 739 869 fit,
760 792 785 850 si
809 812 973 874 sequamur
998 795 1150 855 universi-

81 898 189 958 tatem,
219 882 445 961 antiquitatem,
481 880 716 939 consensionem.
767 875 937 956 Sequemur
954 891 1057 940 autem
1077 877 1314 939 uni-“mutes

80 960 253 1028 versitatem
283 964 342 1023 hoc
364 964 477 1023 modo:
504 962 536 1021 si
559 960 638 1023 hanc
657 982 749 1022 unam
775 958 868 1019 fidem
883 969 991 1022 heram
1014 982 1080 1023 esse
1099 962 1149 1025 sa·

80 1065 217 1125 teamnr,
242 1070 333 1131 qnam
360 1061 424 1109 tota
446 1068 500 1129 per
522 1045 627 1107 orbem
648 1058 799 1107 terrarum
825 1043 991 1107 confitetur
1013 1045 1148 1108 ecclesia.

79 1138 303 1217 Antiquitatem
319 1153 391 1192 vero
412 1133 468 1208 ita,
495 1132 520 1190 si
543 1128 583 1191 ab
599 1129 648 1191 bis
665 1129 804 1191 sensibus
821 1127 994 1190 nullatenus
1020 1130 1298 1208 recede-meque...

80 1240 166 1295 mins,
188 1240 265 1300 quos
286 1229 407 1276 sanctos
426 1216 560 1295 Majores
580 1236 615 1276 ac
634 1228 736 1299 patres
757 1224 879 1274 nostros
899 1212 1066 1278 celebrasse
1081 1236 1149 1279 ma-

80 1305 225 1365 nifestum
245 1314 310 1361 est:
333 1301 565 1361 consensionem
591 1320 714 1382 quoqne
738 1298 862 1376 itidem,
892 1297 920 1360 si
947 1299 980 1359 in
1003 1299 1070 1383 ipsa
1092 1320 1149 1362 ve-
1158 1321 1298 1372 eamq,

79 1400 215 1462 tustate,
239 1389 392 1462 omnium,
423 1382 471 1445 vel
490 1396 573 1445 certe
591 1405 669 1467 pene
689 1384 842 1459 omnium,
873 1381 1065 1445 sacerdotum
1089 1404 1149 1467 pa-

81 1477 157 1533 riter
188 1483 218 1530 ct
249 1472 462 1552 magistrorum
491 1467 703 1544 definitiones,
733 1468 958 1549 sententiasque
989 1479 1150 1529 sectemur.

81 1557 170 1633 Quid
197 1557 290 1638 igitur
306 1548 404 1615 'saciet
426 1554 616 1613 Christianus
643 1550 839 1628 Catholicae,
869 1553 895 1612 si
917 1572 951 1611 se
973 1551 1076 1635 aliqtm
1096 1572 1293 1637 ec-cattonaa-

81 1643 193 1702 clesiae
220 1638 369 1722 particula
394 1635 434 1698 ab
461 1636 636 1698 universalis
659 1634 733 1696 fidei
752 1637 963 1696 communione
989 1625 1326 1720 praecide-{fflffiffim’

82 1726 148 1786 rit?
177 1724 263 1798 Quid
293 1724 415 1803 itaque,
447 1723 506 1781 nisi
529 1734 566 1782 ut
587 1720 753 1804 pestifero,
786 1733 994 1804 corruptoque
1012 1719 1149 1781 membro
1159 1722 1284 1813 {22⁸2}

82 1811 240 1868 sanitatem
261 1808 393 1867 universi
415 1808 550 1889 corporis
574 1804 758 1888 anteponat?
792 1804 877 1881 Quid
905 1805 932 1865 si
951 1804 1070 1867 novella
1091 1802 1152 1867 ali-
1222 1785 1252 1825 ⁸⁸¹
1281 1801 1287 1813 '

85 1914 146 1972 qua
167 1894 307 1974 contagio
321 1912 382 1950 non
402 1892 465 1971 jam
487 1889 713 1973 portiunculam
729 1900 864 1965 tantum,
895 1885 950 1949 sed
976 1901 1074 1950 totam
1092 1909 1153 2034 pa·

83 1979 160 2035 riter
178 1975 333 2035 ecclesiam
353 1974 573 2035 commaculare
588 1971 740 2033 conetnri
761 1973 850 2032 Tunc
867 1973 940 2032 item
960 1974 1092 2056 provide
1116 1974 1151 2051 it,

83 2071 120 2119 ut
143 2060 314 2140 antiquitati
343 2057 515 2132 inhaereat,
546 2076 626 2138 quae
657 2074 784 2137 prorsus
814 2057 876 2136 jam
896 2076 960 2117 non
988 2069 1093 2141 potest
1113 2056 1154 2117 ab

81 2142 145 2202 nlla
163 2143 304 2201 novitatis
320 2140 429 2201 fraude
448 2141 564 2201 seduci.
608 2137 697 2215 Quid
717 2139 743 2199 si
762 2141 796 2199 in
816 2140 883 2222 ipsa
900 2152 1052 2203 vetustate
1072 2140 1155 2203 duo·
1163 2142 1297 2207 cantu-a

81 2248 151 2286 rum
181 2239 235 2285 aut
264 2227 360 2284 trium
389 2224 567 2301 hominum,
599 2222 649 2283 vel
679 2235 762 2283 certe
792 2223 922 2287 civitatis
956 2232 1066 2303 unius,
1099 2216 1303 2287 aut¹⁸¹m¹'¹

85 2314 174 2370 etiam
198 2310 371 2390 provinciae
392 2308 524 2386 alicujus
556 2327 642 2366 emor
672 2305 939 2388 deprehendaturl
971 2310 1059 2371 Tunc
1082 2331 1154 2372 om·

84 2397 159 2453 ιιίιιο
181 2391 321 2462 curabit,
352 2400 389 2447 ut
407 2408 578 2469 pancorum
600 2390 763 2449 temeritati
790 2388 839 2449 vel
868 2394 1023 2469 inscitiae,
1044 2392 1070 2453 si
1094 2413 1156 2474 qua

87 2488 160 2533 stant
183 2470 390 2531 universaliter
416 2473 583 2551 antiquitus
611 2469 834 2549 universalis-1·
861 2474 987 2536 Concilii
1011 2476 1329 2552 decreta,÷aa.nm..

87 2567 262 2642 praeponat.
307 2553 391 2630 Quid
411 2555 437 2613 si
458 2553 518 2613 tale
537 2552 653 2634 aliquid
675 2566 824 2636 emergat,
843 2556 899 2616 ubi
908 2557 985 2618 nihil
1005 2560 1156 2639 ejusmodi
1165 2548 1223 2590 ¹¹²⁰·
1264 2582 1271 2603 ι

87 2639 282 2724 reperiatur?
302 2638 392 2699 Tunc
415 2658 539 2720 operam
565 2637 668 2712 dabit,
689 2651 726 2699 ut
745 2636 870 2699 collatas
890 2642 969 2700 inter
993 2660 1028 2703 se
1054 2644 1158 2724 majo-

85 2749 157 2787 rum
179 2724 318 2785 consulat
338 2725 454 2783 interro
476 2734 568 2803 etque
589 2724 773 2800 sententias,
795 2742 901 2783 eorum
918 2724 1082 2802 duntaxat,
1104 2727 1159 2808 qui

69 2811 214 2871 dirersis
240 2810 311 2869 licet
333 2745 521 2890 temporibus
540 2819 571 2867 et
592 2806 686 2885 locis,
712 2807 745 2867 in
768 2809 859 2867 unius
880 2821 981 2870 tamen
1003 2809 1159 2871 Ecclesiae
1168 2824 1261 2868 sarna
1278 2841 1332 2868 eon.

88 2895 264 2955 Catholicae
294 2893 504 2952 communione
535 2904 567 2953 et
591 2889 653 2953 fide
675 2903 904 2976 permanentes,
926 2894 1061 2977 magistri
1084 2886 1261 2978 pro-‘'¹¹¹''

85 2979 207 3041 habiles
219 2979 415 3039 exstiterunts
437 2976 479 3037 Et
502 2975 655 3058 quidquid
677 2996 742 3039 uon
767 2997 845 3037 unus
868 2990 923 3039 aut
943 2979 1006 3040 duo
1029 2991 1158 3057 tantum,

87 3064 144 3124 sed
181 3082 284 3121 omnes
313 3063 427 3145 pariter
454 3080 518 3121 uno
556 3061 726 3145 eodemque
757 3080 907 3123 consensu
939 3075 1063 3147 aperte,
1095 3064 1161 3124 sre-

88 3159 241 3229 quentcr,
261 3155 488 3231 perseveranter
510 3147 661 3223 tenuisse,
684 3145 860 3229 scripsisse,
882 3146 1023 3209 docuisse
1043 3169 1161 3232 cogno-

87 3232 189 3306 verit,
209 3230 241 3289 id
258 3228 317 3289 sibi
340 3250 465 3311 quoque
489 3229 637 3314 intelligat
658 3230 775 3311 absque
795 3230 858 3297 ulla
881 3230 1073 3293 dubitatione
1091 3253 1161 3293 cre·

88 3315 235 3376 dendnm
278 3313 357 3373 Ibid.
378 3326 450 3398 post
467 3313 578 3374 multa:
600 3314 690 3391 Quae
708 3336 778 3375 cum
801 3315 844 3375 ita
867 3318 948 3392 sint,
978 3315 1028 3376 ille
1048 3328 1093 3378 est
1106 3338 1161 3377 ve·
1171 3331 1335 3389 vanuisse.

86 3420 145 3462 rus
170 3411 201 3459 et
222 3418 381 3482 germanus
397 3396 592 3474 Catholicus,
620 3401 675 3480 qui
693 3401 849 3460 veritatem
871 3401 947 3477 Dei,
980 3401 1035 3482 qui
1060 3400 1160 3462 eccle-
1169 3386 1337 3486 ἷῗζξῖξξῑῗξξῖ

88 3488 188 3559 siam,
211 3486 265 3565 qni
285 3482 399 3542 Christi
425 3502 537 3565 corpus
565 3481 679 3566 diligit,
700 3485 756 3565 qui
783 3482 901 3545 divinae
928 3484 1084 3568 religioni,
1106 3486 1161 3569 qui

87 3568 267 3629 Catholicae
286 3565 358 3626 fidci
376 3565 453 3626 nihil
464 3568 639 3650 praeponit,
661 3588 724 3628 non
740 3566 871 3629 bominis
892 3568 1063 3652 cujuspiam
1085 3590 1162 3633 aue-

87 3655 261 3727 toritatem,
295 3670 357 3711 non
375 3670 523 3727 amorem,
552 3672 614 3711 non
636 3653 811 3735 ingenium,
846 3674 909 3713 non
936 3651 1161 3736 eloquentiam,

87 3758 155 3798 non
176 3735 419 3819 philosophiam:
443 3734 504 3796 Sed
530 3733 606 3796 baec
630 3747 742 3796 cuncta
765 3735 950 3819 despiciens,
982 3750 1014 3798 et
1040 3740 1072 3798 in
1100 3737 1164 3799 fide

89 3822 193 3894 fixus,
227 3820 343 3881 stabilis
361 3839 557 3904 permanens,
588 3818 742 3902 quidquid
763 3821 973 3882 universaliter
994 3823 1163 3905 antiquitus

90 3904 259 3967 Ecclesiam
282 3904 471 3965 Catholicam
494 3907 626 3963 tenuisse
648 3905 840 3989 cognoverit,
863 3906 895 3967 id
914 3905 1013 3967 solum
1034 3908 1093 3967 sibi
1114 3919 1165 3967 te-

86 3991 244 4066 nendum,
265 3988 511 4071 credendumque
531 3988 674 4052 decernit.
734 3989 898 4071 Quidquid
914 4010 987 4051 reru
1008 3988 1048 4052 ab
1061 3991 1165 4072 aliquo

94 4072 237 4156 deinceps
271 4094 351 4150 nno,
383 4086 504 4157 praeter
527 4094 652 4149 omnes,
686 4074 735 4134 vel
758 4087 864 4135 contra
888 4093 992 4137 omnes
1022 4088 1165 4149 sanctos,

65 4184 72 4203 ·
92 4176 209 4217 norum
229 4169 261 4216 et
285 4158 457 4219 inauditum
477 4158 644 4218 subinduci
662 4160 807 4236 senserit,
821 4158 868 4235 ¹id
889 4179 953 4221 non
975 4156 1016 4222 ad
1039 4159 1166 4242 religio·

62 4252 182 4318 furem,
203 4241 259 4302 sed
277 4241 319 4302 ad
339 4245 537 4306 tentationem
551 4245 657 4329 potius
673 4243 822 4326 intelligat
836 4245 1000 4327 pertinere.
1041 4243 1084 4304 Et
1095 4251 1166 4326 post

873 4350 951 4432 ac*

816 4456 836 4493 κ
