2768 4762
179 311 199 425 Ι.
253 354 333 422 XIV
560 348 611 415 Aa
631 349 799 414 chrosrs
818 352 1008 417 Pssrnrro.

255 542 344 616 dum
368 548 550 624 est‚·n'on
567 536 690 636 *magis
716 537 755 610 in
775 536 843 612 illo
863 564 940 614 uuo
952 590 964 631 ‚
992 562 1104 640 quam
1127 542 1168 621 in
1192 543 1334 625 catto.

257 666 341 738 licis
368 661 540 737 omnibus
568 678 649 734 erat
673 662 1031 761 reprehendendum·
1082 650 1161 742 Sed
1179 670 1253 744 bac
1272 673 1376 761 nist.-

254 791 387 862 mirum
423 805 502 860 arte
537 802 576 858 et
600 783 732 858 fraude
765 786 926 862 libenter
956 806 1111 864 utuntur
1144 794 1332 877 Seeterii,

254 931 309 1004 ut,
345 910 654 1010 quemadmodum
693 913 879 985 Rhetores
922 912 1080 1002 docent,
1118 916 1167 991 ed
1202 918 1333 994 odium

254 1037 506 1134 invidiamque
532 1033 765 1110 conflandam
795 1035 889 1109 nihil
913 1064 992 1112 non
1016 1038 1241 1138 congerant,
1268 1069 1334 1117 ra.

214 1229 218 1239 ,
255 1161 409 1258 riosquc
440 1161 630 1233 hominum
663 1160 922 1257 impotentium
954 1163 1145 1238 concitent
1176 1164 1332 1242 affectus

255 1282 510 1373 vociferando,
534 1300 587 1365 ut,
608 1282 642 1354 si
666 1309 744 1354 non
765 1281 1017 1383 prudentium,
1043 1305 1082 1359 at
1106 1290 1239 1390 populi
1258 1291 1332 1364 sal·

256 1425 333 1480 tem
358 1407 500 1506 judicio
520 1407 671 1480 vincere
697 1424 734 1478 et
758 1407 987 1507 triumphare
1012 1411 1218 1487 videantur.
1262 1416 1334 1490 Cui

254 1531 397 1634 passim
419 1557 498 1605 non
521 1532 633 1604 modo
659 1531 884 1647 populares,
910 1532 978 1604 sed
1004 1534 1113 1631 etiam
1142 1537 1332 1612 doctiores

257 1657 397 1756 quique
428 1654 515 1727 nori
539 1655 732 1752 Evangelii
756 1679 989 1754 praecones,
1015 1657 1255 1733 fallacissime
1279 1686 1333 1735 se·

256 1805 298 1854 se
324 1780 513 1852 venditare
541 1794 579 1847 et
603 1778 815 1850 mentiendo
845 1783 1073 1879 persuadere
1099 1785 1247 1871 solent,
1275 1809 1333 1876 ee,

258 1929 355 2003 quae
391 1904 432 1975 in
471 1896 666 1973 Catholica
702 1899 875 1971 Ecclesia
912 1900 1178 1990 observantur,
1213 1881 1337 2007 nuper

257 2045 367 2118 nata,
405 2044 443 2099 et
466 2022 597 2122 paucis
624 2039 709 2093 ente
735 2024 863 2109 annis,
895 2025 1025 2096 nescio
1053 2051 1212 2122 quorum
1236 2034 1337 2104 Pon·

187 2211 189 2216 .
258 2149 420 2240 tilicum,
449 2165 512 2221 aut
535 2147 823 2230 Monachorum5
851 2165 915 2220 aut
943 2149 1203 2247 Sophistnrum
1230 2151 1335 2248 inge.

258 2277 330 2347 niis
355 2289 516 2373 reperta,
544 2290 655 2370 atque
682 2271 720 2341 in
743 2269 949 2342 Ecclesiam
975 2273 1120 2359 invecta
1147 2299 1238 2346 esse.
1266 2277 1336 2346 Ne·

260 2424 333 2495 que
360 2399 469 2487 enim,
493 2413 535 2467 ut
561 2395 716 2494 exempli
745 2420 856 2467 causa
884 2395 1010 2494 aliqua
1037 2408 1353 2479 commemorem

257 2523 580 2595 Melanchthonem
606 2521 652 2591 ab
678 2521 748 2590 hac
776 2520 959 2594 calumnie
984 2521 1198 2619 apertisque
1234 2546 1336 2592 meu·

84 2660 247 2717 nnxspoto-
262 2645 378 2718 dariis
405 2645 527 2742 pudor
551 2644 758 2716 revecaritr
795 2645 990 2716 Neminem
1014 2651 1027 2687 ¹
1053 2643 1226 2717 videlicet
1251 2660 1354 2712 ante

84 2715 121 2769 gin
136 2713 248 2764 tugum-

48 2768 51 2775 ’
85 2760 486 2871 iiiiiiiiiiiGregorium
523 2771 694 2864 Magnum
720 2793 763 2838 ex
788 2769 976 2841 veteribus
1003 2767 1249 2867 scriptoribus
1276 2769 1337 2836 ln·

85 2861 237 2996 'mliii
264 2894 469 2966 vocationis
496 2891 717 2963 Sanctorum
746 2891 969 2963 mentionem
1002 2891 1162 2963 secisse:
1197 2892 1240 2961 In
1275 2915 1337 2961 ve·

263 3018 334 3090 teri
359 3015 530 3088 Ecclesia
555 3041 696 3085 morem
728 3016 1108 3113 consuetudinemque
1134 3032 1337 3095 servatam,

89 3127 276 3256 ppnpnappfl
303 3161 343 3214 ut
377 3157 463 3240 post
497 3139 694 3210 divortium
720 3165 911 3238 personae
931 3138 1145 3227 innocenti,
1180 3139 1339 3235 conjuge

87 3273 252 3354 2532‘22325'
266 3266 489 3366 superstite,
525 3263 632 3334 alteri
659 3263 799 3336 nubere
825 3264 974 3337 liceret:
1004 3263 1234 3336 Sacramenti
1265 3263 1340 3332 Eu-

119 3362 222 3402 etrsdito
231 3369 254 3401 et

87 3375 462 3500 liprenpocharistiae
501 3391 515 3429 ³
550 3386 774 3458 oblationem
820 3413 891 3486 pro
931 3388 1106 3476 mortuis,
1145 3383 1344 3482 Augustini

89 3522 256 3600 ξΐξξξζξήᾓῑ,
268 3529 386 3586 aetate
411 3507 575 3583 nondum
608 3530 819 3609 usurpatam
851 3511 978 3584 fuisse.
1030 3509 1106 3582 Sed
1131 3534 1202 3579 nec
1227 3510 1343 3579 Bren-

89 3610 149 3649 tion.
163 3622 183 3648 c.
199 3607 227 3648 de

89 3658 212 3713 Conturb-
268 3637 352 3731 tius
368 3635 533 3709 scribere
558 3631 759 3705 dubitavit:
793 3633 993 3711 Veteribus
1019 3635 1033 3678 ⁸
1056 3655 1212 3733 prorsus
1238 3628 1344 3723 igno·

90 3745 345 3836 allvf'elltlttam
391 3758 508 3830 fuisse
552 3757 1029 3830 Transubstantiatiouemt
1071 3752 1362 3826 Eucharistiam·

92 3846 204 3884 ctoritate
218 3848 241 3882 et
256 3879 260 3889 ,

90 3901 194 3934 veterum
269 3908 346 3954 non
373 3881 551 3954 creditam
583 3881 699 3955 luisse
735 3881 849 3972 olim,
890 3879 1122 3954 Sacrificium
1148 3902 1232 3951 esso
1257 3901 1348 3975 pro·

91 3943 193 3994 seriptis.

92 4007 498 4125 popocppppipitiatorium
513 4058 524 4096 ,
566 4025 629 4079 aut
661 4033 705 4078 ex
739 4031 779 4078 se
810 4005 859 4078 ad
883 4006 1141 4078 remissionem
1167 3998 1349 4099 expiatio·

92 4131 210 4189 ”⁸¹⁸⁶”l
270 4157 430 4228 nemque
459 4131 607 4231 peccati
631 4129 861 4202 institutum:
900 4128 1003 4202 Nihil
1030 4126 1133 4225 quod
1161 4120 1351 4195 delinitum

269 4255 320 4331 sit
342 4271 407 4330 aut
422 4272 564 4330 certum
575 4306 589 4347 ,
617 4251 865 4354 Augustinum
885 4251 934 4326 de
948 4248 1169 4351 Purgatorio
1189 4244 1352 4349 posteris
