2768 4762
584 330 655 395 DE
688 330 824 394 FIDE
855 333 922 407 ΕΤ

533 513 963 594 SCRIPTURAE.

170 708 174 719 .
300 658 443 743 Ephea.
458 660 520 723 11.=
540 662 649 725 Gratia
672 669 743 731 eatis
760 663 868 727 salvati
889 661 1066 749 perfidem,
1090 675 1122 726 et
1140 663 1202 728 boe
1220 688 1290 732 non

215 782 252 828 ex
275 765 382 827 vobis:
416 767 475 831 Dei
497 770 577 831 enim
596 769 713 833 donum
732 783 786 834 est
1025 774 1028 779 '

300 872 421 935 Hebr.
447 875 519 939 XL:
554 876 613 939 Est
627 890 739 940 autem
770 875 847 941 fider
872 877 1093 964 sperandarum
1115 878 1289 945 substantia

217 998 332 1057 rerum,
356 995 568 1065 argumentum
591 1005 655 1047 non
678 988 902 1071 apparentium.

304 1100 332 1156 t.
358 1088 377 1148 J
387 1108 500 1151 oann.
523 1088 564 1154 V.
588 1093 665 1154 Trea
678 1104 750 1155 aunt
761 1094 817 1176 qui
828 1090 1037 1155 testimonium
1048 1090 1123 1154 dant
1134 1093 1167 1154 in
1181 1094 1289 1157 coelo:

217 1192 321 1273 Pater,
341 1194 493 1276 Verbum,
517 1209 549 1259 et
566 1194 702 1282 Spiritus
722 1211 854 1275 sanctus,
875 1194 959 1259 ethi
982 1210 1045 1260 tres
1069 1219 1165 1261 uuum
1184 1213 1267 1263 sunt.

303 1305 437 1367 Gatrusi..
472 1304 510 1366 In
534 1306 692 1390 principio
721 1309 837 1370 creavit
865 1324 941 1367 naue
965 1305 1087 1367 eoelum
1107 1316 1138 1367 et
1165 1320 1289 1370 terram.

201 1454 203 1458 ι
303 1413 442 1474 loanni
466 1412 510 1473 1.=
530 1410 714 1475 Etverbum
727 1433 802 1477 caro
826 1413 943 1476 factum
965 1424 1020 1491 eat,
1042 1425 1074 1476 et
1095 1412 1246 1477 habitarit
1259 1419 1293 1477 in

220 1520 322 1584 nobie.
1228 1577 1235 1594 ‚

306 1628 398 1693 Luc.
423 1628 471 1691 11:
505 1626 548 1690 Et
562 1629 686 1715 peperit
711 1624 810 1690 filium
842 1647 932 1690 auum
957 1627 1206 1713 primogenitum.
1249 1627 1295 1690 Et

222 1735 318 1820 paulo
338 1749 419 1821 poet.
462 1738 559 1801 Natus
579 1750 625 1800 eat
645 1733 735 1796 robis
757 1734 853 1797 hodie
876 1734 1036 1813 Salvator,
1058 1736 1113 1818 qui
1134 1747 1181 1798 est
1200 1734 1296 1796 Chri-

224 1855 288 1907 stus
313 1845 480 1920 Dominus,
502 1845 535 1903 in
560 1843 684 1903 civitate
704 1840 815 1901 David.

311 1949 413 2015 Rom.
435 1948 488 2011 V.:
510 1947 712 2010 Commendat
741 1960 843 2008 autem
863 1944 1044 2010 charitatem
1068 1968 1153 2009 suam
1165 1947 1249 2008 Deus
1262 1949 1296 2009 in

225 2051 330 2136 uobis,
351 2044 498 2140 qnoniam
512 2078 583 2119 cum
601 2054 704 2120 adhuc
721 2064 900 2139 peccatores
918 2074 1059 2135 essemus,
1074 2053 1215 2115 Christus
1233 2074 1296 2137 pro

226 2162 319 2224 nobie
344 2175 487 2226 mortuus
511 2176 566 2228 eat.

312 2271 389 2334 Luc.
424 2270 466 2331 1.=
509 2270 608 2350 Quod
631 2281 775 2334 nascetur
808 2289 844 2332 ex
867 2281 898 2331 te
925 2269 1093 2346 Sanctum,
1131 2265 1300 2329 vocabitur

229 2374 313 2441 filim
339 2378 409 2439 Det.
541 2402 544 2407 ·

326 2486 351 2548 I.
379 2484 465 2547 Cor.
490 2481 576 2547 XV.=
613 2483 727 2547 Omnea
761 2482 887 2569 quidem
911 2503 1129 2569 resurgamua,
1155 2478 1210 2544 sed
1235 2501 1302 2561 uon

232 2613 336 2657 omues
361 2590 601 2654 immutabimur.
643 2592 681 2653 In
706 2607 881 2667 momento,
913 2591 946 2651 iu
972 2593 1037 2651 ictu
1060 2588 1164 2668 oculi,
1185 2590 1217 2649 iu
1240 2608 1303 2649 ne-

231 2701 353 2763 visaima
374 2698 465 2780 tuba,
488 2703 588 2778 (canet
614 2700 695 2759 euim
714 2696 802 2776 tuba)
824 2709 856 2760 et
877 2699 992 2760 mortui
1015 2709 1177 2781 resurgent
1195 2697 1304 2755 incor-

232 2808 335 2892 rupti,
356 2818 387 2867 at
409 2827 466 2868 nos
485 2804 727 2869 immutabimur:
751 2804 888 2889 Oportet
910 2805 990 2865 euim
1012 2800 1219 2887 corruptibile
1239 2800 1304 2863 boo

230 2913 360 2975 induere
382 2914 665 2997 incorruptionem,
686 2925 719 2975 et
738 2911 870 2974 mortale
892 2910 956 2973 hoo
984 2909 1114 2972 iuduere
1143 2910 1305 2973 immorta-

232 3021 378 3083 litatem..

315 3129 334 3188 J
343 3148 426 3191 nan.
440 3128 516 3193 lu:
537 3127 731 3191 Amen-amen
750 3123 974 3205 dieotibi‚niri
987 3128 1056 3210 quie
1073 3134 1195 3187 renatus
1208 3122 1307 3184 suerit

234 3252 270 3297 ex
283 3255 366 3318 aqua
381 3248 412 3297 et
428 3238 544 3320 spiritu
554 3247 678 3312 saneto„
693 3256 758 3297 uon
775 3246 880 3320 potest
895 3235 1028 3297 introire
1047 3234 1079 3295 in
1095 3252 1224 3317 regnum
1231 3230 1304 3292 Dar.

319 3340 448 3404 Eccli.
469 3342 544 3404 111.=
565 3341 689 3404 Altiora
710 3354 742 3405 te
764 3363 804 3404 ne
828 3343 1005 3426 quaesieris,
1026 3353 1058 3403 et
1068 3340 1203 3403 fortiora
1217 3349 1248 3399 te
1267 3358 1308 3399 ne

233 3461 386 3512 serutatur
408 3448 521 3511 fueris:
551 3448 605 3509 sed
633 3470 713 3533 quae
736 3451 896 3535 praecepit
916 3448 975 3513 tibi
996 3451 1097 3524 Deus,
1126 3444 1182 3508 rlla
1201 3448 1308 3529 cogita

107 3610 111 3621 .
234 3577 370 3641 semper,
403 3568 435 3617 et
464 3556 496 3617 in
519 3552 665 3638 pluribus
697 3554 846 3641 operibus
868 3557 937 3638 ejus
959 3575 998 3616 ne
1027 3554 1123 3615 fueria
1146 3555 1314 3623 curiosum

234 3686 298 3727 non
328 3675 374 3726 eat
405 3665 486 3725 enim
517 3660 577 3724 tibi
607 3664 826 3741 necessarium,
846 3682 892 3739 ea,
925 3681 1005 3745 qnae
1027 3658 1209 3722 abscondita
1225 3670 1308 3734 aunt,

233 3772 339 3833 ridere
360 3770 458 3833 oculis
476 3748 564 3833 tuis.¹
592 3772 630 3832 In
648 3771 846 3854 supervacnis
868 3767 962 3831 rebus
985 3767 1052 3830 noli
1070 3769 1206 3829 scrutari
1226 3764 1310 3825 mul·

129 3944 133 3959 ,
234 3880 400 3964 tipliriter,
422 3892 453 3940 et
478 3881 512 3940 in
538 3877 684 3963 pluribus
703 3876 854 3963 operibus
883 3877 951 3960 ejua
973 3895 1038 3938 non
1060 3875 1122 3937 eris
1150 3874 1305 3935 eunome.

232 3984 372 4050 Plurima
401 3988 482 4049 enim
511 4008 606 4069 anper
635 4006 756 4049 aeneum
788 3984 948 4047 bominum
977 3994 1100 4045 ostenta
1129 3990 1202 4045 aunt
1237 3979 1307 4041 tibi.

233 4093 351 4156 Multos
382 4097 464 4157 enim
490 4093 701 4177 supplantavlt
724 4095 860 4179 auspicio
891 4090 1033 4171 illorum,
1057 4102 1090 4152 et
1117 4090 1150 4152 iu
1174 4089 1310 4154 vanitate

231 4199 364 4263 detinuit
386 4220 490 4263 sensus
518 4198 654 4262 illorum.
