2768 4762
265 352 348 426 234
568 348 636 419 uu
661 281 934 418 MRITATD
961 348 1025 414 ET

510 480 1073 612 nutttt‘uttuttu.

324 692 472 776 ¹Dent.
492 683 568 767 VL:
599 685 684 773 Haec
712 697 786 749 sunt
816 699 982 778 praecepta
1014 700 1046 752 ct
1064 693 1275 757 caeremoniae
1298 709 1348 765 at-

179 843 186 866 ,
267 819 330 887 qua
353 797 496 884 judicia,
519 815 597 879 quae
615 793 772 856 mandavit
788 794 942 873 Dominus
963 798 1048 860 Deus
1067 812 1189 880 vester,
1221 815 1259 864 ut
1285 804 1344 868 do-

266 931 368 978 cerem
391 926 467 984 vos,
500 916 532 965 et
552 903 672 965 satiatis
694 923 729 964 ea
754 889 911 984 interra,
933 904 972 966 ad
987 928 1086 1007 nquam
1107 911 1344 995 transgredimi-

265 1021 299 1081 ni
319 1011 557 1103 possidendam,
580 1024 616 1072 ut
640 1013 745 1073 timeas
765 990 935 1074 Dominum
956 985 1077 1074 DEU'M
1098 1026 1200 1095 tuum,
1228 1031 1259 1080 et
1286 1041 1343 1080 cn.

183 1130 187 1137 “
266 1124 384 1188 stodias
419 1122 522 1184 omnia
544 1118 686 1181 mandata
714 1130 746 1181 et
769 1127 934 1207 praecepta
959 1123 1042 1204 ejus,
1058 1128 1145 1205 'quae
1168 1144 1225 1209 ego
1245 1147 1344 1210 prae-

265 1234 352 1318 cipio
386 1230 447 1293 tibi
476 1240 508 1290 et
538 1225 611 1289 filiis
645 1246 680 1288 ac
705 1226 882 1311 nepotibus·
903 1228 964 1290 tuis
992 1232 1110 1292 cunctis
1130 1230 1240 1294 dicbus
1258 1237 1342 1297 vitae

265 1353 360 1418 tuae,
395 1351 433 1399 ut
453 1332 769 1423 prolongentur'dies
789 1331 847 1396 tui
890 1332 974 1396 A'ndi
1004 1335 1122 1416 lsrael,
1145 1350 1176 1400 et
1197 1339 1341 1420 observa,

207 1467 211 1492 ¹
263 1461 303 1511 ut
333 1448 446 1527 iacias,
476 1433 742 1528 quae·praccepit
762 1441 822 1504 tibi
838 1442 1007 1523 Dominus,
1041 1457 1073 1506 et
1104 1445 1183 1529 bene
1203 1449 1244 1510 sit
1265 1449 1339 1538 tibi,

243 1534 296 1617 ¹et
311 1552 529 1638 multipliceris
550 1550 698 1635 amplius,
730 1551 811 1611 sicut
834 1550 998 1636 pollicitus
1017 1564 1063 1614 est
1077 1553 1230 1616 Dominus
1252 1556 1338 1618 Deus

262 1674 389 1751 patrum
406 1651 535 1722 tuorum
562 1657 622 1721 tibi
650 1656 772 1718 terram
790 1657 870 1720 laete
889 1671 921 1721 et
940 1657 1029 1721 melle
1047 1674 1227 1722 manantem.
1268 1664 1339 1723 Au·

263 1771 297 1831 di
326 1767 444 1846 lsrael,
475 1767 627 1846 Dominus
641 1766 734 1826 Dens
759 1778 884 1843 noster,
913 1768 999 1829 Deus
1021 1786 1102 1830 anns
1128 1781 1250 1831 estete
1292 1771 1338 1832 Et

262 1877 296 1938 in
320 1874 384 1938 fine
408 1875 540 1959 capitise
574 1860 800 1956 Praecepitque
821 1873 913 1945 uobis
935 1876 1110 1955 Dominus,
1130 1890 1167 1939 ut
1190 1878 1335 1940 faciamus

261 1961 528 2067 omnialegitima
536 1978 617 2044 haec
637 1992 670 2044 ct
697 1982 856 2044 timeamus
877 1982 1045 2045 Dominum
1065 1984 1164 2045 Deum
1185 2000 1334 2065 nostrum,

260 2104 298 2154 ut
329 2091 409 2152 bene
430 2091 472 2153 sit
508 2086 600 2151 nobis
624 2089 753 2150 c-trnctis
777 2087 893 2188 dicbus
913 2087 996 2153 vitae
1020 2102 1164 2170 nostrae,
1185 2096 1270 2155 sicut
1292 2105 1338 2156 est

260 2196 367 2260 hodie.
410 2196 544 2278 Eritque
564 2198 665 2256 nostri
681 2197 873 2275 misericors,
896 2195 923 2258 si
945 2181 1178 2277 custodierimus
1196 2211 1227 2259 ct
1248 2201 1338 2262 fecc-

204 2307 207 2311 ’
262 2298 357 2367 rimus
380 2304 482 2367 omnia
498 2316 663 2389 praecepta
682 2304 752 2387 ejus
769 2321 875 2365 coram
890 2305 1026 2368 Domino
1043 2306 1111 2368 Deo
1131 2318 1253 2384 nostro,
1272 2310 1336 2370 sic-

261 2426 300 2476 ut
320 2412 475 2474 mandarit
495 2409 597 2474 nobis.

238 2570 241 2578 .
344 2520 395 2582 Et
414 2519 494 2581 lv..·
528 2520 626 2597 Care,
661 2516 850 2603 nequando
881 2518 1078 2583 obliviscaris
1095 2517 1179 2604 pacti
1202 2519 1331 2583 Domini

258 2628 318 2689 Dei
338 2631 406 2706 tui,
429 2625 524 2711 quod.
535 2628 654 2711 pepigit
674 2638 797 2690 tecumt
818 2641 852 2690 et
869 2627 961 2709 facias
982 2628 1043 2690 tibi
1067 2627 1223 2713 sculptam
1249 2631 1334 2690 simi·

259 2734 423 2798 litudinem
444 2755 562 2811 eorum,
585 2756 665 2816 quac
693 2734 763 2797 lieri
792 2737 945 2798 Dominus
964 2734 1147 2820 prohibuit,
1171 2738 1244 2819 qnia
1264 2737 1333 2797 Do-

240 2845 359 2918 minus
391 2842 477 2903 Deus
502 2853 575 2903 tuus
602 2843 681 2926 iguis
716 2866 896 2906 consumens
934 2857 997 2922 est,
1029 2844 1115 2903 Deus
1150 2842 1330 2904 aemulator.

256 2948 340 3010 lbid.
375 2948 462 3011 Scito
491 2969 566 3034 ergo
596 2950 709 3027 hodie,
741 2962 772 3011 et
804 2954 940 3034 cogitato
964 2953 997 3012 iu
1026 2936 1121 3014 corde
1146 2962 1220 3028 tuo,
1244 2949 1332 3033 quod

255 3055 410 3118 Dominus
433 3057 499 3142 ipse
521 3070 565 3124 est
579 3057 663 3122 Deus
685 3059 717 3118 in
743 3057 828 3118 caelo
855 3037 997 3135 sursum,
1023 3059 1107 3118 etin
1126 3068 1210 3117 terra
1236 3056 1333 3118 deor·

256 3185 321 3225 sum
332 3207 342 3242 ,
378 3175 409 3225 et
424 3182 489 3224 uon
512 3165 552 3225 sit
574 3164 660 3225 alius.
715 3164 843 3228 Custodi
867 3178 1032 3250 praecepta
1048 3166 1116 3245 ejus
1135 3175 1229 3244 atque
1245 3184 1332 3223 man·

257 3271 343 3348 data,
365 3291 444 3353 quae
464 3291 521 3355 ego
539 3272 700 3355 praecipio
726 3273 808 3332 tibi:
841 3287 879 3335 ut
896 3273 974 3333 bene
997 3274 1037 3332 sit
1049 3270 1107 3332 tibi
1127 3282 1157 3329 et
1176 3267 1249 3330 filiis
1269 3272 1329 3330 tuis

203 3442 208 3453 ,
254 3388 401 3462 postte,
424 3389 456 3440 et
470 3400 646 3464 permaneas
668 3382 768 3445 multo
789 3396 929 3467 tempore
950 3400 1043 3465 super
1066 3391 1200 3455 terram,
1239 3398 1329 3460 quam

246 3484 408 3548 ’Dominus
431 3487 517 3548 Dens
542 3500 613 3549 tuus
641 3487 772 3551 daturus
799 3504 845 3552 est
872 3489 942 3554 tibi.
1006 3538 1008 3543 ,

336 3595 445 3658 Item
468 3594 528 3656 K:
550 3594 769 3659 circumcidite
790 3599 885 3680 igitur
903 3595 1103 3680 praeputium
1123 3590 1228 3653 cordis
1263 3610 1330 3650 ves·

252 3701 317 3779 tri,
351 3713 382 3764 et
399 3704 549 3785 teryicem
570 3717 703 3765 vestram
718 3726 756 3765 ne
777 3702 929 3766 induretis
950 3703 1105 3789 amplius,
1126 3700 1201 3780 quia
1217 3698 1330 3757 Domi-

252 3827 311 3869 nus
332 3811 416 3917 Deus
437 3821 537 3870 vester
559 3811 624 3919 ipse
643 3823 689 3872 est
703 3813 788 3873 Deus
802 3812 963 3890 Deorum,
992 3824 1023 3871 et
1034 3809 1195 3868 'Dominus
1216 3805 1329 3865 Domi-

251 3888 402 3976 nantium
403 3959 414 3992 ,
422 3886 544 3977 Deus
554 3910 680 4001 maguus
708 3930 738 3979 et
764 3929 893 4001 potens,
932 3932 965 3980 et
984 3904 1153 3992 terribilis,
1176 3913 1231 3996 qui
1253 3932 1331 3995 per·

250 4042 358 4084 sonam
377 4042 441 4082 non
461 4025 594 4107 accipit,
616 4046 673 4085 nco
693 4047 830 4088 munera.
872 4027 961 4088 Facit
979 4022 1136 4106 judicium'
1149 4015 1275 4104 pupillo
1298 4028 1330 4079 et

249 4131 375 4208 viduae,
397 4141 480 4192 amat
503 4135 724 4215 peregrinum,
746 4147 777 4194 et
796 4133 850 4194 dat
880 4135 908 4193 ei
921 4134 1037 4194 victum
1056 4142 1151 4210 atque
1169 4127 1327 4190 vestitum.

249 4236 293 4299 Et
313 4256 368 4300 vos
390 4256 465 4320 ergo
485 4249 583 4300 amate
610 4241 808 4324 peregrinos,
846 4240 919 4324 quia
935 4252 967 4302 et
979 4241 1038 4324 ipsi
1060 4237 1161 4300 fuistis
1181 4233 1319 4298 advenae
