2768 4762
336 326 795 439 ¹remensium
1047 372 1128 447 aaa

45 553 95 629 ad¹
112 563 269 650 fastigium
289 557 486 625 sacerdotale
531 560 664 634 revexit,
682 569 719 620 ut
734 554 883 620 mandatis
900 555 997 641 ipsius
1020 554 1149 619 iubae-2

48 664 175 725 rentes,
196 652 227 709 in
271 645 380 707 uadam
403 644 495 706 Sacer
518 657 602 705 otum
624 645 692 725 ejus
715 640 838 727 specula
856 645 1030 720 constituti,
1050 663 1128 727 pro·
1218 654 1221 659 ’

16 792 19 797 .
51 734 214 798 bibeamus
236 670 358 805 tireio,
382 740 413 789 ct
435 728 590 810 sequenda
610 727 782 789 doceamus.
825 726 914 786 Unde
934 726 1056 788 directis
1072 747 1130 810 per

53 818 247 882 Bonisacium
267 816 438 875 Diaconum
457 823 596 875 nostrum
618 811 734 889 literis,
756 810 969 888 admonemus,
989 816 1026 872 ut
1050 831 1129 895 quaa

54 902 134 965 male
157 898 323 984 pullulant,
350 896 588 974 abscindantur,
611 907 643 957 ct
663 895 823 957 malefacta
845 897 1058 978 corrigantur,
1079 907 1129 955 at-

53 1008 118 1071 que
144 985 226 1045 bona
249 993 420 1058 sectentur,
442 993 473 1043 et
493 981 620 1043 Petrum
644 993 820 1041 nostrorum
848 979 980 1063 exempla
1006 991 1037 1040 et
1064 990 1129 1040 sta-

54 1083 126 1131 tuta
158 1068 322 1130 imitentur'.
373 1065 525 1149 Rogamus
551 1087 623 1149 ergo
650 1087 704 1126 vos
735 1065 868 1138 fratres,
900 1076 935 1122 nt
960 1084 1021 1124 non
1045 1061 1129 1126 alind
1173 1109 1178 1119 .

56 1154 197 1218 doceatis
211 1173 310 1233 neque
327 1152 480 1224 sentiatis,
502 1171 593 1231 quana
617 1149 701 1233 quod
722 1170 740 1209 a
760 1148 851 1208 beato
872 1146 963 1207 Petro
979 1147 1128 1231 Apostolo

54 1251 90 1301 et
111 1258 130 1298 a
151 1236 275 1318 reliquis
300 1232 454 1318 Apostolis
478 1246 508 1294 et
529 1233 673 1296 Patribus
698 1233 865 1315 accepistis.
907 1230 958 1290 Ab
980 1232 1031 1292 illo
1049 1234 1126 1294 enim
1137 1250 1304 1310 aea-aposta·

54 1324 157 1409 primo
186 1320 326 1381 instincti
347 1320 439 1379 estis:
472 1318 547 1378 ldco
571 1339 633 1379 non
661 1328 783 1402 oportet
807 1336 861 1376 ros
889 1318 1048 1398 proprium
1071 1301 1302 1403 de·}2‡f‘’¹”“‘

55 1406 230 1486 relinquere
251 1415 385 1487 patrem,
408 1414 439 1464 ct
462 1402 537 1462 alios
556 1403 660 1484 aequi.
703 1403 772 1484 lpse
796 1401 885 1483 enirn¹
901 1411 993 1482 caput
1010 1412 1056 1461 est
1074 1411 1128 1459 to·
1137 1418 1219 1461 natta.
1229 1428 1261 1466 n.
1271 1428 1304 1466 aa.

55 1493 119 1553 aius
151 1488 320 1563 Ecclesiae,
356 1489 406 1547 cni
433 1488 476 1547 ait
497 1488 659 1546 Dominus:
694 1487 744 1546 Tu
766 1504 796 1545 es
818 1484 948 1559 Petrus,
981 1496 1011 1544 et
1035 1503 1129 1565 snper
1163 1506 1303 1566 aestiuas·

55 1561 138 1636 lianc
166 1585 282 1655 petram
304 1566 474 1633 addilicabo
496 1570 663 1631 Ecclesiam
686 1590 791 1630 meam.
847 1568 925 1648 Ejus
950 1569 1036 1628 sedes
1063 1555 1303 1650 pri-fifflssffffssfflf

60 1661 154 1720 mitus
181 1656 261 1737 apud
286 1677 340 1716 vos
364 1656 443 1730 l'uit,
465 1676 543 1735 quae
563 1667 669 1737 postca
685 1654 824 1734 (jubente
836 1652 979 1730 Domino)
1002 1653 1129 1712 Romam
1139 1652 1303 1745 fflihffi·

58 1741 207 1803 trmrslatu
218 1751 280 1816 est,
303 1741 351 1799 cui
367 1738 610 1815 (adminiculante
623 1739 724 1799 (lirina
745 1739 853 1822 gratia)
874 1735 1024 1798 hodierna
1038 1758 1131 1820 prae·
1241 1729 1248 1743 ⁹

60 1825 195 1885 sidonius
221 1823 279 1883 dic.
327 1822 391 1883 Nec
414 1822 454 1883 ab
478 1823 545 1903 ejus
569 1823 766 1905 dispositione
787 1842 839 1881 vos
859 1821 980 1881 deviare
997 1831 1130 1904 oportet,
1333 1902 1336 1908 Ι

59 1907 102 1968 ad
131 1927 220 1988 qnam
247 1919 355 1980 cuncta
376 1909 494 1986 majora
516 1906 729 1968 Ecclesiasticus
748 1906 867 1988 negotia
887 1905 997 1981 (divina
1025 1906 1238 2000 dispo-niqra
1256 1924 1305 1955 ιο·

59 2003 153 2051 mente
173 1993 278 2073 gratia)
301 1991 387 2071 jussa
410 2001 482 2050 aunt
501 1990 624 2066 resciri,
654 2002 690 2051 nt
709 1987 748 2049 ab
768 2010 803 2048 ea
824 1988 1003 2071 regulariter
1024 1974 1270 2071 dispo-iiinionn
1283 2023 1305 2050 ι-

57 2087 191 2147 nentur,
213 2095 302 2155 aqua
315 2095 470 2156 sumpsere
503 2073 637 2156 rincipia.
682 2073 714 2137 si
733 2084 832 2132 vestra
845 2093 918 2132 vcro
931 2059 1220 2148 Antiochena,”¹¹⁴⁰‘

57 2179 140 2240 quae
163 2158 235 2221 olim
260 2158 355 2239 prima
381 2168 461 2231 arat,
479 2094 635 2217 'bonanae
657 2157 747 2221 cessit
757 2147 841 2233 sedi,
862 2156 946 2217 nuilla
972 2170 1027 2234 ost,
1051 2165 1132 2239 quae

60 2244 130 2324 ejus
153 2262 216 2300 non
242 2242 382 2321 subjecta
405 2242 444 2298 sit
462 2241 588 2316 ditioni,
610 2241 650 2301 ad
672 2262 763 2323 want
782 2262 883 2301 omnes
908 2245 994 2322 qnasi
1019 2241 1058 2303 ad
1079 2262 1132 2301 ca-

85 2336 139 2399 nt,
161 2327 246 2403 juxta
268 2324 487 2405 Apostolorum
511 2345 679 2405 corumque
710 2345 919 2385 successorum
950 2330 1131 2402 sanctiones,
1215 2336 1218 2343 '

13 2436 20 2455 ο
58 2347 220 2488 lipiscopi,
247 2408 300 2486 qui
319 2405 485 2478 voluerint,
507 2406 553 2465 acl
575 2407 687 2486 quibus
704 2428 824 2469 neccsse
848 2409 952 2477 luerit,
969 2410 1251 2493 suffugeraaptasop.
1269 2443 1306 2475 n.

65 2511 193 2568 eamque
212 2486 362 2570 appellare
382 2485 513 2562 debent,
536 2499 571 2547 ut
592 2490 664 2547 inde
686 2491 834 2570 accipiant
858 2494 1016 2552 tuitionem
1041 2506 1070 2552 et
1093 2493 1132 2551 li·
1143 2480 1280 2581 {fflfflfl'o‘ffi'

66 2572 272 2647 berationcm,
292 2571 374 2631 uude
396 2582 579 2652 acceperunt
598 2572 841 2632 informationem
860 2586 951 2654 atque
972 2579 1297 2667 consecra-gimme-

66 2659 191 2718 tioncm.
235 2655 328 2732 Quod
342 2654 483 2717 omnibus
499 2656 619 2718 minime
638 2657 780 2717 convenit
798 2656 946 2740 denegare
962 2659 1131 2742 Episcopis,
1144 2635 1298 2728 all'dfiifm
1320 2714 1323 2719 ,
1348 2680 1352 2690 ·

66 2740 123 2801 aed
146 2739 262 2823 absque
284 2740 346 2800 ulla
371 2739 531 2816 custodia,
555 2752 608 2800 aut
629 2742 955 2819 excommunicatione,
976 2743 1023 2804 rcl
1046 2724 1306 2832 dam-ffffi'ssii‘fi.

66 2827 214 2901 natione,
244 2823 292 2884 vcl
313 2823 527 2906 exspoliatione
552 2823 648 2885 libere
671 2826 715 2887 ire
739 2825 933 2885 concedatur.
975 2827 1133 2909 Simulque
1144 2828 1255 2867 ¹¹¹‘¹¹“⁰·
1270 2829 1297 2862 '²²

1145 2872 1194 2912 aine
1208 2872 1277 2921 huius

66 2908 159 2968 iidem
191 2911 364 2991 (inspirante
384 2892 527 2986 Domino)
551 2912 794 2984 constituerunt,
822 2921 858 2969 ut
888 2910 970 2971 nulla
991 2912 1132 2988 Synodus
1144 2921 1211 3009 2521:
1225 2925 1309 3011 32:³33

66 2991 156 3054 lieret
180 3005 300 3074 practer
323 2993 460 3073 ejusdcm
491 2994 570 3057 sedis
593 2997 822 3055 anctoritatem:
853 2994 917 3056 Nec
939 2997 1018 3057 ullus
1041 2998 1307 3079 Epis-nameus·

67 3098 186 3158 copus,
211 3078 268 3136 nisi
286 3078 317 3135 in
339 3076 469 3163 legitima
481 3078 621 3153 Synodo,
644 3099 700 3140 suo
714 3092 851 3161 tompore
868 3079 1043 3162 Apostolica
1060 3064 1308 3168 auc-fflssffssss'ad'·

66 3163 192 3220 toritate
219 3173 406 3238 convocata,
435 3183 529 3244 super
555 3162 743 3244 quibuslibet
762 3164 949 3230 ,criminibus
977 3164 1311 3255 pulsatusffffigstffl·
1353 3158 1361 3171 ”

66 3243 212 3305 audiatur
233 3245 279 3304 vel
300 3244 471 3325 judicetur:
494 3247 576 3322 Quia
598 3247 758 3331 (ut'paulo
781 3250 919 3330 superins
935 3249 1136 3331 praelibatum
1256 3278 1261 3293 ·

67 3331 126 3402 cst)
154 3328 378 3411 Episcopornm
396 3329 531 3408 judicia,
553 3343 583 3391 et
606 3352 790 3394 summarum
814 3353 972 3393 causarum
997 3334 1136 3418 negotia,
1184 3362 1189 3379 ·

66 3415 132 3473 sive
158 3423 268 3473 cuncta
287 3413 399 3486 dubia,
421 3413 613 3496 Apostolicae
629 3416 708 3476 aedis
732 3418 911 3476 auctoritate
930 3430 1002 3479 sunt
1021 3417 1138 3501 agenda

66 3508 100 3558 et
117 3494 258 3557 finienda.
301 3497 343 3562 Et
362 3499 462 3558 omnin
483 3500 746 3581 comprovincialia
766 3501 885 3583 negotiu
905 3500 1000 3582 liujus
1016 3490 1137 3563 sanctae

64 3580 245 3641 universalis
270 3592 300 3640 ct
318 3580 513 3662 Apostolicae
536 3583 690 3647 Ecclesiae
707 3597 778 3648 sunt
800 3587 990 3647 retractanda
1008 3586 1137 3667 jndicio,

64 3668 93 3725 si
112 3665 207 3745 hujus
229 3664 382 3727 Ecclesiae
404 3666 547 3727 Pontifex
568 3671 763 3750 praeceperit.
805 3667 871 3751 Nec
892 3672 942 3730 cui
966 3671 1053 3735 liceat
1073 3672 1138 3731 sine

90 3749 262 3827 racjndicio
291 3750 445 3812 Romanae
473 3750 627 3812 Ecclesiae
649 3755 766 3830 (cni-in
795 3755 936 3815 omnibus
963 3757 1060 3816 causis
1083 3757 1140 3815 dc-

64 3771 122 3893 bct
145 3835 311 3895 reverentia
334 3834 493 3910 custodiri)
518 3836 630 3896 relictis
646 3836 692 3898 his
713 3837 950 3913 Sacerdotibus,
973 3842 1025 3921 qui
1042 3842 1072 3900 in
1088 3862 1140 3902 ca-

65 3914 139 3978 dem
171 3919 327 4001 prouincia
362 3920 421 3979 Dei
454 3918 604 3981 Ecclesiae
639 3933 716 3982 nutu
747 3922 850 3981 divino
880 3923 1065 4006 gubernant,
1101 3924 1140 3985 ad

67 3998 140 4065 nlius
160 4003 322 4063 corrvolarc
353 4004 541 4086 provincias,
573 4004 620 4065 vel
643 4004 768 4068 aliarum
791 4007 1014 4089 provinciarum
1048 4009 1141 4092 Epis-

67 4103 215 4168 copornnr
240 4088 391 4168 judicium
418 4091 545 4171 experiri
571 4090 618 4149 ccl
638 4093 721 4173 pati:
752 4090 814 4152 sed
838 4092 980 4153 omnibus
1003 4095 1142 4174 ejusdcm

64 4174 242 4251 provinciae
264 4172 425 4255 Episcopis
446 4175 651 4253 congregatis,
673 4176 824 4255 judicium
844 4180 1025 4238 auctoritate
1046 4178 1142 4257 hujus

61 4253 144 4321 sedis
170 4256 368 4322 termineturr
397 4258 493 4340 Quod
513 4252 616 4321 'tannen
646 4266 691 4335 (ut
714 4262 883 4345 praelatum
908 4269 966 4337 est)
989 4284 1045 4351 per
1073 4264 1141 4345 ejus
