2768 4762
251 374 340 455 als·
555 376 623 440 uu
656 372 926 452 ciamare
959 371 1023 436 nn

219 527 222 536 Ι
252 561 382 623 tronesl
423 557 466 625 At
486 532 540 623 ille
568 549 665 625 dixit:
697 564 762 644 Qni
791 560 871 629 fecit
896 557 1140 621 misericordiam
1170 562 1202 619 in
1224 559 1327 624 illum.

251 669 295 730 Et
311 671 356 731 ait
377 667 590 732 illi-JESUS:
610 669 717 750 Vade,
736 684 768 734 et
786 684 824 733 tn
845 684 875 733 et
896 670 945 731 fac
968 667 1118 729 similiter.

211 878 215 891 Ι
333 801 453 863 Marc.
475 800 566 868 HL:
589 801 798 885 Interrogavit
819 821 887 861 eum
908 819 989 859 unns
1011 796 1050 858 dc
1072 796 1209 889 Scribis,
1233 800 1326 883 qnod

251 920 330 971 esset
348 909 481 991 primum
503 912 640 973 omnium
663 908 849 971 mandatum.
891 906 1011 969 JESUS
1034 918 1135 967 autem
1150 907 1325 989 ¹respondit

226 1017 299 1111 '‘ei:
322 1016 405 1092 Quia
428 1017 563 1099 primum
583 1018 719 1078 omnium
741 1015 916 1088 mandatum
939 1027 998 1077 cst:
1020 1013 1104 1074 Audi
1126 1013 1232 1090 lsrael,
1252 1015 1326 1076 Do·

248 1126 351 1184 ‘minus
380 1121 466 1183 Dens
489 1134 566 1209 tuus
600 1145 679 1187 nnus
707 1136 762 1186 est.
813 1123 857 1185 Et
891 1121 999 1206 diliges
1028 1121 1196 1181 Dominum
1219 1122 1324 1184 Deum

249 1243 338 1291 tunm
365 1251 400 1290 ex
419 1242 489 1291 toto
511 1230 606 1292 corde
628 1245 684 1294 tuo
699 1238 714 1309 ,'
740 1243 770 1293 et
791 1252 826 1291 ex
845 1241 911 1291 tota
933 1231 1031 1289 anima
1052 1241 1124 1315 tna,
1146 1241 1176 1288 et
1198 1250 1233 1289 ex
1252 1242 1325 1291 tota

250 1314 352 1398 menie
380 1349 451 1414 tna,
482 1349 513 1399 et
533 1359 568 1399 cx
588 1352 655 1402 tota
675 1312 789 1400 virtute
810 1351 872 1399 tua.
916 1335 987 1398 Hoc
1009 1349 1055 1397 est
1076 1337 1209 1420 primum
1234 1359 1324 1398 man-

250 1443 366 1510 datnm.
411 1444 588 1506 Secundum
611 1460 710 1507 autem
734 1445 832 1508 simile
854 1458 899 1507 est
919 1443 985 1504 illi:
1006 1443 1124 1526 Diliges
1146 1447 1323 1528 proximum

248 1564 338 1612 tnum
373 1564 521 1633 tanquam
556 1565 587 1614 te
612 1556 721 1637 ipsum.
775 1555 877 1636 Majns
897 1553 1012 1614 horum
1035 1551 1121 1612 aliud
1142 1552 1321 1614 mandatnm

248 1681 312 1721 non
333 1672 387 1722 est.
430 1661 473 1723 Et
492 1662 537 1722 ait
557 1660 603 1722 illi
626 1661 758 1724 Scriba:
778 1663 860 1722 Bene
881 1662 1048 1745 Magister,
1067 1661 1100 1718 in
1121 1662 1249 1720 veritate
1267 1660 1319 1720 di-

248 1769 342 1846 xisti,
374 1770 446 1850 quia
479 1790 560 1830 nnus
580 1783 625 1833 est
645 1771 748 1846 Deus,
782 1781 813 1831 et
833 1790 897 1829 non
920 1781 965 1829 est
986 1768 1064 1828 alius
1093 1780 1216 1849 praeter
1236 1790 1317 1846 eum,

176 1866 179 1871 ’
247 1888 281 1937 et
301 1888 337 1937 ut
359 1873 509 1961 diligatur
529 1898 564 1937 cx
583 1849 654 1937 totd
677 1876 796 1955 corde,
816 1888 847 1936 et
868 1894 903 1936 cr
924 1887 992 1936 toto
1016 1873 1206 1954 intelllcctn,
1237 1888 1321 1938 etex

246 1994 316 2042 tota
343 1985 462 2060 anima,
494 1994 526 2044 et
553 2005 588 2044 ex
610 1995 677 2044 tota
707 1982 908 2043 fortitudine:
941 1995 972 2043 et
995 1981 1121 2063 diligere
1142 2004 1318 2064 proximum

248 2099 395 2169 tanquam
419 2110 451 2149 se
473 2091 589 2172 ipsum,
611 2088 709 2170 majus
731 2101 777 2148 est
800 2087 943 2149 omnibus
963 2086 1265 2149 holocautomatibus
1287 2103 1319 2150 et

249 2193 416 2256 sacrificiis.
468 2194 589 2255 JESUS
617 2209 717 2256 autem
745 2195 871 2273 videns,
890 2188 990 2279 'quod
1011 2197 1162 2278 sapienter
1183 2218 1320 2280 respon-

248 2300 358 2380 disset,
386 2301 464 2364 dirit
484 2300 549 2362 illi:
581 2303 653 2364 Non
674 2325 705 2365 es
727 2304 819 2389 longe
840 2326 857 2366 a
880 2325 974 2388 regno
996 2303 1065 2365 Dei.

332 2431 363 2492 L⁴
381 2431 477 2499 Cor.
499 2432 563 2493 K:
584 2433 654 2493 Sive
675 2432 883 2513 manducatis,
907 2437 969 2494 sive
991 2431 1122 2511 bibitis,
1151 2434 1214 2494 sive
1232 2432 1317 2494 aliud

181 2523 182 2527 Ἰ
246 2537 324 2624 quid
345 2538 463 2618 facitis,
487 2543 589 2601 omnia
611 2543 643 2601 in
665 2541 795 2625 gloriam
812 2543 871 2603 Dei
890 2543 991 2603 facite.

237 2656 239 2661 ’
331 2646 500 2711 Coloss·
531 2649 608 2710 ΙΙΙ..·
636 2649 761 2728 Omne,
795 2650 1008 2731 quodcunque
1036 2650 1138 2710 facitis
1166 2652 1197 2709 in
1219 2647 1314 2709 verbo

242 2730 298 2816 ant
329 2757 362 2816 in
392 2757 505 2839 opere,
540 2758 641 2815 omnia
677 2759 708 2817 in
741 2759 865 2818 nomine
885 2759 1011 2818 Domini
1032 2756 1132 2818 JESU
1153 2755 1316 2818 CHRISTI

243 2861 356 2942 facite,
391 2863 505 2948 gratias
525 2877 645 2948 agentes
666 2864 736 2924 Deo
758 2875 789 2926 et
809 2864 897 2926 Patri
918 2887 976 2950 per
997 2865 1109 2950 ipsum.

534 3056 963 3142 'annuns

326 3251 355 3307 1.
377 3235 415 3298 A.
458 3233 717 3297 AUGUSTINUS
740 3237 775 3299 L.
798 3238 855 3298 Ill.
878 3238 916 3298 de
938 3239 1040 3300 doctr.
1062 3234 1170 3300 christ.
1193 3258 1219 3296 c.
1243 3248 1315 3303 m:

242 3322 407 3386 Caritatem
422 3340 504 3383 voco
528 3334 645 3382 motum
668 3324 759 3382 animi
781 3324 821 3384 ad
841 3323 1008 3384 fruendum
1030 3323 1098 3382 Deo
1121 3331 1255 3405 propter
1265 3321 1317 3403 ip-

240 3428 327 3485 sum,
350 3421 381 3468 et
402 3428 434 3468 sc
454 3419 547 3487 atque
570 3406 713 3489 proximo
735 3421 868 3490 propter
891 3410 1000 3468 Deum.
1100 3426 1106 3451 ¹

310 3503 354 3559 -1.
376 3493 410 3552 Β.
454 3489 699 3552 BERNARDUS
737 3494 768 3550 in
799 3505 934 3551 tractatu
969 3492 1007 3551 dd
1040 3489 1198 3571 diligendo
1229 3487 1315 3545 Deo:

65 3538 114 3677 :lli
147 3553 229 3632 llil
242 3575 345 3637 Vultis
368 3597 384 3636 a
406 3597 454 3635 me
475 3576 596 3649 andire,
621 3595 715 3656 quare
737 3588 768 3635 ct
790 3577 948 3657 quomodo
973 3575 1145 3658 diligendus
1158 3576 1198 3632 sit
1209 3567 1316 3631 Densi

80 3651 88 3678 ¹
119 3650 130 3678 ⁶
171 3667 178 3681 ‘
239 3661 280 3720 Et
302 3681 377 3744 ego:
400 3660 498 3720 Causa
521 3659 669 3741 diligendi
692 3660 809 3735 Deum,
832 3661 915 3719 Deus
935 3673 997 3721 est:
1021 3659 1146 3733 Modus,
1168 3659 1317 3716 sinemo-

238 3744 280 3803 do
312 3744 453 3828 diligere.
507 3743 557 3804 Ob
592 3742 748 3824 duplicem
779 3757 878 3804 autem
904 3764 1023 3805 causam
1051 3744 1152 3802 Denm
1185 3741 1316 3800 dixerim

237 3841 369 3910 propter
390 3850 422 3889 se
444 3829 545 3909 ipsum
569 3827 778 3909 diligendum:
808 3830 870 3888 sive
897 3833 970 3909 quia
997 3827 1076 3888 nibil
1095 3828 1229 3908 justius,
1251 3825 1316 3883 sive

237 3914 312 3993 qnia
341 3912 386 3971 nil
415 3911 502 3995 diligi
525 3912 717 3973 fructuosius
739 3924 854 3994 potest.
900 3915 1040 3974 llleretur
1063 3913 1157 3971 amari
1181 3920 1316 3993 propter

236 4017 268 4056 se
291 3997 391 4078 ipsum
403 3997 502 4072 Deus,
525 4009 555 4054 et
575 3994 614 4055 ab
638 3993 770 4056 infideli:
794 3998 848 4078 qni
871 4001 926 4058 etsi
950 4001 1066 4057 nesciat
1089 3992 1312 4062 CHRISTUM,

234 4083 295 4140 scit
316 4091 417 4140 tamen
437 4080 469 4139 se
492 4081 599 4162 ipsum.
642 4080 781 4140 Proinde
804 4080 1019 4141 inexcusabilis
1043 4091 1088 4142 est
1108 4081 1206 4139 omnis
1221 4079 1316 4136 etiam

234 4161 388 4240 infidelis,
409 4165 435 4225 si
457 4184 522 4224 non
546 4164 649 4246 diligit
671 4165 841 4224 Dominum
861 4167 961 4224 Deum
974 4186 1065 4225 suum
1087 4184 1121 4223 cx
1144 4176 1213 4223 toto
1238 4181 1316 4220 cor·

234 4249 290 4329 de,
321 4261 389 4312 tota
409 4250 527 4328 anima,
558 4261 625 4311 tota
661 4251 774 4319 virtute
795 4270 859 4312 sua.
904 4251 1023 4314 Clamat
1040 4268 1151 4334 nempe
1173 4249 1259 4309 intus
1284 4245 1317 4308 ei
