2752 4770
190 322 337 451 leo
501 335 1077 434 'usrsancaraxs

262 555 423 625 nonnulla:
444 555 485 617 At
508 575 566 652 ego
588 549 767 636 ubicunque
781 548 851 626 sis,
871 547 1049 630 ubicunque
1063 544 1175 631 'legere
1200 544 1259 605 ista
1282 565 1331 628 po·

263 648 355 720 teris,
386 655 418 703 te
436 652 505 702 ante
530 649 603 698 istos
628 638 659 695 iu
683 647 738 697 tuo
768 635 863 696 eorde
882 636 1047 710 constitui,
1077 652 1159 715 quos
1180 650 1248 689 non
1272 634 1331 690 ani·

88 755 184 808 Antiqui
202 751 318 792 rat-cos
342 747 448 802 meos,
471 734 503 799 et
523 723 661 782 inimicos
683 730 772 793 tuos,
803 719 905 801 aliqua
932 722 963 779 in
987 740 1080 778 meam
1108 729 1231 800 partem
1253 718 1330 798 gratia

90 820 129 849 ”⁵
147 809 202 845 ‘¹¹²¹'
222 802 256 839 ‘¹¹'
267 810 494 898 propendentes
521 806 623 891 aliquo
648 804 757 883 abste
779 806 889 864 merito
914 816 986 864 tuae
1011 802 1192 863 offensionis
1215 821 1328 871 aversos

92 855 199 961 {illidii
220 863 298 959 lbet
320 895 362 956 ob
386 894 447 954 hoc
472 890 530 951 tibi
554 892 714 966 adversos,
745 890 777 948 in
800 887 858 948 hae
884 901 989 949 nostra
1015 887 1241 969 disceptatione
1269 905 1330 943 con-

94 953 357 1057 siiiliiipi‘iistitui
372 979 556 1060 cognitores.
600 972 663 1033 Nec
687 994 750 1049 eos,
776 976 831 1056 qui
849 994 1005 1055 nunquam
1032 972 1181 1046 fuerunt,
1204 981 1258 1029 aut
1280 988 1329 1028 nor

93 1058 365 1153 {Zililllusunm
387 1075 441 1122 aut
461 1079 596 1141 quorum
620 1060 786 1119 sententiae
812 1056 851 1117 de
876 1057 947 1133 hoc,
976 1056 1063 1140 quod
1090 1058 1173 1114 inter
1199 1073 1259 1112 nos
1280 1053 1331 1113 dis·

95 1149 135 1188 ⁸³⁸·
271 1161 422 1236 putatur,
444 1147 578 1203 incertae
591 1154 685 1219 sunt,
711 1144 794 1201 iuaui
820 1145 1007 1225 cogitatione
1033 1136 1170 1215 confixi,
1194 1137 1248 1198 sed
1260 1158 1332 1197 sanc·

63 1242 66 1247 ’
270 1250 342 1307 tos,
374 1243 404 1289 et
432 1229 464 1287 in
497 1239 602 1287 sancta
633 1225 771 1287 Ecclesia
800 1216 934 1286 illustres
968 1226 1129 1285 Antistites
1167 1223 1251 1294 Dei,
1283 1243 1330 1281 nor

273 1316 444 1381 Platonicis
470 1323 500 1371 et
524 1309 729 1372 Aristotelieis
752 1324 783 1370 et
806 1310 990 1386 Zenonieis,
1014 1309 1147 1389 aliisque
1168 1305 1331 1389 hujusmosi.

272 1400 320 1462 vel
346 1399 472 1457 Graecis
492 1393 540 1453 rel
564 1395 696 1470 Latinis,
720 1408 902 1478 quamquam
930 1408 960 1455 et
986 1397 1051 1454 istis
1077 1393 1205 1473 aliquos
1230 1412 1328 1452 eorum
1351 1422 1357 1431 ·

271 1504 377 1546 verum
403 1500 507 1541 omnes
530 1481 627 1538 sacris
652 1478 749 1539 literis
775 1481 933 1557 eruditos,
955 1480 1135 1539 nominatim
1154 1478 1329 1558 sicutopor·

273 1568 359 1630 tebet
383 1565 538 1649 expressi,
561 1583 732 1644 eorumque
756 1566 941 1640 sententias,
965 1575 1112 1644 quantum
1138 1559 1278 1620 sufficere
1296 1561 1327 1617 vi·
1362 1580 1374 1635 j,

274 1652 430 1726 debatur,
462 1649 528 1709 sine
562 1646 626 1708 ulla
657 1649 754 1708 editas
788 1648 984 1732 ambiguitate
1015 1647 1153 1729 digessi,
1189 1657 1226 1705 ut
1251 1646 1279 1704 in
1300 1646 1326 1702 ei
1372 1644 1374 1697 ἐ

273 1740 380 1797 timeas
410 1754 472 1793 non
497 1733 604 1812 ipsos,
626 1732 679 1793 sed
705 1731 802 1810 illum,
826 1735 882 1815 qui
907 1731 967 1793 sibi
993 1753 1044 1792 eos
1066 1730 1161 1790 utilia
1185 1749 1254 1789 vasa
1279 1728 1325 1787 lo*
1372 1748 1374 1753 ’

261 1823 369 1887 ,ωανὶῑ
381 1863 390 1896 ,
413 1829 444 1878 et
462 1829 565 1876 saneta
589 1816 702 1901 templa
723 1819 916 1894 construxit,
939 1818 994 1899 qui
1014 1829 1090 1875 tunc
1113 1814 1169 1873 de'
1183 1815 1239 1874 ista
1258 1832 1325 1873 caua
1371 1892 1374 1897 Ι

275 1904 515 1988 judicaverunt,
549 1901 675 1982 quando
706 1904 738 1961 in
765 1923 817 1963 eos
842 1922 930 1963 nemo
954 1912 1056 1985 potest
1083 1899 1214 1976 dicere,
1234 1917 1325 1981 perp*

277 2010 343 2049 ram
365 1988 507 2067 cuiquam
531 1984 579 2044 vel
604 1986 779 2061 adversari,
810 1985 869 2046 vel'
886 1987 987 2046 severe
1009 1984 1162 2068 potuisse.
1203 1982 1327 2042 Noudnn

277 2075 358 2132 enim
390 2070 593 2146 exstiteratis,
614 2084 724 2130 contra
748 2091 828 2152 quos
859 2074 1081 2152 susciperemus
1106 2068 1149 2127 de
1173 2066 1223 2126 bac
1244 2084 1326 2144 quac-
1372 2080 1374 2147 ξ

277 2158 378 2215 stione
410 2152 599 2214 conflictum.
653 2153 799 2215 Nondum
833 2156 912 2214 enim
949 2155 1056 2228 eratis,
1094 2155 1151 2234 qui
1181 2148 1325 2222 diceret's,

278 2239 366 2321 quod
391 2241 422 2298 in
448 2236 537 2297 libris
563 2238 623 2297 tuis
647 2241 762 2321 ponis,
784 2238 913 2320 quiade
934 2237 1022 2298 vobis
1043 2235 1235 2298 multitudini
1258 2252 1328 2292 mexi-

279 2326 328 2384 titi
363 2324 532 2396 fuerimus,
566 2334 598 2382 et
628 2322 715 2404 quod
749 2323 1008 2385 Caelestianorum
1032 2320 1323 2404 vel-Pelagiauoun

278 2410 402 2467 nomine
436 2405 576 2491 homiues
607 2419 797 2484 terreamus,
830 2420 861 2469 et
885 2408 970 2490 quod
996 2420 1118 2466 terrore
1142 2405 1183 2465 ab
1208 2401 1323 2465 omnibus

279 2505 514 2573 extorqueamus
548 2511 710 2550 assensum.
766 2493 856 2553 Certe
882 2495 947 2576 ipse
969 2491 1093 2567 dixisti,
1131 2489 1222 2572 quod
1249 2503 1327 2548 onae

278 2576 403 2636 ludices
431 2574 469 2634 ab
494 2574 590 2651 odio,
613 2577 766 2652 amicitia,
791 2579 968 2654 inimicitia,
992 2578 1037 2635 ira
1061 2596 1179 2636 auersos
1207 2595 1268 2634 esse
1289 2570 1327 2629 de·

280 2673 365 2736 ceat,
388 2661 479 2743 pauci
500 2659 575 2719 tales
594 2672 766 2741 potuerunt
789 2663 926 2722 inveniri.
970 2660 1030 2720 Sed
1045 2657 1329 2728 Ambrosiumalios·

280 2766 341 2826 que
362 2743 494 2825 collegas
511 2745 595 2822 ejus,
618 2765 785 2825 quoscum
807 2746 862 2806 illo
886 2747 1139 2820 commemoravi,
1164 2743 1239 2804 tales
1258 2742 1330 2801 luisse

279 2826 468 2889 credendum
493 2839 547 2888 cst.
590 2827 707 2887 Verum
732 2830 787 2890 etsi
817 2830 891 2890 tales
912 2852 975 2890 non
1000 2830 1126 2889 fuerunt
1154 2832 1185 2887 in
1205 2824 1253 2887 his
1275 2845 1331 2883 caa-

280 2915 331 2988 sis,
357 2933 432 2994 quas
456 2911 495 2971 ad
525 2933 556 2971 se
585 2910 717 2988 delatas,
742 2927 772 2974 et
796 2916 875 2975 inter
896 2918 998 2996 partes
1021 2915 1186 2996 cognitas,
1211 2932 1275 2971 cum
1293 2908 1330 2967 hic

279 2999 437 3073 viverent,
470 3017 527 3057 suo
559 2996 679 3075 judicio
702 2996 905 3074 definierunt,
928 3000 967 3058 ad
992 2998 1071 3056 hanc
1103 3010 1208 3056 tamen
1233 3011 1329 3058 causan

280 3081 355 3141 tales
381 3094 485 3157 erant,
520 3081 645 3162 quando
672 3080 709 3140 de
734 3083 785 3143 illa
810 3086 972 3142 sententias
997 3081 1220 3163 protulerunt,
1254 3078 1329 3138 nullas

280 3165 441 3226 nobiseum
465 3164 512 3224 vel
534 3163 691 3224 vobiscum
712 3169 855 3228 amicitias
876 3166 1088 3241 attenderunt,
1110 3165 1161 3224 vel
1177 3165 1330 3225 inimicitias

104 3256 186 3297 rutra·
202 3254 270 3348 ‹¹⁰⁶3-
282 3262 491 3310 exercuerunt.
546 3249 653 3331 Neque
684 3251 774 3324 uobis
796 3273 894 3332 neque
918 3253 1005 3311 vobis
1031 3251 1099 3310 irati
1120 3263 1218 3327 sunt,
1252 3264 1329 3329 neque

105 3312 251 3414 {luli'ulll's
281 3355 355 3410 nos,
378 3355 477 3415 neque
502 3354 555 3394 vos
580 3335 709 3394 miserati
736 3348 816 3401 suut.
868 3338 962 3413 Quod
983 3342 1168 3394 invenerunt
1189 3337 1222 3393 in
1241 3332 1332 3394 Eccle·
1370 3404 1374 3415 Ι

104 3411 344 3501 sslvfi¹¹ssn¹2¹sJ,’,‚sia,
367 3430 547 3478 tenuerunt:
570 3418 665 3494 Quod
690 3421 884 3497 didicerunt,
908 3422 1098 3480 docueruut:
1122 3418 1224 3495 Quod
1251 3441 1268 3479 a
1291 3436 1334 3499 ps·
1366 3428 1370 3437 '

105 3499 258 3588 mttere*
279 3501 379 3561 tribus
403 3514 604 3587 acceperuut,
626 3501 688 3561 hoc
714 3503 784 3564 filiis
810 3503 1012 3567 tradiderunt,
1067 3498 1219 3564 Nondum
1245 3500 1337 3562 robis-

162 3576 168 3590 '
279 3606 348 3645 eum
373 3587 455 3669 apud
483 3591 556 3647 istos
585 3586 705 3667 judices
739 3585 859 3670 aliquid
896 3588 1074 3672 agebamus,
1105 3599 1136 3646 et
1170 3587 1259 3670 apud
1296 3604 1339 3645 eos

278 3682 344 3729 acta
364 3685 410 3732 cst
431 3693 521 3731 causa
542 3685 655 3732 nostra.
698 3673 762 3733 Nec
782 3695 855 3747 nos,
879 3696 934 3734 nce
958 3695 1012 3733 vos
1033 3676 1074 3731 eis
1094 3675 1164 3734 noti
1184 3674 1333 3733 fueramus

277 3765 307 3811 et
331 3776 438 3815 eorum
464 3777 524 3840 pro
555 3755 644 3816 nobis
671 3756 744 3818 latas
767 3769 875 3818 contra
898 3780 952 3819 vos
981 3757 1143 3817 sententias
1167 3761 1332 3817 recitamus

275 3834 421 3899 Nondum
445 3840 603 3901 vobiscum
634 3841 846 3905 certabamus.
879 3855 909 3901 et
932 3845 973 3902 cis
998 3841 1282 3924 pronunciantibus
1301 3840 1334 3897 ri

275 3922 379 3980 cimus.
422 3925 461 3983 Et
483 3925 577 4008 paulo
605 3938 694 4009 post:
728 3929 769 3986 Et
793 3928 880 3988 addis
902 3926 941 3986 ad
963 3925 1079 4007 aliquid
1108 3928 1334 3998 inveniendum,

273 4005 495 4067 multitudinem
517 4007 594 4068 nihil
622 4011 769 4093 prodesse
795 4033 977 4074 caecorum:
1012 4011 1112 4070 Etiam
1138 4013 1215 4071 istos
1240 4026 1334 4071 caecas

272 4087 374 4148 dicere
396 4091 545 4151 audebis?
566 4095 605 4154 Et
630 4098 816 4178 usqueadeo
838 4098 1016 4178 permiscuit
1034 4097 1100 4154 imis
1126 4116 1245 4156 summa
1273 4095 1334 4154 lon·

271 4194 325 4256 gus
340 4175 422 4252 dies,
446 4177 628 4256 usqueadeo
653 4181 796 4241 tenebrae
811 4174 894 4258 lux,
918 4193 947 4241 et
970 4180 1021 4240 lux
1041 4179 1188 4242 tenebrae
1209 4201 1274 4241 esse
1291 4175 1336 4235 di·

268 4271 393 4338 cuntur,
416 4272 450 4320 ut
470 4260 592 4324 rideant
614 4262 775 4350 Pelagius,
797 4265 960 4330 Caelestius
971 4309 983 4347 ,
1003 4263 1166 4329 Julianus:
1198 4263 1242 4327 Et
1260 4259 1332 4327 caeci
