2768 4762
278 302 355 434 4⁵5,
528 300 1098 420 nn1²nancrrr1s

110 552 270 604 arment).
281 540 449 624 quaedam:
469 538 636 613 Profanas,
659 539 758 619 inquit
780 537 912 615 Paulus,
936 562 1043 603 vocum
1063 546 1229 608 novitates
1255 549 1360 615 devita.

106 616 148 657 2⁰·
281 627 367 703 Quid
391 638 436 684 est
456 623 618 706 profanas?
640 624 728 697 Quae
746 621 822 682 nihil
845 622 960 686 bahent
985 629 1080 704 sacri,
1104 629 1187 689 nihil
1213 634 1359 720 religiosi,

281 711 320 770 ab
345 709 497 768 Ecclesiae
524 706 747 791 penetralibus,
778 722 924 788 quaeest
948 712 1094 795 templum
1123 713 1208 792 Dei,
1244 725 1351 801 penitas

282 808 443 855 extraneas.
498 792 665 867 Prol'anas,
689 793 804 871 inquit,
826 813 934 851 vocum
959 799 1118 856 novitates.
1165 798 1354 881 Voeum,id

105 893 344 953 profusione-cst,
366 878 561 959 dogmatum,
590 897 709 950 rerum,
738 878 953 936 sententiarum
979 883 1149 957 novitates,
1185 908 1272 966 quam
1294 907 1352 951 sunt

105 952 270 1037 vqptqnnffl
282 964 446 1036 vetustati,
469 946 547 1042 qaae
566 960 743 1040 antiquitati
760 964 942 1022 contrariae.
987 964 1076 1039 Quae
1099 968 1125 1024 si
1150 973 1352 1053 recipiantur,

105 1012 248 1099 losmtttti
282 1056 402 1107 nec'essc
426 1059 470 1104 est
486 1056 533 1102 -ut
557 1042 632 1102 fides
658 1042 819 1101 beatorum
852 1057 1047 1125 patrnmaut
1076 1063 1167 1127 tota,
1204 1069 1262 1115 aut
1282 1075 1352 1119 cene

105 1100 387 1212 liiii¹lil1¹l⁸ddsmagna
411 1149 445 1187 cx
471 1140 558 1209 parte
587 1126 728 1189 violetur.
773 1126 900 1187 Necesse
927 1144 990 1205 cst,
1014 1146 1049 1192 ut
1083 1154 1199 1197 omnes
1226 1147 1352 1205 omniun

104 1200 413 1292 hssllfss'illir'aetatum
436 1212 558 1285 lidelcs,
595 1231 698 1270 omnes
730 1213 844 1286 saneti,
880 1234 982 1273 omues
1004 1219 1103 1293 casti,
1138 1225 1351 1304 continentes,

278 1300 432 1377 virgines,
464 1316 567 1354 omncs
593 1293 719 1368 cleriei,
750 1295 857 1355 levitae
878 1309 908 1356 ct
929 1301 1126 1378 sacerdotes,
1166 1318 1256 1367 tanta
1279 1312 1352 1372 Con·

278 1383 430 1441 fessorum
452 1378 565 1455 millia,
596 1381 674 1437 tanti
696 1392 865 1454 martyrum
885 1386 1058 1460 exereitus,
1093 1399 1188 1449 tanta
1212 1392 1349 1471 urbiam,

276 1478 360 1525 tanta
381 1462 574 1548 populorum
596 1462 760 1523 celebritas
783 1475 814 1523 et
833 1464 1020 1543 multitudo,
1043 1481 1095 1529 tot
1112 1473 1262 1554 insulae,
1285 1502 1349 1562 pro-

181 1540 184 1545 .
250 1551 414 1626 ‘vinciae'
438 1568 543 1631 reges,
572 1559 695 1629 gentes,
729 1568 842 1631 regna,
877 1552 1037 1628 nationes,
1069 1567 1161 1615 totus
1198 1577 1347 1626 austreno

251 1635 339 1715 'jam
363 1653 440 1715 pene
466 1644 622 1691 terrarum
654 1631 741 1691 orbis
766 1653 823 1714 per
843 1633 1026 1695 catholicam
1051 1635 1148 1698 fidem
1176 1643 1344 1709 ClllllS'lll

277 1720 370 1801 capiti
392 1719 631 1798 incorporatus,
663 1727 750 1776 tanto
778 1717 951 1778 seculorum
971 1732 1078 1781 tractu
1103 1726 1289 1809 ignorasse,
1308 1756 1339 1793 cr-

276 1823 379 1875 rasse,
401 1798 649 1883 blasphemasse,
671 1803 802 1860 nescisse
826 1804 902 1881 quid
926 1804 1088 1881 crederet,
1110 1822 1333 1890 pronunciata.

275 1884 449 1960 Profanas,
479 1886 599 1966 inquit,
632 1904 744 1943 vocum
772 1889 919 1946 novitates
943 1887 1044 1949 devita
1058 1935 1076 1972 ,Ι
1102 1914 1183 1973 «pras
1214 1906 1341 1983 recipere

274 1983 368 2049 atque
399 1969 509 2028 sectari
532 1988 689 2047 utinquam
715 1967 958 2045 catholicorum,
991 1994 1111 2057 semper
1137 2001 1212 2039 sero
1236 1983 1346 2045 haere·

98 2061 240 2119 nanctae,
274 2056 409 2112 ticornm
431 2052 497 2109 lirit.
550 2051 592 2107 Et
612 2071 735 2126 revera,
771 2072 849 2132 quae
866 2074 1003 2133 unquam
1027 2057 1171 2135 haeresis,
1201 2067 1263 2122 nisi
1287 2070 1349 2127 sub

81 2122 362 2206 fiffi‘gffimcrto
387 2135 529 2208 nomine,
562 2145 648 2191 certo
675 2132 768 2210 loeo,
792 2148 877 2194 certo
902 2149 1042 2221 tempore
1060 2140 1223 2202 ebullivit?
1257 2149 1343 2222 Quis

97 2204 411 2299 {aqffism'unquam
441 2216 579 2276 haereses
604 2218 755 2295 instituit,
787 2220 844 2278 nisi
873 2225 926 2301 qui
952 2226 1089 2308 seprius
1117 2224 1158 2285 ab
1181 2228 1347 2295 Ecclesiae

185 2283 192 2296 ⁰
275 2301 453 2363 Catholicae
483 2303 690 2361 univcrsitatis
720 2316 751 2362 et
774 2308 965 2384 antiquitatis
996 2312 1198 2373 consensione
1229 2315 1336 2377 disere

271 2386 375 2448 verit?
401 2368 441 2446 Et
464 2384 538 2469 post
560 2406 674 2467 pauca:
696 2387 764 2446 lloc
778 2388 863 2469 apud
883 2409 989 2453 omnes
1008 2395 1078 2454 fere
1095 2394 1244 2460 haereses
1266 2404 1330 2481 qure'

198 2476 201 2481 ’
271 2472 398 2533 solenne
423 2484 468 2531 est
491 2491 527 2530 ac
551 2466 736 2550 legitimum,
765 2484 802 2531 nt
830 2492 947 2554 semper
978 2479 1127 2560 profanis
1162 2485 1335 2545 novitathas

271 2557 444 2640 gaudeant,
477 2556 667 2635 antiquitatis
692 2557 767 2614 scita
788 2556 961 2637 fastidiant,
992 2573 1024 2622 ct
1045 2584 1109 2646 per
1133 2573 1339 2649 oppositiones

271 2641 340 2700 falsi
364 2641 496 2700 nominis
522 2640 664 2698 scientiae
688 2658 706 2697 a
730 2637 792 2698 fide
813 2643 1004 2726 naufragent.
1051 2648 1182 2711 Contra
1202 2675 1276 2714 vero
1294 2655 1341 2713 Ca-

232 2766 233 2770 ,
267 2723 459 2784 tholieorum
481 2722 542 2782 hoo
568 2722 634 2781 scre
658 2725 841 2804 proprium,
864 2727 1002 2809 deposita
1019 2747 1215 2796 sanctorum
1234 2752 1340 2822 patron
1383 2740 1384 2747 '

94 2832 225 2875 camum.
268 2822 298 2868 ct
328 2811 488 2869 commissa
518 2827 656 2883 servare,
691 2808 835 2867 damnare
863 2811 1009 2891 profanas
1043 2821 1227 2898 novitates,
1260 2837 1289 2883 et
1308 2828 1339 2882 si·

92 2895 141 2920 rum
156 2884 245 2934 rrerri·
268 2905 322 2953 eut
343 2893 419 2952 dixit
440 2902 532 2972 atquc
556 2893 668 2949 iterum
690 2891 842 2973 praedixit
864 2894 1053 2976 Apostolnss
1075 2900 1114 2961 si
1140 2910 1215 2987 quis
1237 2929 1336 2968 annun·

93 2940 181 2976 nmest,
196 2938 257 2972 darn.

89 2978 392 3082 pgqrqpqpppciaverit
416 2988 629 3054 praeterquam
659 2977 744 3056 qnod
773 2991 930 3059 acceptum
954 2994 1017 3057 est,
1049 2987 1269 3052 anathemare.
1305 2994 1332 3051 n

87 3077 158 3116 „aum
177 3092 253 3120 am.
264 3059 421 3142 aliquibus
440 3061 653 3139 interpositis:
676 3059 738 3121 Sed
757 3060 833 3121 dicit
850 3062 981 3143 aliquis:
1002 3065 1036 3126 si
1063 3068 1189 3135 divinis
1211 3077 1328 3159 eloquiis

88 3128 251 3225 1⁸³1·f'¹2²'2{'¹·²⁴'
262 3146 435 3218 sententiis,
473 3142 750 3225 promissionibus,
787 3157 818 3204 et
849 3146 991 3208 diabolus
1020 3162 1051 3210 et
1088 3154 1249 3242 discipuli
1280 3165 1326 3240 eju
1375 3189 1379 3211 ¹

260 3242 411 3303 utuntur,
435 3247 569 3308 quorum
598 3225 648 3285 alii
674 3241 746 3287 sunt
769 3227 1043 3314 Pseudoapostoli,
1065 3236 1122 3298 alii
1138 3239 1324 3326 Pseudopio·
1372 3256 1377 3298 t

258 3312 392 3394 phetae,
416 3325 446 3371 et
457 3311 719 3392 pseudomagistri
740 3325 770 3371 et
792 3335 895 3374 omnes
913 3338 948 3374 ex
966 3330 1035 3378 toto
1056 3317 1238 3388 haeretiei:
1260 3325 1322 3404 Quid
1368 3352 1375 3375 ⁵

259 3397 373 3455 facient
391 3394 544 3455 Catholici
567 3395 722 3466 homines,
754 3409 784 3455 ct
806 3400 911 3458 matris
939 3400 1098 3465 Ecclesiae
1129 3407 1222 3472 filii?
1255 3415 1320 3489 Qus·
1365 3431 1372 3489 Ι

257 3498 326 3537 nam
349 3480 442 3540 modo
465 3481 496 3537 in
518 3481 678 3560 scripturis
701 3482 812 3540 sanctis
836 3485 992 3544 veritatem
1012 3507 1029 3545 a
1054 3487 1200 3555 falsitate
1226 3497 1318 3557 discet·
1367 3522 1381 3551 ·-··

256 3563 352 3621 nent?
392 3565 460 3624 lloc
492 3562 608 3620 scilicet
643 3562 743 3622 facere
772 3585 955 3648 magnopere
983 3569 1168 3653 curabunt,
1200 3581 1316 3661 qnodis
1366 3585 1375 3633 ἱ

81 3661 215 3714 scriptura·
254 3648 411 3728 principio
439 3648 672 3706 Commonitorii
699 3649 786 3707 istius
814 3664 936 3711 sanctos
965 3666 997 3713 et
1019 3654 1137 3719 doctos
1167 3666 1257 3724 viros
1275 3678 1314 3723 tn·
1368 3684 1374 3718 ¹.

80 3714 227 3802 Ῐξξᾙῗξζξζ·
255 3730 367 3789 didisse
394 3731 485 3790 nobis
516 3732 711 3810 scripsimus,
747 3744 782 3791 ut
815 3732 952 3793 divinum
982 3757 1135 3801 canonem
1165 3748 1313 3808 second!
1368 3744 1381 3803 l

79 3812 211 3860 avundu-
255 3815 432 3874 universalis
452 3812 607 3873 Ecclesiae
630 3814 844 3891 Traditiones,
868 3830 898 3876 et
922 3820 1007 3898 justa
1024 3822 1183 3889 catholici
1210 3832 1315 3916 dogu-
1371 3851 1383 3886 ³-

252 3896 292 3954 tis
312 3898 431 3979 regulas
457 3901 717 3980 interpretentur,
753 3901 783 3957 in
811 3922 871 3980 qua
896 3902 968 3962 item
990 3904 1175 3973 Catholicae
1199 3915 1317 4000 Aposto-

251 3977 386 4060 licaeque
412 3983 566 4043 Ecclesiae
598 3995 768 4062 sequantur
792 4005 913 4045 necesse
940 4000 986 4049 est
1004 3993 1260 4079 universitatem,
1277 4020 1317 4061 ss·

248 4064 438 4143 tiquitatem,
464 4069 704 4126 consensionem.
757 4066 844 4126 Etsi
870 4071 995 4149 quando
1016 4094 1090 4154 pars
1116 4096 1238 4145 contra
1264 4085 1319 4145 nni·

247 4148 440 4222 versitatem,
464 4152 583 4210 novitas
605 4163 716 4210 contra
735 4164 933 4230 vetustatem,
966 4159 1059 4218 unius
1084 4161 1135 4221 vel
1156 4186 1319 4246 paucam
1368 4186 1375 4218 t

246 4232 411 4294 errantium
429 4231 577 4298 dissensio
601 4237 938 4305 mutandumve
960 4253 1043 4307 certe
1063 4244 1172 4311 ulto
1193 4251 1318 4338 plusion
1366 4260 1378 4303 t·

1364 4350 1374 4390 i
