2768 4762
279 392 334 464 10
396 412 403 429 ·
647 386 718 452 DE
750 386 887 455 eluta
920 384 989 454 BT

104 579 270 673 miggiu-
280 572 342 654 alt,
362 570 539 639 substantia
553 592 657 636 rerum
677 553 922 660 sperandarum,
938 584 1152 659 argumentum
1170 594 1233 638 non
1255 600 1358 662 appa.

105 646 243 731 sinuandis
278 661 427 722 rentium.'
464 660 652 739 Substantia,
674 661 786 744 inquit,
809 679 915 720 rerum
934 658 1173 745 sperandarum,
1193 682 1259 722 non
1285 665 1357 725 ina-

187 745 194 765 '
278 747 366 807 nium
380 744 542 829 phantasia
554 748 816 829 conjecturarum.
838 742 938 805 Audis
957 744 1172 822 substantiam,
1193 766 1258 807 non
1279 746 1354 810 lieet

277 829 337 903 tibi
357 830 390 891 iu
413 827 475 891 fide
493 843 605 919 putare
635 831 683 891 rel
714 829 872 913 disputare
893 850 954 913 pro
980 828 1088 908 libau,
1112 850 1177 891 non
1201 829 1260 890 bae
1280 831 1354 893 illa-

203 980 207 993 ,
278 934 340 996 que
380 918 485 1000 vagari
515 936 574 1001 per
603 915 704 976 inania
738 936 756 975 o
782 916 950 992 inionum,
999 934 1056 998 per
1083 913 1171 975 devia
1195 935 1351 977 errorum

276 998 472 1062 Substantiae
495 1003 622 1063 nomine
650 999 689 1061 ali
713 934 780 1059 uid
803 997 862 1060 tibi
896 1012 1015 1060 certum
1038 996 1194 1083 fixumque
1215 999 1352 1084 profugi.

273 1094 337 1144 tur.
381 1086 498 1148 Certis-
515 1086 667 1147 elauderis
691 1022 824 1161 linibus,
858 1087 950 1145 certis
982 1083 1133 1146 limitibus
1170 1088 1349 1147 coarctaris.

273 1166 346 1231 Non
368 1183 415 1232 est
438 1174 519 1231 enim
540 1167 617 1232 fides
640 1171 829 1247 aestimatio,
864 1169 918 1230 sed
944 1168 1110 1231 certitudo.

98 1266 263 1360 fjssssgssffi‘
357 1289 388 1346 ὅ.
430 1278 541 1341 IDEM
559 1281 592 1339 in
611 1278 717 1340 eadem
729 1275 876 1360 epistolar
901 1276 988 1355 Quid
1008 1279 1102 1361 magis
1121 1288 1231 1337 contra
1249 1278 1349 1338 ratio-

99 1373 200 1409 nouam
270 1381 357 1439 nem,
381 1382 473 1444 quam
497 1365 619 1424 ratione
642 1364 793 1424 rationem
818 1364 925 1422 conari
948 1360 1184 1423 transcendere?
1205 1362 1248 1422 Et
1267 1362 1348 1445 quid

269 1448 365 1530 magis
388 1459 500 1510 eontra
520 1447 625 1524 fidem,
647 1469 740 1531 quam
763 1446 889 1507 credere
901 1445 997 1523 nolle,
1015 1445 1166 1529 quicquid
1186 1466 1250 1507 nou
1269 1467 1350 1528 pos·

270 1532 311 1593 sit
330 1532 450 1592 ratione
465 1532 638 1617 attingere?
659 1532 804 1613 Denique
817 1552 975 1614 exponere
991 1531 1097 1592 volens
1115 1530 1195 1590 illud
1214 1530 1348 1613 Sapien-

95 1630 234 1680 lectuna.
268 1617 328 1689 tis,
351 1616 414 1693 Qui
438 1618 539 1678 credit
560 1620 643 1695 cito,
665 1615 739 1677 levis
758 1628 804 1677 est
826 1615 940 1677 cordes
965 1615 1035 1677 Cito
1060 1616 1186 1677 eredere
1209 1628 1273 1692 est,
1295 1616 1348 1674 in-

122 1693 160 1735 '9'
174 1686 199 1733 ⁴⁶
314 1702 352 1776 't¹‚
375 1700 524 1763 adbibere
547 1700 640 1764 iidem
661 1714 731 1762 ante
753 1703 915 1778 rationem,
937 1722 1007 1761 eum
1029 1701 1092 1762 boe
1109 1699 1255 1761 Salomon
1278 1720 1344 1761 non

268 1722 391 1846 diutule
403 1787 435 1843 in
446 1787 558 1863 Deum,
581 1786 635 1847 sed
656 1785 694 1845 de
714 1796 821 1845 mutua
844 1787 926 1845 inter
943 1806 1000 1844 nos
1017 1785 1129 1845 dixerit
1145 1783 1342 1845 credulitate.

265 1868 344 1931 Nam
366 1868 451 1928 illam
473 1891 553 1951 quae
576 1872 608 1929 in
626 1868 727 1928 Deum
745 1881 791 1929 est
809 1866 913 1942 lidum,
936 1868 1045 1930 heutua
1064 1870 1150 1952 Papa
1169 1870 1343 1951 Gregorius

243 1964 358 2036 'negat
376 1947 468 2035 plane
492 1952 609 2015 babere
633 1954 790 2028 meritum,
823 1952 848 2011 si
874 1954 901 2011 ei
924 1950 1057 2014 bumana
1079 1956 1160 2015 ratio
1193 1951 1343 2036 praebeat

268 2040 518 2120 experimentum.
561 2037 682 2098 Laudat
697 2034 986 2118 autemApostolos,
1008 2039 1095 2121 quod
1114 2037 1153 2099 ad
1164 2039 1255 2098 nnius
1272 2038 1343 2118 jus-

91 2107 362 2182 ‘¹³¹⁰·¹⁷'⁴⁵”ei0nis
387 2142 495 2182 vocem
518 2125 643 2204 sequuti
665 2134 738 2183 sunt
761 2120 997 2203 redemptorem.
1041 2123 1090 2185 Sit
1115 2124 1258 2183 nimirum
1276 2142 1340 2204 pro

172 2157 208 2305 14⁶⁴,
217 2169 254 2307 ἑή·
266 2205 497 2269 laudedictumz
519 2209 555 2268 In
567 2207 678 2268 auditu
691 2208 774 2267 auris
796 2204 935 2266 obedivit
954 2205 1044 2276 milri;
1060 2211 1235 2290 increpatos
1255 2227 1271 2267 e
1287 2226 1341 2266 re·

113 2305 154 2360 sq.
189 2283 198 2306 ¹
235 2284 358 2375 'gione
384 2290 568 2374 discipulos,
592 2292 678 2374 quod
701 2290 822 2352 tardius
848 2290 1059 2353 credidissent.
1102 2287 1245 2374 Deniquie
1270 2290 1340 2351 lau-

265 2376 360 2436 datur
370 2377 481 2451 Maria,
503 2377 591 2458 quod
613 2379 763 2437 rationem
788 2373 850 2435 side
876 2379 1049 2458 praevenit,
1072 2391 1103 2439 et
1124 2379 1255 2460 punitur
1276 2374 1339 2436 Za·

265 2459 395 2536 eburius,
422 2462 508 2542 quod
524 2460 618 2522 fidem
642 2464 763 2522 ratione
784 2463 923 2527 tentavit.
967 2461 1010 2521 Et
1033 2483 1157 2523 rursum
1178 2456 1337 2523 Abraham

263 2545 516 2622 commendatur,
544 2549 600 2628 qui
626 2560 736 2607 contra
758 2566 844 2628 spem
866 2546 899 2605 in
921 2566 1005 2628 spem
1032 2546 1176 2608 eredidit.

87 2654 208 2697 Wlssst·
345 2660 376 2726 lt.
419 2651 679 2714 AUGUSTINUS
701 2662 802 2713 contr.
830 2652 928 2735 Epist.
952 2640 1086 2714 Manich.
1110 2675 1203 2737 quam
1222 2666 1338 2717 vocant

85 2712 240 2813 liiiiliil..
261 2736 398 2798 fundam.
420 2759 477 2820 cap
502 2752 548 2805 5.=
570 2738 602 2797 Si
630 2738 781 2797 inveneris
806 2735 959 2818 aliquem,
982 2742 1037 2820 qui
1061 2738 1230 2824 Evangelio
1250 2759 1336 2801 non-

86 2804 334 2894 {ffiffl'ss'ldum
360 2822 476 2899 eredit,
513 2820 591 2904 quid
623 2823 738 2882 faceres
765 2819 879 2879 dicenti
906 2819 983 2883 tibi.
1017 2844 1081 2884 nou
1108 2824 1228 2885 credol
1263 2825 1333 2911 Ego

87 2903 213 2957 eriugena.
258 2926 333 2967 vero
358 2905 525 2989 Evangelio
547 2926 610 2968 non
635 2907 808 2982 crederem,
833 2906 956 2967 nisime
985 2906 1156 2969 catholicae
1175 2907 1334 2973 Ecclesiae

258 3002 465 3051 commoveret
488 2994 666 3051 auctoritas.

83 3069 154 3111 Μ’·
173 3082 187 3111 ·
208 3068 247 3112 l·-
345 3078 391 3142 1.'
417 3075 452 3138 B.
493 3074 723 3138 CONCILIUM
757 3076 910 3165 Ephesia.
942 3094 1009 3137 ean·
1043 3086 1107 3145 13⁶
1147 3074 1219 3138 Vide
1246 3079 1332 3143 infr·

83 3121 374 3243 illidii-quaest.
398 3158 438 3219 X.
464 3157 500 3219 Α.

85 3216 132 3260 ω’
339 3258 369 3312 2.
414 3244 644 3306 CONCILIUM
667 3242 921 3325 constantiense,
944 3244 1172 3321 ‚Florentinum
1196 3258 1228 3310 et
1255 3246 1332 3309 'rri-

256 3326 431 3390 deminum:
465 3328 535 3390 vide
554 3330 637 3390 infra
662 3329 700 3391 de
723 3330 921 3394 Sacramenta
947 3330 1171 3413 Eucharistae,
1199 3336 1328 3417 quaesti.

338 3510 366 3565 1.
411 3498 445 3558 C.
480 3494 665 3560 BASILIUS
689 3499 720 3558 in
742 3498 850 3583 psalm.
875 3498 989 3575 CXV„
1010 3504 1042 3561 in
1061 3522 1096 3562 ea
1116 3499 1227 3579 rerba,
1250 3498 1329 3563 Cre·

253 3578 320 3641 didi
341 3595 474 3665 propter
504 3583 592 3666 quod
614 3582 737 3646 locutus
761 3604 845 3659 sum,
880 3596 937 3643 etc.
962 3582 1147 3664 Sacrorum,
1183 3605 1263 3669 quae
1288 3586 1329 3649 de

250 3665 320 3727 Deo
344 3679 426 3743 sunt,
459 3666 508 3728 elo
532 3668 658 3728 uiornm
683 3667 821 3751 praedux
847 3680 914 3728 esto
936 3666 1012 3729 fides
1036 3669 1146 3752 plane,
1167 3690 1232 3732 non
1253 3672 1328 3733 item

251 3749 491 3820 demonstratio;
510 3688 599 3828 ldae,
623 3754 758 3834 inquam,
781 3752 911 3812 animam
926 3754 1067 3830 inritans,
1089 3755 1183 3816 immo
1201 3766 1233 3815 et
1251 3774 1328 3838 per·

137 3874 146 3885 .
249 3835 379 3897 suadens
406 3835 447 3896 ad
470 3837 704 3897 consensionem
728 3856 804 3920 prae
828 3839 947 3899 cunetis
972 3838 1178 3900 rationalibus
1201 3837 1328 3901 metbo-

248 3917 307 3982 dis.
350 3919 472 4019 Neque·
486 3922 566 3981 enim
600 3918 677 4021 fides
703 3924 896 4004 geometricis
929 3924 1043 3983 nititur
1069 3922 1325 4008 probationibus,

198 4154 210 4173 ⁴
247 4016 566 4171 Paeniteat.
579 4005 833 4172 :ttlltttatl
849 4018 1099 4154 'illailla
1126 4019 1326 4173 {nstitit}

245 4170 283 4233 ln
298 4190 491 4256 quoeunque
507 4173 631 4235 taudem
644 4172 847 4235 humanarum
859 4179 972 4236 artium
993 4178 1139 4238 exercitio
1158 4174 1208 4250 (itl
1225 4177 1323 4239 modo

244 4258 294 4318 ria
317 4268 349 4318 et
369 4256 480 4323 ordine
502 4257 542 4323 ad
566 4260 784 4351 praestitutum
804 4259 867 4323 sibi
888 4259 1112 4346 progrediatur
1132 4257 1238 4341 finem)
1261 4262 1321 4324 im*

90 2158 162 2198 blare.

91 2208 144 2247 Luc.
162 2220 169 2247 r

90 2256 157 2296 Rom.
