2768 4762
392 376 722 453 SYMDDLO.
1086 386 1139 459 89

19 539 29 560 '
71 575 228 642 modlrum
252 571 437 634 fermentum
466 574 570 636 totsm'
588 592 717 636 messam
740 564 934 654 corrumpit?
975 562 1141 655 Expurga-

71 698 105 750 te
118 688 212 745 'retus
231 678 430 742 fermentnm.'
459 662 597 744 'Aurem
616 680 731 749 malum
751 674 895 743 ex'robis
918 675 1003 761 ipsis.
1108 700 1110 704 ’

152 788 295 853 LTim.
329 788 374 850 Le
412 784 535 853 liabens
568 786 664 852 fidem
689 801 721 851 et
759 786 875 850 bonam
896 785 1134 862 conscientiam,

70 918 165 982 qnam
183 895 311 979 qnidam
339 893 546 979 repellentes,
580 898 663 976 circe
690 893 785 958 fidem
809 876 1084 978 naufragaverunt:
1106 910 1171 979 ex¹

68 1004 189 1091 quibus
213 1015 260 1064 est
281 1002 473 1078 Hymenaeus
499 1016 531 1065 et
548 1002 743 1067 Alexander:
765 1020 846 1086 quos
866 998 983 1064 tradidi
1007 1011 1141 1077 satanae,

70 1126 107 1175 ut
130 1086 253 1174 discdnt
270 1129 335 1170 non
354 1105 577 1192 blasphemare.

155 1218 247 1279 Num.
268 1217 357 1277 XII:
377 1215 554 1299 Respondit
566 1219 718 1279 Dominus
734 1216 854 1292 Moysi:
875 1214 1044 1298 separetur
1070 1233 1143 1295 sep·

70 1325 266 1390 temdiebns
289 1334 375 1383 extra
404 1334 529 1401 castra,
566 1337 597 1385 et
623 1336 732 1407 postea
761 1321 969 1383 revocabitur.
1010 1318 1143 1379 Exclusa

71 1446 119 1495 est
145 1435 249 1516 itaque
277 1430 377 1491 Maria
409 1440 494 1491 extra
524 1440 624 1490 castra
648 1443 765 1513 septem
802 1427 932 1507 diebos,
954 1438 985 1487 et
1004 1424 1150 1509 populus.

71 1560 141 1603 non
157 1552 204 1600 est
227 1549 330 1598 motus
355 1536 393 1597 de
419 1536 490 1599 Ioco
507 1536 588 1615 illo,
613 1535 713 1599 donec
730 1524 874 1597 revocut'a
888 1546 934 1595 est
952 1534 1060 1593 Maria.
1106 1552 1110 1559 ·

157 1640 301 1704 Matth.
322 1642 462 1704 XVIII:
484 1644 518 1703 Si
542 1646 716 1728 peccaverit
736 1645 768 1703 in
793 1654 823 1703 te
846 1643 945 1702 frater
959 1651 1030 1701 tuus
1037 1682 1048 1716 ‚
1067 1637 1162 1701 vade·

75 1765 109 1812 et
141 1751 268 1833 corripe
290 1768 358 1808 eum
376 1752 458 1811 inter
475 1763 507 1812 te
534 1760 574 1812 et'
587 1753 690 1835 ipsum
717 1750 829 1812 solum.
880 1749 913 1808 si
937 1759 968 1808 tc
997 1744 1144 1822 audierit,

78 1855 218 1916 lucratus
247 1856 307 1916 eris
329 1854 454 1917 fratrem
473 1869 574 1919 tuum:
601 1861 629 1920 si
650 1872 755 1921 autem
770 1871 801 1921 te
822 1876 886 1918 nou
907 1854 1065 1932 audierit,
1088 1848 1147 1941 ed·
1214 1914 1217 1919 .
1292 1890 1299 1921 ι

75 1960 153 2023 hibe
178 1974 280 2045 tecum
311 1946 414 2025 adhuc
434 1944 530 2027 unum
556 1965 605 2027 rel
627 1965 722 2029 duona
737 1954 783 2026 'ut
801 1965 834 2026 in
855 1983 912 2025 ore
934 1961 1071 2041 duorum
1094 1961 1144 2025 rel

73 2071 169 2129 trium
191 2071 313 2130 testium
337 2085 414 2134 stet-
434 2094 524 2135 omne
554 2073 694 2140 verbum.
749 2069 847 2150 Quod
877 2072 902 2132 ai
923 2059 1144 2131 nou'audierlt

73 2195 149 2253 eos,
188 2174 242 2239 dic
263 2177 439 2241 Ecclesiae:
474 2183 502 2243 si
522 2194 624 2244 autem
645 2180 813 2247 Ecclesiam
833 2188 908 2253 non‘,
924 2156 1080 2255 audierit,
1103 2166 1144 2255 sit
1187 2207 1194 2215 ·

73 2280 131 2342 tibi
154 2284 236 2344 sicut
257 2282 398 2347 ethnicus
423 2300 454 2348 et
476 2287 671 2371 publicanus.
713 2286 812 2348 Amen
832 2285 1022 2363 dicovobip,
1046 2306 1144 2368 quae-

73 2408 199 2469 cunque
221 2388 428 2470 alligaveritis.
440 2412 535 2473 super
555 2407 688 2469 terram,
713 2405 805 2452 eruut
826 2392 919 2474 ligata
939 2405 970 2453 et
985 2395 1017 2452 in
1037 2392 1141 2454 caelo:

73 2507 106 2555 ct
139 2510 340 2576 quaecunque
373 2493 527 2557 solveritis
560 2517 655 2581 super
685 2509 821 2574 terrum,
855 2509 947 2558 eruut
978 2496 1082 2561 soluta
1112 2510 1144 2559 et

72 2598 228 2675 incaelo.
1010 2608 1014 2615 '
1068 2598 1104 2679 ',

157 2706 201 2773 II.
221 2706 241 2768 J
253 2726 355 2769 osne
382 2708 416 2771 Si
444 2709 515 2793 quis
542 2696 627 2770 venit
646 2706 686 2771 ad
706 2730 784 2787 vos,
819 2721 851 2771 et
869 2692 1145 2790 hanc'doctrinam

74 2836 138 2877 non
161 2813 286 2892 adfert,
318 2813 418 2876 nolite
440 2818 578 2900 recipere
608 2838 678 2879 eum
702 2819 734 2878 in
757 2815 883 2877 domum
890 2861 901 2894 ,
936 2836 995 2876 nec
1030 2816 1096 2875 Ave
1115 2817 1145 2877 ci

76 2922 223 2984 diteritis.
269 2922 334 3000 Qui
356 2924 437 2983 euim
451 2922 529 2985 dicit
549 2924 595 3013 illi
601 2922 615 3003 ,'
650 2922 731 3003 Are,
766 2908 972 2987 communicat
993 2921 1144 3010 operibus

74 3030 144 3113 ejus
163 3028 315 3114 malignis.
811 3034 814 3039 ⁴

157 3136 201 3204 11.
221 3136 355 3225 Thess.
377 3137 453 3203 111.=
487 3136 715 3201 Denunciamus
736 3151 839 3201 autem
859 3136 949 3199 vobis
972 3139 1083 3201 fratres
1109 3142 1142 3202 in

73 3243 200 3304 nominc
216 3244 343 3305 Domini
366 3246 467 3305 nostri
485 3244 583 3305 JESU
599 3246 784 3325 CHRISTI,
819 3259 855 3308 nt
875 3246 1065 3309 subtrahatis
1087 3269 1142 3308 vos

71 3347 115 3411 ab
139 3350 223 3410 omui
260 3349 358 3413 fratre
389 3349 566 3412 ambulante
588 3352 781 3431 iuordinate,
816 3366 847 3415 et
876 3376 941 3415 non
974 3348 1144 3441 secuudum

70 3454 293 3521 traditionem.
314 3477 408 3540 quam
431 3474 620 3543 acceperunt
637 3481 655 3521 a
672 3458 773 3521 nobis.
819 3460 916 3537 Quod
938 3464 963 3525 si
987 3453 1057 3545 q'uis¹
1078 3483 1141 3525 non

71 3562 184 3627 obedit
215 3562 313 3625 verbo
345 3576 475 3643 nostro,
510 3588 568 3648 pcr
598 3567 760 3650 epistolam
781 3566 865 3629 hunc
885 3581 1009 3632 notator
1047 3583 1078 3632 et
1103 3592 1142 3634 nc

65 3671 329 3733 commisceamini
351 3689 423 3731 cum
458 3671 533 3751 illo,
563 3685 600 3735 ut
622 3675 849 3738 confundatur:
885 3689 917 3739 et
935 3676 1034 3738 nolite
1054 3678 1142 3762 quusi

71 3778 230 3843 inimicum
246 3781 438 3859 existimare,
459 3779 514 3842 sed
536 3783 687 3867 corripite
706 3795 743 3844 ut
765 3782 901 3845 fratrem.

460 4010 733 4077 Pullus,
876 4048 879 4053 ·
1358 4016 1371 4059 ί

152 4179 180 4236 I·
201 4167 240 4229 Α.
282 4147 542 4232 AUGUSTIIIUS
562 4181 654 4236 tract
678 4131 705 4237 l
728 4169 762 4230 in
782 4171 872 4256 epist.
893 4173 1021 4234 Ioanne
1049 4170 1209 4258 Ilm-n...
1224 4221 1288 4266 m

63 4268 107 4318 ue
126 4249 182 4321 ille
200 4252 282 4342 lupia
303 4253 359 4341 (dc
379 4274 445 4341 quo
463 4253 549 4343 apud
564 4253 734 4337 Danielem)
756 4257 870 4336 cievit,
908 4270 940 4321 et
968 4257 1071 4321 factus
1090 4268 1137 4320 est
