<?xml version="1.0" encoding="UTF-8"?>
<!DOCTYPE html PUBLIC "-//W3C//DTD XHTML 1.0 Transitional//EN"
    "http://www.w3.org/TR/xhtml1/DTD/xhtml1-transitional.dtd">
<html xmlns="http://www.w3.org/1999/xhtml" xml:lang="en" lang="en">
 <head>
  <title>
</title>
<meta http-equiv="Content-Type" content="text/html;charset=utf-8" />
  <meta name='ocr-system' content='tesseract 3.04.00' />
  <meta name='ocr-capabilities' content='ocr_page ocr_carea ocr_par ocr_line ocrx_word'/>
</head>
<body>
  <div class='ocr_page' id='page_1' title='image "./summadoctrinaec00kanigoog_0079.png"; bbox 0 0 2768 4762; ppageno 0'>
   <div class='ocr_carea' id='block_1_1' title="bbox 246 342 1040 429">
    <p class='ocr_par' dir='ltr' id='par_1_1' title="bbox 246 342 1040 429">
     <span class='ocr_line' id='line_1_1' title="bbox 246 342 1040 429; baseline -0.021 0"><span class='ocrx_word' id='word_1_1' title='bbox 246 357 301 429; x_wconf 69' lang='grc' dir='ltr'><strong>Μ</strong></span> <span class='ocrx_word' id='word_1_2' title='bbox 630 348 700 411; x_wconf 83' lang='lat' dir='ltr'><strong>DE</strong></span> <span class='ocrx_word' id='word_1_3' title='bbox 728 345 857 414; x_wconf 81' lang='lat' dir='ltr'><strong>FIDE</strong></span> <span class='ocrx_word' id='word_1_4' title='bbox 890 349 953 416; x_wconf 82' lang='grc' dir='ltr'><strong>ΕΤ</strong></span> <span class='ocrx_word' id='word_1_5' title='bbox 1037 342 1040 352; x_wconf 89' lang='grc'><strong>’</strong></span> 
     </span>
    </p>
   </div>
   <div class='ocr_carea' id='block_1_2' title="bbox 187 523 1331 3280">
    <p class='ocr_par' dir='ltr' id='par_1_2' title="bbox 244 523 1331 728">
     <span class='ocr_line' id='line_1_2' title="bbox 247 523 1331 617; baseline 0.003 -19"><span class='ocrx_word' id='word_1_6' title='bbox 247 547 365 598; x_wconf 84' lang='lat' dir='ltr'><strong>terram</strong></span> <span class='ocrx_word' id='word_1_7' title='bbox 395 531 666 617; x_wconf 59' lang='lat' dir='ltr'><strong>peregrinationis,</strong></span> <span class='ocrx_word' id='word_1_8' title='bbox 684 546 776 612; x_wconf 80' lang='lat' dir='ltr'><strong>tuae,</strong></span> <span class='ocrx_word' id='word_1_9' title='bbox 808 552 930 598; x_wconf 88' lang='lat' dir='ltr'><strong>omnem</strong></span> <span class='ocrx_word' id='word_1_10' title='bbox 964 523 1080 596; x_wconf 70' lang='lat' dir='ltr'><strong>terram</strong></span> <span class='ocrx_word' id='word_1_11' title='bbox 1116 532 1263 599; x_wconf 60' lang='lat' dir='ltr'><strong>Quen</strong></span> <span class='ocrx_word' id='word_1_12' title='bbox 1298 543 1331 601; x_wconf 87' lang='lat' dir='ltr'><strong>in</strong></span> 
     </span>
     <span class='ocr_line' id='line_1_3' title="bbox 244 642 1051 728; baseline -0.006 -22"><span class='ocrx_word' id='word_1_13' title='bbox 244 642 472 728; x_wconf 82' lang='lat' dir='ltr'><strong>possessionem</strong></span> <span class='ocrx_word' id='word_1_14' title='bbox 493 653 665 720; x_wconf 78' lang='lat' dir='ltr'><strong>aeternam,</strong></span> <span class='ocrx_word' id='word_1_15' title='bbox 693 658 813 723; x_wconf 88' lang='lat' dir='ltr'><strong>eroque</strong></span> <span class='ocrx_word' id='word_1_16' title='bbox 834 658 912 703; x_wconf 84' lang='lat' dir='ltr'><strong>nens</strong></span> <span class='ocrx_word' id='word_1_17' title='bbox 932 661 1051 703; x_wconf 84' lang='lat' dir='ltr'><strong>eorum.</strong></span> 
     </span>
    </p>

    <p class='ocr_par' dir='ltr' id='par_1_3' title="bbox 245 747 1329 1051">
     <span class='ocr_line' id='line_1_4' title="bbox 329 747 1327 841; baseline -0.001 -28"><span class='ocrx_word' id='word_1_18' title='bbox 329 748 474 812; x_wconf 78' lang='lat' dir='ltr'><strong>Psalm.</strong></span> <span class='ocrx_word' id='word_1_19' title='bbox 505 747 640 829; x_wconf 47' lang='grc' dir='ltr'><strong>ΗΜΛ</strong></span> <span class='ocrx_word' id='word_1_20' title='bbox 674 749 826 811; x_wconf 83' lang='lat' dir='ltr'><strong>Dominus</strong></span> <span class='ocrx_word' id='word_1_21' title='bbox 862 747 1047 810; x_wconf 79' lang='lat' dir='ltr'><strong>illuminatio</strong></span> <span class='ocrx_word' id='word_1_22' title='bbox 1078 769 1146 841; x_wconf 80' lang='lat' dir='ltr'><strong>mea</strong></span> <span class='ocrx_word' id='word_1_23' title='bbox 1176 761 1208 811; x_wconf 87' lang='lat' dir='ltr'><strong>et</strong></span> <span class='ocrx_word' id='word_1_24' title='bbox 1243 749 1327 813; x_wconf 84' lang='lat' dir='ltr'><strong>salus</strong></span> 
     </span>
     <span class='ocr_line' id='line_1_5' title="bbox 245 853 1329 942; baseline 0 -23"><span class='ocrx_word' id='word_1_25' title='bbox 245 877 336 938; x_wconf 77' lang='lat' dir='ltr'><strong>mea3</strong></span> <span class='ocrx_word' id='word_1_26' title='bbox 361 878 454 940; x_wconf 88' lang='lat' dir='ltr'><strong>quem</strong></span> <span class='ocrx_word' id='word_1_27' title='bbox 475 853 616 919; x_wconf 76' lang='lat' dir='ltr'><strong>timebo?</strong></span> <span class='ocrx_word' id='word_1_28' title='bbox 657 856 811 919; x_wconf 78' lang='lat' dir='ltr'>Dominus</span> <span class='ocrx_word' id='word_1_29' title='bbox 833 868 999 942; x_wconf 84' lang='lat' dir='ltr'><strong>protector</strong></span> <span class='ocrx_word' id='word_1_30' title='bbox 1011 857 1092 919; x_wconf 83' lang='lat' dir='ltr'><strong>vitae</strong></span> <span class='ocrx_word' id='word_1_31' title='bbox 1105 877 1205 928; x_wconf 85' lang='lat' dir='ltr'><strong>meae;</strong></span> <span class='ocrx_word' id='word_1_32' title='bbox 1230 877 1329 941; x_wconf 87' lang='lat' dir='ltr'><strong>nqno</strong></span> 
     </span>
     <span class='ocr_line' id='line_1_6' title="bbox 246 963 439 1051; baseline -0.016 -23"><span class='ocrx_word' id='word_1_33' title='bbox 246 963 439 1051; x_wconf 78' lang='lat' dir='ltr'>trepidabo?</span> 
     </span>
    </p>

    <p class='ocr_par' dir='ltr' id='par_1_4' title="bbox 330 1069 1329 1154">
     <span class='ocr_line' id='line_1_7' title="bbox 330 1069 1329 1154; baseline 0 -20"><span class='ocrx_word' id='word_1_34' title='bbox 330 1070 481 1134; x_wconf 89' lang='lat' dir='ltr'><strong>Psalm.</strong></span> <span class='ocrx_word' id='word_1_35' title='bbox 512 1070 598 1133; x_wconf 85' lang='lat' dir='ltr'><strong>XG.=</strong></span> <span class='ocrx_word' id='word_1_36' title='bbox 632 1070 696 1150; x_wconf 90' lang='lat' dir='ltr'><strong>Qui</strong></span> <span class='ocrx_word' id='word_1_37' title='bbox 725 1069 847 1136; x_wconf 82' lang='lat' dir='ltr'><strong>babitst</strong></span> <span class='ocrx_word' id='word_1_38' title='bbox 869 1072 902 1133; x_wconf 92' lang='lat' dir='ltr'><strong>in</strong></span> <span class='ocrx_word' id='word_1_39' title='bbox 923 1069 1085 1154; x_wconf 83' lang='lat' dir='ltr'><strong>adjutorio</strong></span> <span class='ocrx_word' id='word_1_40' title='bbox 1109 1071 1274 1151; x_wconf 73' lang='lat' dir='ltr'><strong>altissimi,</strong></span> <span class='ocrx_word' id='word_1_41' title='bbox 1295 1075 1329 1134; x_wconf 90' lang='lat' dir='ltr'><strong>in</strong></span> 
     </span>
    </p>

    <p class='ocr_par' dir='ltr' id='par_1_5' title="bbox 199 1162 1329 1800">
     <span class='ocr_line' id='line_1_8' title="bbox 199 1162 1329 1268; baseline -0.004 -21"><span class='ocrx_word' id='word_1_42' title='bbox 199 1240 204 1247; x_wconf 87' lang='lat'><strong>.</strong></span> <span class='ocrx_word' id='word_1_43' title='bbox 242 1168 444 1268; x_wconf 76' lang='lat' dir='ltr'><strong>protectione</strong></span> <span class='ocrx_word' id='word_1_44' title='bbox 466 1180 526 1258; x_wconf 88' lang='lat' dir='ltr'><strong>Dei</strong></span> <span class='ocrx_word' id='word_1_45' title='bbox 548 1162 627 1240; x_wconf 81' lang='lat' dir='ltr'><strong>coeli</strong></span> <span class='ocrx_word' id='word_1_46' title='bbox 648 1177 902 1241; x_wconf 81' lang='lat' dir='ltr'><strong>commorabitur.</strong></span> <span class='ocrx_word' id='word_1_47' title='bbox 945 1180 1040 1241; x_wconf 85' lang='lat' dir='ltr'><strong>Dicet</strong></span> <span class='ocrx_word' id='word_1_48' title='bbox 1061 1179 1222 1259; x_wconf 90' lang='lat' dir='ltr'><strong>Domino,</strong></span> <span class='ocrx_word' id='word_1_49' title='bbox 1259 1201 1329 1242; x_wconf 89' lang='lat' dir='ltr'><strong>sus-</strong></span> 
     </span>
     <span class='ocr_line' id='line_1_9' title="bbox 246 1280 1326 1373; baseline 0 -24"><span class='ocrx_word' id='word_1_50' title='bbox 246 1296 358 1372; x_wconf 85' lang='lat' dir='ltr'><strong>ceptor</strong></span> <span class='ocrx_word' id='word_1_51' title='bbox 379 1308 462 1348; x_wconf 88' lang='lat' dir='ltr'><strong>meus</strong></span> <span class='ocrx_word' id='word_1_52' title='bbox 483 1280 515 1348; x_wconf 75' lang='lat' dir='ltr'><strong>es&#39;</strong></span> <span class='ocrx_word' id='word_1_53' title='bbox 537 1284 592 1363; x_wconf 84' lang='lat' dir='ltr'><strong>tu,</strong></span> <span class='ocrx_word' id='word_1_54' title='bbox 627 1298 659 1348; x_wconf 89' lang='lat' dir='ltr'><strong>ct</strong></span> <span class='ocrx_word' id='word_1_55' title='bbox 680 1286 836 1373; x_wconf 77' lang='lat' dir='ltr'><strong>refugium</strong></span> <span class='ocrx_word' id='word_1_56' title='bbox 857 1307 958 1348; x_wconf 88' lang='lat' dir='ltr'><strong>meum</strong></span> <span class='ocrx_word' id='word_1_57' title='bbox 979 1284 1063 1348; x_wconf 83' lang='lat' dir='ltr'><strong>Deus</strong></span> <span class='ocrx_word' id='word_1_58' title='bbox 1085 1308 1190 1365; x_wconf 90' lang='lat' dir='ltr'><strong>meus,</strong></span> <span class='ocrx_word' id='word_1_59' title='bbox 1216 1309 1326 1372; x_wconf 88' lang='lat' dir='ltr'><strong>spera-</strong></span> 
     </span>
     <span class='ocr_line' id='line_1_10' title="bbox 244 1384 1328 1478; baseline -0.001 -21"><span class='ocrx_word' id='word_1_60' title='bbox 244 1392 290 1457; x_wconf 91' lang='lat' dir='ltr'><strong>bo</strong></span> <span class='ocrx_word' id='word_1_61' title='bbox 313 1396 345 1455; x_wconf 91' lang='lat' dir='ltr'><strong>in</strong></span> <span class='ocrx_word' id='word_1_62' title='bbox 367 1414 446 1455; x_wconf 87' lang='lat' dir='ltr'><strong>eum.</strong></span> <span class='ocrx_word' id='word_1_63' title='bbox 503 1386 662 1472; x_wconf 85' lang='lat' dir='ltr'><strong>Quoniam</strong></span> <span class='ocrx_word' id='word_1_64' title='bbox 690 1395 756 1478; x_wconf 87' lang='lat' dir='ltr'><strong>ipse</strong></span> <span class='ocrx_word' id='word_1_65' title='bbox 779 1384 994 1456; x_wconf 72' lang='lat' dir='ltr'><strong>liberarit&#39;me</strong></span> <span class='ocrx_word' id='word_1_66' title='bbox 1016 1392 1055 1454; x_wconf 91' lang='lat' dir='ltr'><strong>de</strong></span> <span class='ocrx_word' id='word_1_67' title='bbox 1076 1392 1190 1478; x_wconf 89' lang='lat' dir='ltr'><strong>laqueo</strong></span> <span class='ocrx_word' id='word_1_68' title='bbox 1211 1416 1328 1456; x_wconf 74' lang='lat' dir='ltr'><strong>reuen-</strong></span> 
     </span>
     <span class='ocr_line' id='line_1_11' title="bbox 244 1499 1328 1597; baseline 0.001 -34"><span class='ocrx_word' id='word_1_69' title='bbox 244 1502 326 1564; x_wconf 89' lang='lat' dir='ltr'><strong>tium</strong></span> <span class='ocrx_word' id='word_1_70' title='bbox 347 1513 378 1563; x_wconf 91' lang='lat' dir='ltr'><strong>et</strong></span> <span class='ocrx_word' id='word_1_71' title='bbox 399 1520 416 1562; x_wconf 88' lang='lat' dir='ltr'><strong>a</strong></span> <span class='ocrx_word' id='word_1_72' title='bbox 437 1499 536 1562; x_wconf 83' lang='lat' dir='ltr'><strong>verbo</strong></span> <span class='ocrx_word' id='word_1_73' title='bbox 559 1521 680 1585; x_wconf 85' lang='lat' dir='ltr'><strong>aspero.</strong></span> <span class='ocrx_word' id='word_1_74' title='bbox 724 1499 867 1597; x_wconf 76' lang='lat' dir='ltr'><strong>Scapulis</strong></span> <span class='ocrx_word' id='word_1_75' title='bbox 896 1503 959 1563; x_wconf 85' lang='lat' dir='ltr'><strong>suis</strong></span> <span class='ocrx_word' id='word_1_76' title='bbox 981 1499 1186 1564; x_wconf 78' lang='lat' dir='ltr'><strong>obumbrabit</strong></span> <span class='ocrx_word' id='word_1_77' title='bbox 1203 1501 1328 1580; x_wconf 83' lang='lat' dir='ltr'><strong>tibi„et</strong></span> 
     </span>
     <span class='ocr_line' id='line_1_12' title="bbox 245 1606 1327 1694; baseline -0.001 -22"><span class='ocrx_word' id='word_1_78' title='bbox 245 1607 306 1672; x_wconf 78' lang='lat' dir='ltr'><strong>sub</strong></span> <span class='ocrx_word' id='word_1_79' title='bbox 342 1610 451 1694; x_wconf 84' lang='lat' dir='ltr'><strong>pennis</strong></span> <span class='ocrx_word' id='word_1_80' title='bbox 486 1610 555 1692; x_wconf 83' lang='lat' dir='ltr'><strong>ejus</strong></span> <span class='ocrx_word' id='word_1_81' title='bbox 590 1606 739 1694; x_wconf 76' lang='lat' dir='ltr'><strong>sperabis.</strong></span> <span class='ocrx_word' id='word_1_82' title='bbox 796 1607 894 1671; x_wconf 85' lang='lat' dir='ltr'><strong>Scuto</strong></span> <span class='ocrx_word' id='word_1_83' title='bbox 925 1607 1134 1671; x_wconf 83' lang='lat' dir='ltr'><strong>circumdabit</strong></span> <span class='ocrx_word' id='word_1_84' title='bbox 1154 1621 1186 1671; x_wconf 90' lang='lat' dir='ltr'><strong>te</strong></span> <span class='ocrx_word' id='word_1_85' title='bbox 1214 1610 1327 1671; x_wconf 80' lang='lat' dir='ltr'><strong>veritas</strong></span> 
     </span>
     <span class='ocr_line' id='line_1_13' title="bbox 242 1715 998 1800; baseline 0 -21"><span class='ocrx_word' id='word_1_86' title='bbox 242 1717 331 1800; x_wconf 84' lang='lat' dir='ltr'><strong>ejus:</strong></span> <span class='ocrx_word' id='word_1_87' title='bbox 353 1738 418 1780; x_wconf 94' lang='lat' dir='ltr'><strong>uon</strong></span> <span class='ocrx_word' id='word_1_88' title='bbox 439 1715 561 1778; x_wconf 84' lang='lat' dir='ltr'><strong>timebis</strong></span> <span class='ocrx_word' id='word_1_89' title='bbox 583 1734 600 1776; x_wconf 88' lang='lat' dir='ltr'><strong>a</strong></span> <span class='ocrx_word' id='word_1_90' title='bbox 620 1717 734 1777; x_wconf 87' lang='lat' dir='ltr'><strong>timore</strong></span> <span class='ocrx_word' id='word_1_91' title='bbox 759 1718 917 1778; x_wconf 82' lang='lat' dir='ltr'><strong>nocturno</strong></span> <span class='ocrx_word' id='word_1_92' title='bbox 940 1730 998 1779; x_wconf 90' lang='lat' dir='ltr'><strong>etc.</strong></span> 
     </span>
    </p>

    <p class='ocr_par' dir='ltr' id='par_1_6' title="bbox 243 1810 1327 2014">
     <span class='ocr_line' id='line_1_14' title="bbox 327 1810 1327 1899; baseline 0 -13"><span class='ocrx_word' id='word_1_93' title='bbox 327 1810 477 1886; x_wconf 77' lang='lat' dir='ltr'><strong>Psalm.</strong></span> <span class='ocrx_word' id='word_1_94' title='bbox 514 1820 678 1883; x_wconf 84' lang='lat' dir='ltr'><strong>CXXIV.=</strong></span> <span class='ocrx_word' id='word_1_95' title='bbox 715 1823 779 1899; x_wconf 87' lang='lat' dir='ltr'><strong>Qui</strong></span> <span class='ocrx_word' id='word_1_96' title='bbox 814 1823 978 1886; x_wconf 85' lang='lat' dir='ltr'><strong>confidunt</strong></span> <span class='ocrx_word' id='word_1_97' title='bbox 1012 1828 1046 1887; x_wconf 93' lang='lat' dir='ltr'><strong>iu</strong></span> <span class='ocrx_word' id='word_1_98' title='bbox 1078 1825 1216 1887; x_wconf 89' lang='lat' dir='ltr'><strong>Domino</strong></span> <span class='ocrx_word' id='word_1_99' title='bbox 1244 1824 1327 1886; x_wconf 86' lang='lat' dir='ltr'><strong>sieut</strong></span> 
     </span>
     <span class='ocr_line' id='line_1_15' title="bbox 243 1927 1325 2014; baseline -0.001 -20"><span class='ocrx_word' id='word_1_100' title='bbox 243 1951 332 1994; x_wconf 83' lang='lat' dir='ltr'><strong>mons</strong></span> <span class='ocrx_word' id='word_1_101' title='bbox 364 1931 459 1991; x_wconf 86' lang='lat' dir='ltr'><strong>Sion:</strong></span> <span class='ocrx_word' id='word_1_102' title='bbox 491 1949 556 1990; x_wconf 92' lang='lat' dir='ltr'><strong>non</strong></span> <span class='ocrx_word' id='word_1_103' title='bbox 577 1927 825 1990; x_wconf 79' lang='lat' dir='ltr'><strong>commovebitur</strong></span> <span class='ocrx_word' id='word_1_104' title='bbox 856 1932 890 1990; x_wconf 91' lang='lat' dir='ltr'><strong>in</strong></span> <span class='ocrx_word' id='word_1_105' title='bbox 916 1945 1094 2013; x_wconf 88' lang='lat' dir='ltr'><strong>aeternum,</strong></span> <span class='ocrx_word' id='word_1_106' title='bbox 1126 1930 1182 2014; x_wconf 86' lang='lat' dir='ltr'><strong>qu&#39;i</strong></span> <span class='ocrx_word' id='word_1_107' title='bbox 1202 1928 1325 1993; x_wconf 83' lang='lat' dir='ltr'><strong>habitat</strong></span> 
     </span>
    </p>

    <p class='ocr_par' dir='ltr' id='par_1_7' title="bbox 187 2032 1325 2335">
     <span class='ocr_line' id='line_1_16' title="bbox 187 2032 1325 2123; baseline -0.001 -24"><span class='ocrx_word' id='word_1_108' title='bbox 187 2032 190 2043; x_wconf 56' lang='lat'><strong>¹</strong></span> <span class='ocrx_word' id='word_1_109' title='bbox 244 2040 279 2100; x_wconf 92' lang='lat' dir='ltr'><strong>in</strong></span> <span class='ocrx_word' id='word_1_110' title='bbox 304 2035 506 2099; x_wconf 78' lang='lat' dir='ltr'><strong>Hierusalem.</strong></span> <span class='ocrx_word' id='word_1_111' title='bbox 550 2035 634 2113; x_wconf 82' lang='lat' dir='ltr'><strong>Quia</strong></span> <span class='ocrx_word' id='word_1_112' title='bbox 670 2058 735 2098; x_wconf 93' lang='lat' dir='ltr'><strong>uon</strong></span> <span class='ocrx_word' id='word_1_113' title='bbox 760 2037 918 2121; x_wconf 85' lang='lat' dir='ltr'><strong>relinquet</strong></span> <span class='ocrx_word' id='word_1_114' title='bbox 936 2041 1089 2103; x_wconf 87' lang='lat' dir='ltr'><strong>Dominus</strong></span> <span class='ocrx_word' id='word_1_115' title='bbox 1110 2042 1227 2123; x_wconf 75' lang='lat' dir='ltr'><strong>virgam</strong></span> <span class='ocrx_word' id='word_1_116' title='bbox 1246 2060 1325 2122; x_wconf 86' lang='lat' dir='ltr'><strong>pec-</strong></span> 
     </span>
     <span class='ocr_line' id='line_1_17' title="bbox 246 2118 1322 2229; baseline -0.001 -21"><span class='ocrx_word' id='word_1_117' title='bbox 246 2159 389 2208; x_wconf 82' lang='lat' dir='ltr'><strong>catorum</strong></span> <span class='ocrx_word' id='word_1_118' title='bbox 411 2165 504 2228; x_wconf 88' lang='lat' dir='ltr'><strong>super</strong></span> <span class='ocrx_word' id='word_1_119' title='bbox 536 2118 672 2205; x_wconf 53' lang='lat' dir='ltr'><strong>sortemx</strong></span> <span class='ocrx_word' id='word_1_120' title='bbox 682 2145 859 2225; x_wconf 88' lang='lat' dir='ltr'><strong>justorum,</strong></span> <span class='ocrx_word' id='word_1_121' title='bbox 895 2159 932 2209; x_wconf 93' lang='lat' dir='ltr'><strong>ut</strong></span> <span class='ocrx_word' id='word_1_122' title='bbox 961 2169 1026 2210; x_wconf 91' lang='lat' dir='ltr'><strong>non</strong></span> <span class='ocrx_word' id='word_1_123' title='bbox 1058 2146 1222 2212; x_wconf 79' lang='lat' dir='ltr'><strong>extendant</strong></span> <span class='ocrx_word' id='word_1_124' title='bbox 1244 2147 1322 2229; x_wconf 84' lang='lat' dir='ltr'><strong>justi</strong></span> 
     </span>
     <span class='ocr_line' id='line_1_18' title="bbox 245 2251 730 2335; baseline -0.006 -20"><span class='ocrx_word' id='word_1_125' title='bbox 245 2251 286 2315; x_wconf 75' lang='lat' dir='ltr'><strong>nd</strong></span> <span class='ocrx_word' id='word_1_126' title='bbox 311 2254 507 2335; x_wconf 85' lang='lat' dir='ltr'><strong>iniquitatem</strong></span> <span class='ocrx_word' id='word_1_127' title='bbox 526 2272 631 2312; x_wconf 86' lang='lat' dir='ltr'><strong>manus</strong></span> <span class='ocrx_word' id='word_1_128' title='bbox 652 2271 730 2312; x_wconf 84' lang='lat' dir='ltr'><strong>suas.</strong></span> 
     </span>
    </p>

    <p class='ocr_par' dir='ltr' id='par_1_8' title="bbox 244 2338 1325 2655">
     <span class='ocr_line' id='line_1_19' title="bbox 331 2338 1325 2445; baseline 0.005 -24"><span class='ocrx_word' id='word_1_129' title='bbox 331 2357 543 2421; x_wconf 77' lang='lat' dir='ltr'><strong>Job.xt.1.=</strong></span> <span class='ocrx_word' id='word_1_130' title='bbox 579 2338 656 2434; x_wconf 80' lang='lat' dir='ltr'><strong>Quis</strong></span> <span class='ocrx_word' id='word_1_131' title='bbox 696 2360 838 2421; x_wconf 86' lang='lat' dir='ltr'><strong>resistere</strong></span> <span class='ocrx_word' id='word_1_132' title='bbox 860 2370 966 2445; x_wconf 88' lang='lat' dir='ltr'><strong>potest</strong></span> <span class='ocrx_word' id='word_1_133' title='bbox 985 2358 1087 2425; x_wconf 74' lang='lat' dir='ltr'><strong>vultui</strong></span> <span class='ocrx_word' id='word_1_134' title='bbox 1108 2364 1201 2425; x_wconf 74' lang='lat' dir='ltr'><strong>meo?</strong></span> <span class='ocrx_word' id='word_1_135' title='bbox 1243 2364 1325 2443; x_wconf 88' lang='lat' dir='ltr'><strong>Quis</strong></span> 
     </span>
     <span class='ocr_line' id='line_1_20' title="bbox 246 2450 1322 2554; baseline 0.006 -24"><span class='ocrx_word' id='word_1_136' title='bbox 246 2480 317 2530; x_wconf 84' lang='lat' dir='ltr'><strong>ante</strong></span> <span class='ocrx_word' id='word_1_137' title='bbox 341 2465 429 2528; x_wconf 86' lang='lat' dir='ltr'><strong>dedit</strong></span> <span class='ocrx_word' id='word_1_138' title='bbox 459 2450 555 2542; x_wconf 78' lang='lat' dir='ltr'><strong>milui,</strong></span> <span class='ocrx_word' id='word_1_139' title='bbox 584 2475 622 2525; x_wconf 91' lang='lat' dir='ltr'><strong>ut</strong></span> <span class='ocrx_word' id='word_1_140' title='bbox 640 2464 768 2527; x_wconf 85' lang='lat' dir='ltr'><strong>reddam</strong></span> <span class='ocrx_word' id='word_1_141' title='bbox 796 2466 844 2529; x_wconf 76' lang='lat' dir='ltr'><strong>eii</strong></span> <span class='ocrx_word' id='word_1_142' title='bbox 888 2466 1023 2548; x_wconf 89' lang='lat' dir='ltr'><strong>Omnia,</strong></span> <span class='ocrx_word' id='word_1_143' title='bbox 1054 2476 1134 2554; x_wconf 80' lang='lat' dir='ltr'><strong>quae</strong></span> <span class='ocrx_word' id='word_1_144' title='bbox 1153 2470 1213 2532; x_wconf 86' lang='lat' dir='ltr'><strong>suh</strong></span> <span class='ocrx_word' id='word_1_145' title='bbox 1236 2473 1322 2536; x_wconf 84' lang='lat' dir='ltr'><strong>caelo</strong></span> 
     </span>
     <span class='ocr_line' id='line_1_21' title="bbox 244 2583 538 2655; baseline -0.017 -18"><span class='ocrx_word' id='word_1_146' title='bbox 244 2586 341 2655; x_wconf 80' lang='lat' dir='ltr'><strong>sunt,</strong></span> <span class='ocrx_word' id='word_1_147' title='bbox 362 2593 429 2633; x_wconf 87' lang='lat' dir='ltr'><strong>mee</strong></span> <span class='ocrx_word' id='word_1_148' title='bbox 458 2583 538 2633; x_wconf 88' lang='lat' dir='ltr'><strong>suut.</strong></span> 
     </span>
    </p>

    <p class='ocr_par' dir='ltr' id='par_1_9' title="bbox 240 2677 1321 2977">
     <span class='ocr_line' id='line_1_22' title="bbox 326 2677 1321 2770; baseline 0.005 -28"><span class='ocrx_word' id='word_1_149' title='bbox 326 2682 352 2742; x_wconf 91' lang='lat'><strong>1.</strong></span> <span class='ocrx_word' id='word_1_150' title='bbox 375 2677 566 2741; x_wconf 86' lang='lat' dir='ltr'><strong>Corinth.</strong></span> <span class='ocrx_word' id='word_1_151' title='bbox 588 2677 648 2738; x_wconf 88' lang='lat' dir='ltr'><strong>X.:</strong></span> <span class='ocrx_word' id='word_1_152' title='bbox 680 2677 796 2739; x_wconf 83' lang='lat' dir='ltr'><strong>Fidelis</strong></span> <span class='ocrx_word' id='word_1_153' title='bbox 817 2680 902 2741; x_wconf 89' lang='lat' dir='ltr'><strong>Dens</strong></span> <span class='ocrx_word' id='word_1_154' title='bbox 924 2695 990 2760; x_wconf 89' lang='lat' dir='ltr'><strong>est,</strong></span> <span class='ocrx_word' id='word_1_155' title='bbox 1020 2686 1075 2767; x_wconf 87' lang='lat' dir='ltr'><strong>qui</strong></span> <span class='ocrx_word' id='word_1_156' title='bbox 1097 2705 1162 2746; x_wconf 90' lang='lat' dir='ltr'><strong>non</strong></span> <span class='ocrx_word' id='word_1_157' title='bbox 1183 2687 1321 2770; x_wconf 86' lang='lat' dir='ltr'><strong>patietur</strong></span> 
     </span>
     <span class='ocr_line' id='line_1_23' title="bbox 240 2785 1318 2870; baseline 0.006 -21"><span class='ocrx_word' id='word_1_158' title='bbox 240 2808 296 2851; x_wconf 76' lang='lat' dir='ltr'><strong>vos</strong></span> <span class='ocrx_word' id='word_1_159' title='bbox 320 2789 433 2850; x_wconf 79' lang='lat' dir='ltr'><strong>tentori</strong></span> <span class='ocrx_word' id='word_1_160' title='bbox 460 2806 556 2870; x_wconf 90' lang='lat' dir='ltr'><strong>supra</strong></span> <span class='ocrx_word' id='word_1_161' title='bbox 574 2785 629 2862; x_wconf 90' lang='lat' dir='ltr'><strong>id,</strong></span> <span class='ocrx_word' id='word_1_162' title='bbox 653 2785 739 2867; x_wconf 91' lang='lat' dir='ltr'><strong>quod</strong></span> <span class='ocrx_word' id='word_1_163' title='bbox 766 2790 912 2869; x_wconf 82' lang='lat' dir='ltr'><strong>potestis:</strong></span> <span class='ocrx_word' id='word_1_164' title='bbox 935 2789 989 2851; x_wconf 88' lang='lat' dir='ltr'><strong>sed</strong></span> <span class='ocrx_word' id='word_1_165' title='bbox 1009 2791 1117 2854; x_wconf 82' lang='lat' dir='ltr'><strong>-facict</strong></span> <span class='ocrx_word' id='word_1_166' title='bbox 1140 2793 1230 2854; x_wconf 87' lang='lat' dir='ltr'><strong>etiam</strong></span> <span class='ocrx_word' id='word_1_167' title='bbox 1246 2814 1318 2854; x_wconf 84' lang='lat' dir='ltr'><strong>cum</strong></span> 
     </span>
     <span class='ocr_line' id='line_1_24' title="bbox 242 2896 1009 2977; baseline 0.004 -20"><span class='ocrx_word' id='word_1_168' title='bbox 242 2899 413 2958; x_wconf 85' lang='lat' dir='ltr'><strong>tentatione</strong></span> <span class='ocrx_word' id='word_1_169' title='bbox 440 2905 646 2976; x_wconf 85' lang='lat' dir='ltr'><strong>proventum,</strong></span> <span class='ocrx_word' id='word_1_170' title='bbox 669 2905 706 2954; x_wconf 89' lang='lat' dir='ltr'><strong>ut</strong></span> <span class='ocrx_word' id='word_1_171' title='bbox 725 2896 826 2977; x_wconf 88' lang='lat' dir='ltr'><strong>possis</strong></span> <span class='ocrx_word' id='word_1_172' title='bbox 849 2898 1009 2960; x_wconf 87' lang='lat' dir='ltr'><strong>sustinere.</strong></span> 
     </span>
    </p>

    <p class='ocr_par' dir='ltr' id='par_1_10' title="bbox 241 2998 1320 3280">
     <span class='ocr_line' id='line_1_25' title="bbox 328 2998 1319 3069; baseline 0.004 -7"><span class='ocrx_word' id='word_1_173' title='bbox 328 3000 456 3063; x_wconf 89' lang='lat' dir='ltr'><strong>Eccli.</strong></span> <span class='ocrx_word' id='word_1_174' title='bbox 487 2998 658 3060; x_wconf 75' lang='lat' dir='ltr'><strong>mm:</strong></span> <span class='ocrx_word' id='word_1_175' title='bbox 698 3000 832 3063; x_wconf 87' lang='lat' dir='ltr'><strong>Timenti</strong></span> <span class='ocrx_word' id='word_1_176' title='bbox 859 3002 1029 3068; x_wconf 87' lang='lat' dir='ltr'><strong>Dominum</strong></span> <span class='ocrx_word' id='word_1_177' title='bbox 1055 3027 1121 3069; x_wconf 91' lang='lat' dir='ltr'><strong>non</strong></span> <span class='ocrx_word' id='word_1_178' title='bbox 1150 3018 1319 3068; x_wconf 85' lang='lat' dir='ltr'><strong>occurrent</strong></span> 
     </span>
     <span class='ocr_line' id='line_1_26' title="bbox 241 3096 1320 3194; baseline 0.003 -23"><span class='ocrx_word' id='word_1_179' title='bbox 241 3108 338 3189; x_wconf 90' lang='lat' dir='ltr'><strong>mala,</strong></span> <span class='ocrx_word' id='word_1_180' title='bbox 360 3109 468 3171; x_wconf 84' lang='lat' dir='ltr'><strong>sedin</strong></span> <span class='ocrx_word' id='word_1_181' title='bbox 492 3108 664 3171; x_wconf 84' lang='lat' dir='ltr'><strong>tentatione</strong></span> <span class='ocrx_word' id='word_1_182' title='bbox 681 3107 766 3171; x_wconf 86' lang='lat' dir='ltr'><strong>Deus</strong></span> <span class='ocrx_word' id='word_1_183' title='bbox 788 3109 876 3174; x_wconf 84' lang='lat' dir='ltr'><strong>illurn</strong></span> <span class='ocrx_word' id='word_1_184' title='bbox 898 3096 1112 3194; x_wconf 76' lang='lat' dir='ltr'><strong>conservabit,</strong></span> <span class='ocrx_word' id='word_1_185' title='bbox 1149 3125 1180 3176; x_wconf 89' lang='lat' dir='ltr'><strong>ct</strong></span> <span class='ocrx_word' id='word_1_186' title='bbox 1202 3112 1320 3175; x_wconf 87' lang='lat' dir='ltr'><strong>hbcra-</strong></span> 
     </span>
     <span class='ocr_line' id='line_1_27' title="bbox 241 3214 442 3280; baseline 0.005 -2"><span class='ocrx_word' id='word_1_187' title='bbox 241 3214 292 3280; x_wconf 93' lang='lat' dir='ltr'><strong>bit</strong></span> <span class='ocrx_word' id='word_1_188' title='bbox 313 3237 331 3278; x_wconf 85' lang='lat' dir='ltr'><strong>s</strong></span> <span class='ocrx_word' id='word_1_189' title='bbox 350 3215 442 3279; x_wconf 86' lang='lat' dir='ltr'><strong>malo.</strong></span> 
     </span>
    </p>
   </div>
   <div class='ocr_carea' id='block_1_3' title="bbox 749 3445 835 3531">
    <p class='ocr_par' dir='ltr' id='par_1_11' title="bbox 749 3445 835 3531">
     <span class='ocr_line' id='line_1_28' title="bbox 749 3445 835 3531; baseline 0 -1"><span class='ocrx_word' id='word_1_190' title='bbox 749 3445 835 3531; x_wconf 63' lang='lat' dir='ltr'><strong>nti·</strong></span> 
     </span>
    </p>
   </div>
   <div class='ocr_carea' id='block_1_4' title="bbox 244 3607 1316 3722">
    <p class='ocr_par' dir='ltr' id='par_1_12' title="bbox 244 3607 1316 3722">
     <span class='ocr_line' id='line_1_29' title="bbox 244 3607 1316 3722; baseline 0.003 -28"><span class='ocrx_word' id='word_1_191' title='bbox 244 3609 358 3722; x_wconf 88' lang='lat' dir='ltr'><strong>Quid</strong></span> <span class='ocrx_word' id='word_1_192' title='bbox 405 3607 530 3695; x_wconf 88' lang='lat' dir='ltr'><strong>habet</strong></span> <span class='ocrx_word' id='word_1_193' title='bbox 575 3609 780 3693; x_wconf 88' lang='lat' dir='ltr'><strong>sccundus</strong></span> <span class='ocrx_word' id='word_1_194' title='bbox 817 3609 1031 3697; x_wconf 88' lang='lat' dir='ltr'><strong>articulus:</strong></span> <span class='ocrx_word' id='word_1_195' title='bbox 1101 3613 1235 3700; x_wconf 87' lang='lat' dir='ltr'><strong>Credo</strong></span> <span class='ocrx_word' id='word_1_196' title='bbox 1272 3614 1316 3697; x_wconf 92' lang='lat' dir='ltr'><strong>iu</strong></span> 
     </span>
    </p>
   </div>
   <div class='ocr_carea' id='block_1_5' title="bbox 66 3749 982 3908">
    <p class='ocr_par' dir='ltr' id='par_1_13' title="bbox 66 3749 982 3908">
     <span class='ocr_line' id='line_1_30' title="bbox 68 3749 982 3861; baseline -0.009 -17"><span class='ocrx_word' id='word_1_197' title='bbox 68 3763 231 3861; x_wconf 64' lang='lat'><strong>.¹·„‚³8„¹;¹‚¹3·‚,{:</strong></span> <span class='ocrx_word' id='word_1_198' title='bbox 458 3758 462 3769; x_wconf 87' lang='lat'>&#39;</span> <span class='ocrx_word' id='word_1_199' title='bbox 580 3756 717 3834; x_wconf 87' lang='lat' dir='ltr'><strong>lesum</strong></span> <span class='ocrx_word' id='word_1_200' title='bbox 746 3749 982 3839; x_wconf 70' lang='lat' dir='ltr'><strong>Christum?</strong></span> 
     </span>
     <span class='ocr_line' id='line_1_31' title="bbox 66 3869 231 3908; baseline -0.012 -1"><span class='ocrx_word' id='word_1_201' title='bbox 66 3869 91 3908; x_wconf 73' lang='grc'><strong>85</strong></span> <span class='ocrx_word' id='word_1_202' title='bbox 101 3869 156 3906; x_wconf 67' lang='lat' dir='ltr'><strong>MD·</strong></span> <span class='ocrx_word' id='word_1_203' title='bbox 165 3870 231 3908; x_wconf 68' lang='lat' dir='ltr'><strong>lMl·</strong></span> 
     </span>
    </p>
   </div>
   <div class='ocr_carea' id='block_1_6' title="bbox 66 3912 231 3956">
    <p class='ocr_par' dir='ltr' id='par_1_14' title="bbox 66 3912 231 3956">
     <span class='ocr_line' id='line_1_32' title="bbox 66 3912 231 3956; baseline 0.024 -6"><span class='ocrx_word' id='word_1_204' title='bbox 66 3912 133 3952; x_wconf 69' lang='lat' dir='ltr'><strong>nott.</strong></span> <span class='ocrx_word' id='word_1_205' title='bbox 141 3919 194 3956; x_wconf 40' lang='lat'><strong>¹121.</strong></span> <span class='ocrx_word' id='word_1_206' title='bbox 202 3914 231 3954; x_wconf 69' lang='lat'><strong>2-</strong></span> 
     </span>
    </p>
   </div>
   <div class='ocr_carea' id='block_1_7' title="bbox 66 3939 1319 4062">
    <p class='ocr_par' dir='ltr' id='par_1_15' title="bbox 66 3939 1319 4062">
     <span class='ocr_line' id='line_1_33' title="bbox 66 3939 1319 4062; baseline -0.011 -38"><span class='ocrx_word' id='word_1_207' title='bbox 66 3967 231 4062; x_wconf 48' lang='lat' dir='ltr'><strong>2332»,ss</strong></span> <span class='ocrx_word' id='word_1_208' title='bbox 342 3942 388 4015; x_wconf 79' lang='lat' dir='ltr'><strong>A.</strong></span> <span class='ocrx_word' id='word_1_209' title='bbox 441 3940 715 4017; x_wconf 78' lang='lat' dir='ltr'><strong>commonstrat</strong></span> <span class='ocrx_word' id='word_1_210' title='bbox 750 3939 953 4015; x_wconf 84' lang='lat' dir='ltr'><strong>seeundum</strong></span> <span class='ocrx_word' id='word_1_211' title='bbox 984 3940 1025 4015; x_wconf 89' lang='lat' dir='ltr'><strong>in</strong></span> <span class='ocrx_word' id='word_1_212' title='bbox 1058 3941 1207 4016; x_wconf 81' lang='lat' dir='ltr'><strong>Deitote</strong></span> <span class='ocrx_word' id='word_1_213' title='bbox 1230 3964 1319 4040; x_wconf 81' lang='lat' dir='ltr'><strong>per·</strong></span> 
     </span>
    </p>
   </div>
   <div class='ocr_carea' id='block_1_8' title="bbox 65 4059 1317 4156">
    <p class='ocr_par' dir='ltr' id='par_1_16' title="bbox 65 4059 1317 4156">
     <span class='ocr_line' id='line_1_34' title="bbox 65 4059 1317 4156; baseline -0.009 -13"><span class='ocrx_word' id='word_1_214' title='bbox 65 4059 230 4156; x_wconf 56' lang='grc' dir='ltr'><strong>ἷξζῖἷῗξῑίξξῖ</strong></span> <span class='ocrx_word' id='word_1_215' title='bbox 243 4086 373 4139; x_wconf 86' lang='lat' dir='ltr'><strong>sonum</strong></span> <span class='ocrx_word' id='word_1_216' title='bbox 406 4065 535 4140; x_wconf 83' lang='lat' dir='ltr'><strong>lesum</strong></span> <span class='ocrx_word' id='word_1_217' title='bbox 568 4065 754 4138; x_wconf 85' lang='lat' dir='ltr'><strong>Christum</strong></span> <span class='ocrx_word' id='word_1_218' title='bbox 788 4091 914 4138; x_wconf 81' lang='lat' dir='ltr'><strong>rerum</strong></span> <span class='ocrx_word' id='word_1_219' title='bbox 951 4068 1074 4140; x_wconf 84' lang='lat' dir='ltr'><strong>Deum</strong></span> <span class='ocrx_word' id='word_1_220' title='bbox 1113 4079 1152 4136; x_wconf 83' lang='lat' dir='ltr'><strong>ot</strong></span> <span class='ocrx_word' id='word_1_221' title='bbox 1188 4084 1317 4135; x_wconf 85' lang='lat' dir='ltr'><strong>verum</strong></span> 
     </span>
    </p>
   </div>
   <div class='ocr_carea' id='block_1_9' title="bbox 64 4157 229 4205">
    <p class='ocr_par' dir='ltr' id='par_1_17' title="bbox 64 4157 229 4205">
     <span class='ocr_line' id='line_1_35' title="bbox 64 4157 229 4205; baseline -0.024 0"><span class='ocrx_word' id='word_1_222' title='bbox 64 4157 116 4199; x_wconf 72' lang='lat' dir='ltr'><strong>Ass.</strong></span> <span class='ocrx_word' id='word_1_223' title='bbox 127 4165 229 4205; x_wconf 72' lang='lat' dir='ltr'><strong>oss-cs.</strong></span> 
     </span>
    </p>
   </div>
   <div class='ocr_carea' id='block_1_10' title="bbox 65 4182 1318 4353">
    <p class='ocr_par' dir='ltr' id='par_1_18' title="bbox 65 4182 1318 4353">
     <span class='ocr_line' id='line_1_36' title="bbox 65 4182 1318 4313; baseline 0.005 -60"><span class='ocrx_word' id='word_1_224' title='bbox 65 4187 448 4313; x_wconf 34' lang='lat' dir='ltr'><strong>ffgsufiuoffomiuem:</strong></span> <span class='ocrx_word' id='word_1_225' title='bbox 476 4186 617 4263; x_wconf 84' lang='lat' dir='ltr'><strong>dictum</strong></span> <span class='ocrx_word' id='word_1_226' title='bbox 642 4188 974 4290; x_wconf 19' lang='lat' dir='ltr'><strong>quidem&#39;lesum¹</strong></span> <span class='ocrx_word' id='word_1_227' title='bbox 996 4188 1071 4262; x_wconf 91' lang='lat' dir='ltr'><strong>hoc</strong></span> <span class='ocrx_word' id='word_1_228' title='bbox 1092 4203 1170 4273; x_wconf 88' lang='lat' dir='ltr'><strong>est,</strong></span> <span class='ocrx_word' id='word_1_229' title='bbox 1196 4182 1318 4260; x_wconf 80' lang='lat' dir='ltr'><strong>solvu-</strong></span> 
     </span>
     <span class='ocr_line' id='line_1_37' title="bbox 66 4313 138 4353; baseline -0.042 0"><span class='ocrx_word' id='word_1_230' title='bbox 66 4313 99 4353; x_wconf 70' lang='lat' dir='ltr'><strong>u.</strong></span> <span class='ocrx_word' id='word_1_231' title='bbox 119 4318 138 4350; x_wconf 86' lang='lat' dir='ltr'><strong>t.</strong></span> 
     </span>
    </p>
   </div>
   <div class='ocr_carea' id='block_1_11' title="bbox 0 0 1388 4762">
    <p class='ocr_par' dir='ltr' id='par_1_19' title="bbox 0 0 1388 4762">
     <span class='ocr_line' id='line_1_38' title="bbox 0 0 1388 4762; baseline 0 1"><span class='ocrx_word' id='word_1_232' title='bbox 0 0 1388 4762; x_wconf 95' lang='lat' dir='ltr'><strong> </strong></span> 
     </span>
    </p>
   </div>
  </div>
 </body>
</html>
