2768 4762
428 367 760 438 SYMBOL0.
1070 378 1169 473 ¹²⁰.
1257 414 1264 425 .

67 581 158 647 spem
192 557 273 619 vitae
299 567 461 633 aeternae,
491 574 583 636 quam
610 559 769 639 permisit,
791 576 882 642 quam
904 576 969 620 non
996 555 1142 616 mentitur

67 670 157 730 Deus
176 677 251 727 ante
266 674 414 747 tempora
443 660 604 725 secularia.

150 793 204 870 ¹Et
223 793 285 854 11.=
307 791 527 874 Exspectantes
545 789 665 853 beatam
688 804 824 877 spernet
845 790 1007 856 adveutum
1034 789 1143 877 gloriar

68 902 173 990 mgni
191 899 251 959 Dei
269 888 301 959 e‘t
321 896 491 958 Salvatoris
507 901 608 961 nostri
630 899 729 961 JESU
753 898 916 962 CHRISTI
938 911 996 962 etc.

152 1031 205 1092 Et
223 1027 303 1091 IIL:
325 1027 368 1088 Ut
387 1021 547 1107 justificati
562 1029 661 1112 gratia
675 1029 797 1111 ipsius,
816 1026 963 1091 haeredes
978 1029 1072 1092 simus
1094 1046 1145 1091 ss-

71 1138 211 1204 cnndum
234 1156 320 1220 spem
348 1135 429 1194 vitae
453 1146 602 1196 aeternae.

83 1234 91 1245 ’
154 1246 198 1312 11.
218 1246 312 1305 Tim.
334 1240 409 1302 IV.:
431 1240 554 1301 Bonum
580 1253 734 1301 certamen
753 1239 887 1318 certavi,
917 1259 1043 1300 cursum
1067 1259 1145 1301 cou-

70 1353 235 1429 summan,
269 1348 362 1413 fidem
384 1347 513 1409 servari.
555 1347 593 1406 In
618 1345 740 1428 reliquo
765 1346 903 1430 reposita
927 1357 974 1405 est
991 1343 1067 1407 milti
1087 1363 1145 1417 co,-

70 1481 151 1522 rona
171 1459 331 1540 justitiae,
365 1475 459 1537 quam
490 1448 602 1511 reddet
620 1449 696 1509 mihi
717 1452 869 1513 Dominus
885 1452 917 1511 in
931 1453 985 1514 illa
997 1452 1064 1529 die,
1091 1451 1146 1532 ju-

70 1580 138 1628 stus
162 1563 273 1647 judex:
296 1580 362 1623 non
375 1559 477 1622 solum
496 1568 598 1618 autem
620 1553 712 1636 mihi,
733 1559 788 1620 sed
810 1571 841 1621 et
863 1560 919 1640 iis,
941 1560 996 1642 qui
1012 1557 1147 1640 diligunt

70 1671 240 1735 adrentum
264 1668 344 1749 ejus.
611 1670 616 1677 ’
775 1676 786 1691 “
967 1656 970 1671 ’

158 1773 399 1840 1.Joan.11.:
433 1773 475 1835 Et
502 1773 579 1834 hacc
612 1783 659 1834 est
682 1771 903 1854 repromissio,
953 1790 1045 1854 quam
1079 1770 1146 1854 ipsc

72 1881 233 1968 pollicitus
258 1892 305 1943 est
322 1876 432 1958 nobis,
450 1882 544 1942 vitam
564 1892 727 1944 aeternam.

156 1988 207 2049 Et
228 1988 318 2056 Ill:¹
338 1986 513 2064 Camssimi,
559 2006 656 2083 nunc·
672 1984 731 2047 filii
757 1985 817 2048 Dei
845 2005 969 2047 summ:
1009 1996 1042 2048 et
1062 2005 1149 2046 non·

71 2081 146 2155 dnm
168 2097 335 2180 apparuit,
358 2093 434 2176 quid
455 2094 578 2155 erimus.
620 2092 761 2170 Scimus,
784 2094 932 2174 quoniam
953 2112 1026 2154 cum
1046 2111 1145 2178 appa·

72 2203 191 2280 ruerit,
213 2200 377 2263 similesei
410 2202 547 2278 erimus,
581 2203 729 2285 quoniam
762 2199 935 2263 videbimus
955 2222 1025 2263 eum
1053 2200 1144 2263 sicuti
1189 2198 1193 2207 ’

72 2321 127 2371 est.
178 2309 222 2370 Et
244 2309 364 2381 omnis,
397 2309 452 2387 qui
477 2306 574 2367 habet
597 2306 677 2368 hanc
714 2326 800 2388 spem
829 2309 862 2366 iu
886 2328 941 2393 eo,
972 2306 1145 2371 sanctificat

71 2436 126 2492 sc,
149 2415 231 2474 sicut
249 2425 280 2472 et
297 2411 350 2470 illc
369 2424 492 2470 sanctus
510 2422 565 2470 est.

158 2520 184 2578 1.
207 2517 321 2578 Petr.
353 2517 396 2578 l.:
419 2513 604 2574 Benedictus
627 2512 713 2573 Deus
732 2524 763 2573 et
788 2514 883 2575 Pater
897 2515 1025 2579 Domini
1044 2523 1145 2582 nostri

73 2625 175 2690 JESU
203 2622 383 2699 CHRISTI,
420 2622 475 2703 qui
492 2616 665 2680 secundum
684 2618 928 2683 miscricordiam
953 2644 1038 2685 suam
1061 2647 1147 2710 mag-

72 2757 144 2796 nam
180 2731 371 2815 regeneravit
402 2749 460 2789 nos
478 2729 514 2789 in
535 2746 621 2809 spem
652 2726 775 2804 viram,
811 2748 869 2812 pcr
890 2730 1148 2795 resurrectionem

74 2841 172 2902 JESU
187 2834 358 2898 uflmsul
386 2856 419 2894 ex
443 2838 593 2913 mortuis,
624 2837 658 2897 in
679 2834 899 2897 haereditatem
918 2834 1151 2919 incorruptibi-

74 2947 133 3008 lem
161 2957 193 3006 et
223 2924 494 3004 incontaminatam
529 2954 562 3004 et
598 2941 896 3023 immarcescibilem,
936 2955 1150 3031 conservatam

74 3050 231 3116 incaelis.
523 3048 525 3054 ’
938 3127 946 3139 ⁸

160 3159 267 3221 Rom.
290 3155 363 3217 VL:
384 3155 474 3217 Nunc
495 3176 569 3218 vero
591 3155 714 3218 liberati
739 3177 758 3218 a
782 3166 929 3240 peccato,
950 3157 1147 3220 servientem

77 3266 155 3327 facti
173 3265 261 3343 Deo,
283 3263 403 3324 habetis
426 3263 561 3324 fructum
582 3276 716 3324 vestrum
734 3265 768 3325 in
789 3260 1084 3345 candificationem,
1107 3265 1147 3328 fi-

76 3392 148 3433 nem
168 3390 241 3442 vero
262 3372 356 3453 vitam
380 3382 544 3431 aeternam.

162 3478 313 3546 Erech.
333 3477 473 3541 mlle
510 3475 641 3555 Anima,
670 3495 750 3560 quae
769 3457 960 3564 peccaverit,
981 3480 1049 3565 ipsa
1076 3500 1145 3545 mo·

73 3591 185 3652 rietur.
524 3582 527 3587 ’
1131 3575 1140 3599 “

158 3692 304 3755 Erech.
325 3693 492 3755 xxxm:
524 3692 642 3776 Impius
666 3695 697 3752 in
720 3692 882 3775 iniquitate
909 3713 967 3757 sua
985 3693 1146 3761 morietur·

123 3798 133 3815 “
158 3780 264 3863 Rom.
285 3798 356 3863 VL:
379 3796 540 3884 Stipendia
560 3804 697 3885 peccati,
718 3821 811 3861 mors.
889 3802 893 3813 '

151 3888 250 3993 ¹Sap.
273 3907 320 3969 L:
342 3907 502 3990 Injustitiu
522 3921 568 3969 est
589 3910 697 3969 mortis
721 3909 903 3990 acquisitio:
938 3910 1026 3995 impii
1047 3896 1147 3973 autem

79 4013 220 4078 manibus
251 4027 282 4076 et
311 4013 413 4076 verbis
435 4018 641 4078 accersierunt
664 4015 756 4076 illam.
828 4058 833 4079 .

161 4124 188 4185 l.
212 4124 302 4185 Cor.
329 4121 404 4182 vt:
441 4122 491 4181 An
522 4126 666 4202 nescitis,
704 4125 776 4206 quia
807 4124 907 4209 iniqui
940 4111 1068 4210 regnum
1089 4120 1148 4181 Dei
1253 4184 1259 4197 ¹

78 4246 143 4293 non
172 4228 403 4317 possidebunt?
446 4228 551 4292 Nolite
585 4252 698 4295 errare.
755 4230 864 4318 Neque
894 4230 1056 4293 fornicarii
1080 4238 1150 4307 etc,

924 4336 943 4394 9
