2768 4762
416 339 803 475 nuoaaouo
1059 390 1139 459 am

67 574 142 637 liter
162 573 280 658 quippe
299 588 394 652 amat,
417 577 472 657 qui
496 576 600 636 taliter
625 587 729 635 amat:
750 575 896 655 quoniam
918 591 982 634 non
1002 566 1054 631 illi
1068 570 1312 661 ton-{2⁰¹³gffg*

67 672 136 720 tum
155 661 287 740 proximi
311 661 411 720 nostri
433 659 579 719 credendi
594 672 683 734 sunt,
698 720 702 731 ,
717 680 797 739 quos
812 658 903 720 nobis
927 653 1041 741 gradus
1065 672 1137 714 san·
1148 634 1211 720 aiud
1221 691 1225 699 ,

69 745 171 827 guinis
194 745 319 825 jungit,
342 743 396 803 sed
416 746 547 825 proximi
569 748 669 804 nostri
691 742 835 801 credendi
856 752 929 803 sunt
950 757 1055 800 omnes
1076 735 1137 796 bo·

67 829 184 903 mines,
220 840 349 888 naturae
381 840 521 904 nostrae,
556 829 637 887 sicut
668 827 750 902 dixi,
784 829 978 908 participes„
1012 820 1088 881 Nam
1109 822 1135 881 si

69 913 268 995 propinquos
292 924 416 972 nostros
440 914 576 994 quamvis
600 912 838 992 incompositos,
867 923 974 992 turpes
993 927 1029 968 ac
1056 903 1133 965 male

67 1007 221 1072 moratos,
256 995 440 1079 plusquam
469 994 627 1076 quoslibet
647 1007 792 1070 sanctos,
824 1015 902 1075 quos
934 989 1060 1053 anobis
1084 1011 1133 1050 se-

68 1078 205 1138 cundum
226 1083 402 1162 sanguinem
419 1100 561 1142 vocamus
587 1095 763 1154 extraneos,
786 1077 964 1160 diligamus:
1002 1095 1065 1136 non
1079 1094 1136 1135 so·

69 1161 134 1221 lum
170 1164 334 1223 carnaliter
362 1165 537 1246 diligimus,
561 1163 616 1222 sed
637 1166 726 1224 etiam
744 1163 877 1245 graviter
900 1162 931 1219 in
951 1158 1005 1218 tali
1024 1178 1133 1218 eorum

68 1246 237 1307 dilectione
253 1269 421 1328 peccamus.
448 1247 605 1307 ‘Proinde
627 1247 797 1306 secundum
822 1265 878 1304 nos
897 1243 1055 1325 proximos
1067 1258 1136 1302 om·

66 1329 124 1390 'nes
154 1331 329 1414 diligimus.
372 1331 496 1412 quaudo
528 1330 566 1389 ad
588 1351 687 1390 mores
719 1330 837 1402 bonos,
871 1339 903 1387 et
924 1325 962 1386 ad
984 1338 1136 1384 aeternam

64 1416 160 1473 vitam
191 1417 458 1496 consequendam,
490 1416 571 1474 sicut
601 1413 713 1489 nobis,
741 1410 833 1472 saluti
869 1424 976 1471 corum
999 1405 1136 1468 consuli-

64 1518 157 1574 mus,
193 1500 318 1579 quaudo
352 1519 409 1558 nos
440 1501 472 1556 in
511 1517 620 1556 corum
638 1499 771 1580 peccatis
793 1516 829 1556 ac
848 1493 995 1578 periculis
1019 1493 1136 1574 cogita-

66 1602 155 1641 mus:
178 1595 208 1641 et
228 1593 306 1642 sicut
322 1582 413 1641 nobis
439 1580 594 1652 subveniri
619 1593 777 1663 optamus,
800 1581 841 1638 ita
867 1580 909 1638 eis
934 1598 994 1660 pro
1017 1574 1136 1635 viribus

66 1665 280 1724 subvenimus:
303 1679 355 1724 aut
374 1668 399 1724 si
422 1665 551 1725 facultas
573 1663 727 1741 defuerit,
747 1663 937 1723 vobintatcm
954 1660 1138 1721 subvenien-

66 1748 102 1805 di
122 1761 265 1808 tenemus.
310 1749 519 1891 Quapropter¹
534 1747 610 1809 baec
625 1760 672 1809 est
691 1749 825 1832 proximi
837 1758 904 1807 tota
927 1743 1076 1820 dilectio,
1099 1753 1137 1802 ut

68 1829 210 1907 bonam,
243 1834 329 1913 quod
354 1835 377 1892 ti

403 1835 412 1891 i
435 1833 572 1894 conferri
593 1835 653 1910 vis,
684 1831 758 1893 velis
785 1843 816 1892 et
836 1831 993 1913 proximo:
1015 1840 1048 1887 ot
1070 1848 1219 1909 ωτι-Μ,
1246 1830 1298 1918 Pht}

68 1911 132 1972 lum
144 1956 155 1986 ,
178 1918 261 1995 quod
281 1917 339 1976 tibi
366 1917 445 1977 nolis
468 1917 628 1994 accidere,
650 1916 732 1976 nolis
761 1928 792 1975 et
814 1915 956 1997 proximo
1008 1910 1059 1972 Illi
1080 1929 1246 1971 ve-armw
1264 1915 1296 1967 ir·

65 2015 104 2054 ro
136 1997 230 2079 plus,
272 2021 364 2081 quam
391 2021 442 2076 se,
475 2001 609 2084 diligunt
632 2000 759 2076 Deum,
782 2001 837 2081 qui
858 2019 919 2081 pro
939 1997 1009 2078 ejus
1029 1979 1194 2056 amorem
1220 2076 1223 2083 Ι

38 2099 137 2139 ·suae
160 2082 198 2141 ad
229 2095 346 2165 tempus
374 2084 465 2146 saluti
490 2105 554 2145 uon
579 2096 731 2167 parcunt,
764 2102 796 2143 se
816 2086 900 2164 ipsos
920 2079 1135 2142 tribulationi·

64 2161 125 2224 bus
144 2185 179 2225 ac
193 2168 339 2248 periculis
365 2169 512 2245 tradunt,
535 2169 648 2229 nudari
676 2166 877 2228 facultatibus
895 2167 1055 2249 propriis,
1075 2184 1135 2247 pa-

23 2276 30 2290 ·
62 2249 143 2308 triae
167 2270 240 2310 suae
271 2265 408 2331 extorres
438 2250 526 2329 fieri,
556 2251 739 2335 parentibus
773 2264 805 2311 et
827 2250 975 2310 uxoribus
998 2270 1032 2309 ac
1059 2246 1134 2308 liliis

63 2334 125 2390 suis
153 2336 337 2393 renunciare
366 2341 467 2416 parati
499 2349 593 2411 suut,
621 2348 653 2394 et
692 2347 727 2394 ut
748 2346 850 2394 totum
878 2334 997 2410 dicam,
1036 2337 1134 2415 ipsam

62 2418 208 2494 corporis
233 2428 363 2474 mortem
391 2436 455 2475 non
480 2417 582 2475 solum
608 2437 674 2475 non
698 2417 877 2497 refugiunt,
901 2417 955 2476 sed
981 2420 1072 2477 etiam
1093 2416 1133 2475 li·

61 2496 174 2556 benter
211 2499 388 2578 excipiunt,
424 2496 590 2557 ambientes
627 2518 645 2557 a
677 2501 822 2579 corporis
859 2501 905 2557 sui
935 2502 999 2560 rita
1026 2520 1073 2559 ma
1095 2503 1132 2575 is,
1245 2559 1250 2569 ,

61 2601 157 2661 quam
184 2600 200 2639 a
223 2579 316 2641 DEO
346 2582 409 2641 vita
433 2582 513 2640 vitae
531 2600 603 2640 suae
627 2580 791 2640 discedere.
838 2581 900 2641 Iste
926 2583 1022 2663 igitur
1040 2518 1304 2648 noliatlllll.‘¹¹¹⁰⁶'

61 2663 240 2724 dilectionis
269 2663 350 2723 ordo
383 2665 548 2724 servandus
585 2677 654 2740 est,
685 2667 774 2746 juxta
808 2662 904 2742 illud,
940 2663 1028 2745 quod
1057 2665 1134 2725 dicit
1145 2657 1239 2704 ⁰²¹²‘·²’
1249 2665 1267 2701 l·

57 2749 196 2829 Spiritus
229 2760 368 2826 sanctus:
391 2747 557 2809 Ordinarit
576 2751 608 2808 in
631 2768 679 2808 me
702 2750 877 2808 caritatem:
908 2761 953 2823 ut,
974 2751 1055 2808 sicut
1079 2768 1134 2809 or-

59 2833 164 2892 dinata
200 2834 313 2892 caritas
349 2835 476 2917 poscit,
508 2833 629 2893 DEUM
652 2831 870 2915 principaliter
892 2831 1070 2915 diligamus:
1103 2844 1135 2892 et

58 2929 193 3000 propter
226 2919 327 2998 ipsum
354 2919 386 2975 in
422 2919 491 2999 ipso
524 2937 681 2998 ea,-qnae
708 2915 864 2999 diligenda
884 2929 980 2994 sunt,
1005 2929 1133 2992 tantum,
1191 2983 1197 2994 ι

60 3012 208 3080 quantum
238 3002 306 3083 ipse
337 3002 508 3083 praecipit,
539 3001 711 3085 diligamus.
766 3001 837 3082 Ipse
864 3004 945 3061 enim
970 3001 1133 3085 praecipit,
1143 2984 1306 3077 ffi'tlfifffll

59 3096 98 3142 ut
128 3104 264 3165 corpora
290 3097 398 3145 nostra
425 3097 558 3167 propter
597 3106 678 3161 nos,
712 3088 870 3169 proximos
904 3087 985 3144 sicut
1003 3096 1135 3160 uos„et

59 3168 162 3248 ipsum
181 3167 251 3250 plus
269 3165 412 3251 diligere,
434 3190 526 3250 quam
548 3188 616 3244 nos,
640 3168 821 3228 debeamus:
844 3171 887 3229 ita
911 3188 1001 3243 sane,
1024 3179 1060 3226 ut
1079 3169 1132 3242 eis,

59 3270 139 3331 quos
159 3251 250 3311 nobis
269 3254 504 3331 conjunctiores
528 3252 719 3312 familiaritas
738 3253 829 3322 facit,
854 3257 879 3312 si
899 3272 951 3312 eos
970 3252 1050 3312 fama
1068 3264 1134 3310 non

56 3334 227 3416 reprobat,
268 3349 300 3395 et
332 3337 393 3396 vita
421 3335 630 3411 commendat,
667 3355 724 3397 nos
747 3335 878 3418 amplius
910 3334 1132 3418 impendamus,

59 3421 198 3479 omnium
230 3419 388 3501 profectus
415 3433 540 3481 nostros
573 3439 637 3480 esse
668 3419 845 3495 credamus,
879 3420 968 3478 etde
998 3419 1132 3479 aliorum

55 3505 202 3586 peccatis,
223 3515 368 3584 tauquam
395 3502 433 3563 de
453 3506 578 3579 nostris,
602 3505 848 3563 misericorditer
871 3501 1033 3586 lugeamus.
1077 3504 1129 3563 Sic
1221 3552 1223 3559 ,

57 3607 133 3669 ergo
150 3599 280 3668 possunt
300 3608 331 3647 in
359 3586 417 3647 bac
436 3590 497 3648 vita
520 3587 565 3647 illi
590 3608 653 3647 esse
671 3587 823 3668 perfecti,
845 3588 899 3666 qui
921 3589 1057 3669 perfecte
1080 3586 1129 3646 di·
1294 3649 1298 3656 ,

55 3668 159 3753 ligurit
189 3671 298 3729 Deum.
342 3671 383 3730 Et
417 3671 463 3730 illi
487 3672 625 3754 perfecte
646 3672 747 3730 Deum
770 3670 919 3752 diligunt,
942 3674 997 3752 qui
1022 3643 1300 3737 volan-iillfldffl

57 3753 124 3827 do,
150 3753 238 3835 quod
269 3753 336 3814 vult
364 3754 468 3832 Deus,
508 3768 538 3814 et
572 3755 731 3831 nolendo,
763 3754 850 3835 quod
882 3775 945 3813 uon
964 3755 1049 3833 vult,
1071 3751 1198 3815 neclm·

55 3837 130 3897 ullis
164 3839 314 3921 peccatis,
344 3837 458 3919 quibus
488 3838 678 3914 offenditur,
712 3840 928 3918 acquiescunt:
955 3851 986 3899 et
1007 3859 1127 3920 semper

55 3941 91 3979 se
122 3921 161 3980 ad
187 3923 335 3996 virtutes,
371 3943 448 4003 quas
475 3924 541 4003 ipsc
564 3923 711 4005 dignatur
735 3922 882 3996 donare,
905 3919 1074 4004 diligendas
1096 3937 1126 3983 ct

54 4000 212 4065 habendas
239 4005 415 4065 extendunt.
459 4007 498 4066 Hi
519 4020 603 4082 suut,
635 4009 689 4086 qui
717 4008 819 4065 omnia
847 4002 947 4081 bona,
970 4027 1048 4087 qnae
1069 4009 1128 4065 im·

53 4086 144 4169 plcre
172 4093 348 4171 potuerint,
378 4089 417 4150 ab
448 4090 504 4149 illo
535 4111 566 4151 se
587 4089 724 4171 adjutos,
754 4102 790 4150 ut
816 4090 954 4170 possint,
976 4092 1125 4151 veraciter

53 4168 203 4232 credudti
234 4172 390 4255 quidquid
411 4172 481 4232 mali
506 4177 729 4248 commiserint,
768 4176 844 4232 vitio
862 4192 935 4231 suae
957 4173 1123 4233 voluntatis

52 4252 257 4319 adscribunt:
279 4257 437 4341 quidquid
461 4257 538 4320 boni
562 4279 626 4320 non
643 4257 807 4342 potuerint
832 4256 970 4369 implere,
999 4256 1037 4317 ab
1065 4255 1123 4317 illo
