2768 4762
263 402 319 474 '42
646 401 719 461 DE
750 400 886 463 FIDE
916 400 983 461 ET

256 588 273 625 ·'
350 583 473 645 Marc.
495 582 581 645 xvc
607 582 728 651 Pilatus
743 600 848 649 auten
872 584 981 647 solens
1011 581 1133 669 populo
1154 587 1347 668 satisfacere,

269 692 386 753 amaia
406 688 470 752 ain
494 690 681 773 manaa,
695 706 734 757 a
758 674 1043 760 marasmon
1058 690 1187 781 ragau
1208 714 1345 774 eseam,

222 814 225 819 ’
269 812 307 861 nt
326 796 572 886 crucifigeratma
1357 866 1359 870 Α

352 908 447 971 Luc.
468 907 605 969 mila
638 906 682 971 Et
700 908 820 973 Pilatus
841 910 1036 995 adjudicavit
1058 907 1128 972 fieri
1156 909 1341 992 petitionem

267 1035 387 1077 eorum.
428 1016 554 1077 Dimisit
576 1027 678 1076 autem
703 1016 766 1080 illis
789 1039 876 1097 cnm,
898 1022 954 1103 qui
977 1030 1110 1104 propter
1134 1015 1342 1079 homicidium

269 1136 301 1185 et
336 1121 519 1186 seditionem
546 1125 654 1185 missus
675 1125 777 1188 fuerat
801 1129 834 1189 in
849 1148 1023 1206 carcerem,
1054 1146 1149 1210 quem
1173 1123 1340 1210 petebant:

256 1228 370 1292 ‘Jesuni
394 1250 471 1291 vero
492 1228 625 1293 tradidit
645 1230 800 1297 voluntati
818 1256 956 1301 eorum..

256 1380 260 1387 -
349 1336 459 1399 ioan.
480 1337 586 1400 me
605 1338 697 1403 tunc
716 1360 794 1427 ergo
815 1320 947 1405 tradidit
966 1342 1016 1405 eis
1039 1339 1147 1418 ilium,
1174 1350 1218 1401 ut
1237 1340 1341 1399 cruci·

140 1474 144 1483 ·
268 1442 429 1531 figeretur.
459 1446 465 1487 ·'

313 1554 321 1569 “
349 1552 441 1617 Act.
461 1552 571 1616 xmc
585 1552 716 1620 italum
743 1576 866 1619 causam
879 1556 990 1619 mortis
1011 1556 1130 1637 (inquit
1140 1551 1267 1633 Paulus)
1290 1556 1341 1615 in·

265 1665 422 1724 venientes
438 1696 441 1701 ·
456 1662 489 1725 ia
507 1682 571 1740 eo,
603 1666 762 1748 petierunt
785 1662 944 1743 aPiiato‚
971 1675 1009 1725 ut
1029 1660 1239 1724 interficerent
1258 1684 1339 1724 eum.

269 1770 408 1853 Cumque
424 1782 697 1833 'consummassent
720 1773 843 1850 omnia,
874 1792 957 1856 quae
981 1770 1021 1833 de
1045 1792 1082 1833 eo
1104 1773 1221 1855 scripta
1243 1783 1342 1850 erant,

267 1877 458 1963 deponentes
482 1896 553 1937 enm
574 1876 613 1937 de
632 1877 738 1962 ligno,
769 1890 945 1963 posuerunt
969 1880 1002 1940 ia
1024 1890 1236 1941 monumento.

351 1984 438 2068 Sap·
458 1984 519 2045 ΠΛ
540 1983 695 2048 Dixerunt
716 1986 822 2069 impii,
843 1988 1014 2071 cogitantes
1037 1976 1120 2073 apud
1133 2005 1165 2049 se
1186 2006 1252 2047 non
1269 2006 1341 2049 ree·

244 2105 315 2165 ste:
354 2092 634 2154 circumveniamus
669 2093 810 2175 justum,
840 2095 988 2177 qnoniam
1023 2093 1143 2155 inntiiis
1166 2103 1212 2154 est
1234 2091 1340 2171 nobis,

267 2212 300 2261 et
322 2202 509 2262 contrarius
528 2212 574 2261 est
607 2198 757 2284 operibus
790 2202 928 2280 nostris,
961 2214 993 2264 et
1024 2203 1218 2285 improperat
1245 2198 1340 2262 nobie

266 2319 394 2392 peccata
427 2308 525 2392 legio',
557 2318 589 2369 et
621 2307 759 2371 diffamat
787 2311 821 2370 in
844 2328 902 2371 nos
931 2322 1058 2393 peccata
1080 2305 1261 2391 disciplinae
1280 2327 1341 2368 ao-

267 2428 358 2478 strae.
399 2415 562 2479 Promittit
586 2436 620 2477 se
637 2422 795 2485 scientiam
817 2417 877 2478 Dei
895 2415 1030 2495 babere,
1053 2428 1085 2477 ct
1105 2412 1205 2476 filium
1223 2412 1282 2472 Dei
1308 2434 1341 2473 sc

248 2526 417 2586 'nominat
458 2522 572 2585 Factus
592 2536 639 2586 est
672 2524 765 2586 nobis
788 2526 821 2587 in
847 2521 1077 2587 traductionem
1115 2521 1340 2607 cogitationum

249 2616 453 2696 ¹nostrarum.
495 2634 607 2694 Gravis
626 2644 671 2695 est
689 2632 781 2695 nobis
801 2634 893 2694 etiam
916 2630 956 2693 ad
976 2629 1167 2692 videndum:
1191 2632 1341 2713 qnoniam

267 2739 423 2803 dissimilis
456 2751 502 2800 est
526 2716 594 2800 aliis
616 2740 799 2818 siuilliae,
833 2751 865 2801 et
884 2741 1060 2800 immutatae
1083 2750 1158 2799 sunt
1173 2739 1241 2799 viae
1258 2736 1338 2817 ejus.

247 2832 578 2930 “sanquam'nugaoes
595 2848 744 2909 aestimati
769 2866 871 2907 snmus
887 2844 928 2908 ab
950 2844 1027 2923 ilio,
1059 2855 1091 2906 et
1113 2845 1248 2909 abstinet
1267 2866 1339 2907 sea

265 2957 323 3017 aiis
345 2956 460 3017 nostris
485 2965 632 3036 tanquam
655 2954 696 3015 ab
715 2952 936 3031 immunditiis,
956 2965 988 3015 et
1008 2953 1148 3037 praefert
1171 2953 1338 3015 novissima

246 3078 252 3087 ·
264 3063 447 3145 justorum,
479 3072 510 3123 et
538 3061 693 3145 gloriatur
719 3061 843 3123 Patrem
865 3082 898 3122 se
929 3059 1045 3123 habere
1066 3060 1177 3122 Deum.
1219 3058 1339 3122 Videa-

248 3172 332 3231 ''mtrs
351 3154 445 3255 ergo,
473 3170 499 3229 si
521 3190 676 3231 sermones
697 3168 781 3230 iilius
802 3168 868 3231 veri
895 3169 973 3245 sint,
1003 3178 1035 3228 et
1062 3178 1233 3245 tententiae,
1255 3188 1339 3251 quae

264 3290 394 3340 ventura
425 3288 497 3339 sant
528 3275 574 3336 iiii
586 3320 596 3355 ‚
617 3288 649 3337 et
664 3278 811 3356 sciemus,
846 3296 927 3361 quae
943 3286 1035 3336 erunt
1055 3268 1220 3336 novissima
1239 3274 1336 3335 iliius.

265 3386 299 3448 Si
323 3388 404 3449 enim
426 3396 472 3449 est
498 3404 591 3445 verus
617 3382 699 3447 filius
716 3387 794 3462 Dei,
830 3386 979 3470 suscipiet
1004 3383 1107 3459 illuni,
1125 3364 1163 3447 'et
1187 3380 1337 3445 liberabit

264 3488 355 3551 iilum
377 3491 416 3553 de
445 3490 587 3554 manibus
609 3496 850 3555 contrariorum.
902 3490 1097 3554 Contumelia
1119 3504 1152 3555 et
1174 3502 1334 3554 tormento

265 3597 490 3683 interrogemus
510 3621 599 3677 enm,
620 3613 656 3661 ut
672 3603 802 3662 sciamus
824 3600 1025 3660 reverentiam
1045 3601 1135 3681 ejus,
1166 3610 1198 3661 et
1214 3595 1337 3683 probe-

262 3726 330 3767 mus
354 3694 533 3791 patientiam
553 3707 646 3769 iilius.
687 3708 791 3768 Morte
805 3708 986 3789 turpissima
999 3706 1236 3770 condemnemus
1248 3726 1334 3767 mm:

263 3814 325 3872 erit
344 3816 426 3875 enim
446 3815 474 3874 ei
495 3828 651 3900 respectus
669 3836 703 3875 ex
724 3816 918 3876 sermonibus
939 3815 1031 3877 iliius.
1075 3816 1158 3877 Haec
1178 3816 1337 3898 cogitave-

243 3931 339 3981 'rnnt
357 3933 389 3982 et
409 3936 610 3983 erraverunt:
633 3926 802 3984 excaecavit
827 3925 908 3984 enim
935 3922 1007 3985 iilos
1029 3922 1145 3985 malitia
1170 3942 1290 3984 eorum.

345 4026 467 4089 iiebr.
488 4028 579 4089 xla:
603 4026 793 4112 Aspicientes
816 4032 847 4092 in
862 4043 1021 4094 auctorem
1030 4028 1114 4108 fidei,
1136 4042 1168 4093 et
1186 4048 1336 4091 consum-

262 4146 412 4196 matorem
426 4136 546 4209 iesum,
567 4138 622 4217 qui
636 4139 802 4221 proposito
818 4137 878 4200 sibi
890 4138 1005 4224 gaudio
1031 4138 1179 4201 sustinuit
1198 4156 1335 4233 erucem,

262 4242 447 4306 confusione
480 4256 673 4329 contempta,
697 4259 789 4330 atque
821 4250 854 4310 in
891 4247 1015 4311 dextera
1045 4247 1126 4312 sedis
1157 4244 1216 4315 Dei
1239 4242 1335 4317 tede&
