2768 4762
406 366 823 435 DRCALOGO·.1
1056 371 1144 443 cm

66 565 102 626 iu
117 573 204 624 terra
222 555 368 645 Aegypti.
408 558 578 621 Dominum
592 538 698 623 Deum
713 565 805 651 tuum
816 549 958 630 timebis,
979 564 1013 616 et
1034 554 1065 616 ei
1076 574 1145 615 ser-

38 673 151 733 ‘viese
185 669 256 752 ipsi
279 663 480 742 adhaerebis,
504 662 691 748 jurabisque
722 661 755 726 in
785 663 911 725 uomina
934 661 1029 725 illius.
1072 664 1144 748 lpse
1245 672 1249 677 ’

69 791 119 842 est
139 776 206 838 laus
226 787 301 853 tua,
322 786 354 836 et
368 773 456 834 Deus
476 784 567 852 tuus,
589 774 645 858 qui
667 770 743 836 fecit
761 767 823 834 tibi
841 768 919 836 baeo
939 768 1091 856 magnalia
1113 780 1145 831 et

68 883 246 961 terribilia,
269 901 350 975 quae
369 880 516 943 viderunt
539 880 623 943 oculi
643 880 701 941 tui.
1203 877 1208 891 ¹

156 1010 399 1078 Milichie
430 1008 647 1097 Magnifioetur
676 1010 832 1074 Dominus
861 1010 956 1098 auper
981 1011 1145 1073 terminum

23 1134 27 1142 '
69 1122 177 1186 lsrael.
219 1121 320 1192 Filius
338 1118 476 1182 honorat
499 1119 644 1199 Putrem,
667 1130 698 1181 et
718 1137 824 1181 servus
843 1115 1013 1181 Dominum
1038 1138 1146 1180 auum:

70 1233 100 1293 si
121 1251 196 1317 ergo
219 1242 311 1317 pater
330 1248 387 1314 ego
410 1249 497 1306 sum,
518 1227 576 1290 ubi
596 1241 642 1290 est
661 1226 768 1289 bonor
787 1221 900 1289 meus?
930 1239 963 1289 et
983 1227 1009 1290 ri
1026 1225 1147 1287 Domi·

70 1360 132 1403 uus
155 1360 213 1425 ego
235 1361 327 1418 aum,
354 1336 410 1398 ubi
431 1348 478 1398 est
496 1336 594 1399 timor
614 1330 723 1398 meus?
755 1334 835 1398 dicit
855 1334 1009 1394 Dominus
1031 1333 1149 1393 exerci-
1199 1366 1203 1371 ·

67 1460 170 1510 tuum.
212 1448 255 1508 Et
275 1449 308 1506 iu
329 1443 411 1506 {iuer
440 1443 505 1505 Rea
525 1452 652 1527 maguus
679 1462 758 1527 ego,
786 1441 866 1502 dicit
885 1440 1038 1502 Domiuu's'
1060 1456 1148 1519 exeq-
1283 1500 1291 1515 ,

71 1560 211 1630 cituum,
233 1566 265 1614 et
286 1570 399 1613 nomeu
420 1570 521 1611 meum
542 1549 698 1612 horribile
719 1555 752 1610 iu
774 1546 927 1633 gentibus.
1007 1564 1012 1575 ·

159 1661 331 1721 Hierem.
353 1658 510 1720 xxxl1.=
544 1656 616 1718 Nou
649 1657 710 1719 erit
738 1655 798 1718 tibi
818 1652 947 1716 difficile
968 1664 1058 1715 omne
1078 1670 1151 1712 ver-

70 1768 158 1830 bum.
210 1767 274 1844 Qui
307 1766 383 1828 faeie
414 1764 657 1828 mberieordiam
681 1765 714 1824 in
734 1762 886 1841 ‚millibus
905 1772 938 1822 et
959 1759 1066 1822 reddis
1087 1760 1151 1820 ini-

76 1885 226 1956 quitatem
248 1872 373 1958 patru'm
402 1875 435 1934 in
470 1874 572 1935 sinum
592 1871 731 1934 filiorum
754 1891 865 1933 eorum
881 1848 1044 1953 poet‘eosz
1066 1867 1151 1930 For-

71 1983 204 2059 tissime,
233 2001 340 2064 magne
372 1991 404 2041 et
421 1991 556 2065 potens,
591 1980 745 2043 Dominus
765 1978 954 2039 exercituum
976 1997 1089 2039 nomeu
1106 1977 1150 2038 ti·

70 2086 133 2148 bi·
157 2087 286 2172 Magnus
307 2086 461 2164 oonsilio,
493 2099 525 2151 et
544 2084 877 2173 incompreheusibilis·
896 2087 1056 2173 cogitatu:
1089 2104 1150 2146 ou·

70 2195 123 2277 jus
147 2195 230 2257 oculi
253 2197 353 2279 aperti
375 2207 449 2257 sunt
470 2215 564 2280 super
585 2217 690 2259 omues
709 2197 774 2259 rius
795 2193 933 2258 filiorum
960 2190 1059 2255 Adam
1071 2238 1081 2272 ,
1110 2203 1147 2254 ut

71 2302 183 2364 reddas
204 2303 376 2384 unicuique
397 2300 565 2397 secuudum
581 2307 646 2365 rias
666 2323 750 2382 auus,
770 2315 802 2365 et
822 2302 993 2365 secuudum
1008 2300 1147 2362 fructum

72 2408 325 2469 adinventionum
347 2406 425 2486 ejus.
817 2450 820 2454 -

156 2510 257 2573 Psal.
277 2509 409 2571 XLVI.=
446 2511 603 2584 Quoniam
622 2512 777 2576 Dominus
802 2512 955 2591 excelsus,
981 2513 1160 2594 terribilis,‘

70 2621 136 2683 Rex
159 2638 286 2702 magnus
306 2622 401 2702 super
421 2638 542 2680 omnem
562 2629 686 2693 terram.
848 2600 851 2613 ¹

156 2722 300 2786 Mattb.
323 2722 383 2787 V.s
415 2723 521 2789 Nolite
542 2737 671 2813 putare,
702 2726 849 2811 quoniam
871 2725 942 2793 veni
962 2724 1082 2790 solvere
1102 2724 1150 2789 le-

72 2853 139 2918 gem
170 2843 225 2895 aut
250 2830 432 2917 propbetas.
490 2832 563 2896 Nou
596 2834 667 2895 reni
697 2833 841 2915 solvere,
877 2834 933 2898 sed
964 2834 1148 2921 adimplere.

70 2937 169 3001 Ameu
202 2942 320 3026 quippe
342 2939 416 3004 die'o
436 2939 549 3025 vobis,
582 2940 684 3004 donec
703 2951 840 3005 trauseat
867 2942 982 3005 caelum
999 2957 1030 3006 et
1051 2956 1146 3024 terra,

30 3125 35 3133 ι
69 3047 142 3131 jota
178 3069 289 3120 uuum,
322 3058 377 3110 aut
410 3068 492 3112 uuus
513 3071 589 3135 apex
609 3071 673 3113 uon
694 3030 880 3136 praeteribit
899 3072 917 3112 a
937 3051 1022 3138 lege,
1044 3050 1145 3114 doueo
1239 3109 1244 3121 ,

70 3156 174 3217 omnia
215 3153 300 3218 fiunt.
355 3154 420 3234 Qui
449 3177 524 3244 erqo
551 3157 680 3221 solverit
713 3181 811 3222 uuum
848 3138 887 3221 de
907 3159 1056 3221 mandatis
1077 3160 1145 3223 istis

69 3262 227 3342 minimis,
260 3275 291 3325 et
324 3260 469 3328 docuerit
496 3266 549 3328 sio·
565 3265 728 3346 homiues,
761 3267 904 3330 minimus
924 3264 1091 3330 vocabitur
1111 3269 1144 3328 iu

65 3363 168 3455 'reguo
193 3370 360 3433 caelorum.
403 3371 468 3451 Qui
488 3385 590 3437 autem
617 3373 728 3437 fecerit
748 3386 780 3438 et
803 3375 963 3453 docuerit,
985 3374 1037 3435 hio
1058 3394 1144 3459 mag-

68 3497 131 3538 nus
152 3476 317 3540 rooabitur
342 3478 378 3540 iu
404 3460 500 3564 reguo
522 3480 689 3544 caelorum.
730 3482 812 3544 Dioo
831 3483 913 3543 enim
933 3481 1045 3562 vobis,
1068 3482 1148 3569 quii.

66 3586 130 3646 uisi
162 3584 367 3648 abundaverit
394 3586 517 3668 justitia
551 3602 652 3651 restro
683 3587 755 3674 pius
780 3604 873 3675 quam
900 3588 1080 3652 Scribarum
1110 3601 1142 3651 et

66 3690 323 3788 Pharisaeorum,
342 3710 407 3756 uon
421 3691 577 3762 intrabitis
588 3697 620 3757 iu
633 3718 763 3781 reguum
780 3672 946 3759 caelorum.
989 3695 1141 3777 Audistis,-

67 3803 143 3884 quia
165 3802 283 3865 dictum
304 3814 351 3865 eet
369 3802 522 3887 antiquie:
540 3802 612 3866 Nou
632 3804 779 3876 oecides3
802 3806 855 3888 qui
869 3806 1139 3885 autemoooiderit,

69 3926 140 3970 reus
169 3912 231 3972 erit
262 3910 399 3994 judicio.
452 3909 522 3996 Ego
556 3925 657 3974 autem
688 3911 763 3976 dico
784 3911 875 3976 vobis
889 3914 913 3992 ‚'
933 3914 1004 3998 quia
1026 3917 1139 3992 omnis,

67 4017 123 4097 qui
144 4017 291 4079 irascitur
311 4018 404 4082 fratri
420 4039 499 4096 suo,
520 4040 590 4082 reus
617 4023 678 4084 erit
695 4021 827 4104 judicio.
871 4022 936 4100 Qui
963 4036 1065 4085 autem
1087 4022 1140 4084 di-

64 4125 145 4183 xerit
171 4123 262 4187 fratri
294 4146 369 4189 suo:
408 4125 534 4206 ΒΑΕΔ,
567 4148 637 4190 reus
673 4130 734 4192 erit
756 4129 920 4217 concilio.=
951 4131 1015 4209 Qui
1035 4143 1137 4193 autem

64 4228 198 4293 direrit:
219 4235 339 4314 Fatue,
361 4257 433 4300 reue
447 4237 508 4300 erit
528 4234 663 4322 gehenne
682 4230 771 4321 iguis.
788 4268 791 4273 ’
813 4237 847 4301 si
868 4260 944 4324 ergo
966 4239 1138 4302 offeremu-
