2768 4762
249 346 327 421 162
636 338 703 401 DE
743 336 837 409 SPE
879 338 943 401 ET
1000 364 1003 373 ·

247 529 384 590 emittam
405 526 515 591 tamem
539 526 571 587 in
597 534 738 593 terram
768 541 835 584 non
856 523 965 603 famem
988 524 1102 608 panis,
1124 543 1226 612 nequa
1247 531 1334 596 sitim

181 648 184 655 '
247 656 365 719 aquae,
387 626 622 719 redordiendi
643 627 925 723 verbumllomini.

329 763 463 827 Eccli.
482 761 577 849 xyst
604 755 731 851 Cibnbit
754 757 844 829 illum
866 778 953 842 <pane
979 761 1059 822 vitae
1085 765 1334 849 etl—intellectus,

246 885 278 933 et
297 892 382 954 aque
396 864 735 957 sapientiae'salutaris'
752 865 878 949 potabit
895 864 994 963 illum.

329 977 448 1040 Pron.
476 968 549 1037 lxi-L
569 962 701 1050 Venite,
726 970 879 1034 comedite
901 974 1013 1056 panem
1032 996 1155 1056 meum,
1176 991 1208 1043 et
1228 978 1331 1045 bibite

206 1082 217 1090 ”
244 1106 368 1162 unum,
391 1082 481 1167 quod
500 1082 611 1143 miscui
639 1076 739 1140 vobis.
839 1102 842 1107 ·

300 1230 306 1251 i
328 1192 364 1252 M
371 1187 475 1252 attb.
496 1170 633 1249 nvn:
647 1178 792 1261 'Hoe'est
810 1207 937 1271 ¹eorpus
952 1196 1071 1250 meum.'

330 1296 385 1358 Et
404 1315 502 1382 eap⁸¹
517 1295 596 1361 NL:
630 1293 912 1375 Panemlnostrum
932 1296 1261 1379 supersubstantialem
1285 1301 1325 1364 da

246 1402 339 1467 nobis
355 1401 464 1465 hodie.
679 1384 682 1391 Α
726 1484 729 1490 1
1133 1424 1179 1469 :.·

278 1497 281 1501 ’
329 1511 440 1573 Joan.
472 1508 546 1583 Vin
581 1507 697 1585 Panis,
731 1528 823 1592 quem
853 1531 912 1596 ego
939 1510 1043 1590 dabo,
1071 1534 1147 1579 earn
1171 1532 1240 1581 mea
1269 1528 1326 1595 est,

246 1624 307 1703 pro
334 1616 442 1678 mundi
473 1617 543 1678 rita.
1100 1641 1103 1645 ⁴

463 1787 1068 1935 }'”rarnus's
1137 1796 1153 1828 ⁶

95 2024 223 2114 saperen-
333 2019 363 2076 1.
404 2007 679 2072 HIERONYMUS
701 2012 734 2072 in
752 2025 784 2079 u.
805 2008 934 2071 naun:
964 2009 1061 2087 Quod
1083 2032 1141 2074 nos
1156 2009 1327 2095 supersub-

70 2079 123 2165 ζῖῗῗ
132 2074 419 2175 35¹¹f2'stanttalem
440 2097 669 2177 *expressimum
705 2098 739 2155 in
753 2114 879 2178 praeco
906 2091 1199 2173 habeturtm'ew,
1234 2096 1327 2176 quod

246 2176 378 2238 uerbum
392 2181 587 2263 septuaginta
599 2181 783 2262 interpretes
796 2175 934 2256 tigridem
951 2179 1197 2263 frequentissime
1219 2191 1326 2240 trans·

248 2261 363 2322 lerunt.
406 2262 676 2325 Consideravimus
693 2282 771 2347 ergo
787 2267 826 2323 in·
840 2248 1054 2341 Hebralo,'et
1075 2263 1259 2346 ubieunque
1284 2263 1326 2324 il-

245 2346 268 2406 li
299 2344 435 2429 ¹¹t¹⁰¹l'“,’
453 2359 688 2431 expresserunt,
723 2368 781 2409 nos
803 2349 974 2409 invenimus
995 2346 1206 2424 suman,
1236 2349 1326 2430 quod

154 2501 157 2508 1
243 2430 444 2513 Symmaehns
476 2422 614 2513 tiniensi,
655 2431 690 2491 id
722 2444 788 2509 est,
826 2434 932 2515 praeci
955 2454 1029 2493 num
1069 2432 1118 2494 vel
1149 2436 1322 2517 egregium,

242 2514 414 2601 transtulits
442 2515 516 2577 lieet
536 2518 569 2576 in
592 2514 730 2599 quodam
752 2515 824 2601 loco
847 2453 1004 2598 peculiare
1026 2520 1247 2602 interpretatus
1271 2520 1321 2580 sit.

245 2598 381 2676 Quando
402 2600 479 2685 ergo
501 2603 654 2687 petimus,
684 2612 725 2662 ut
745 2600 934 2689 peculiarem
962 2601 1010 2661 vel
1033 2602 1237 2685 praecipuum
1262 2622 1325 2662 no·

103 2682 126 2713 ³·
157 2697 165 2716 ⁶
244 2683 294 2744 bis
326 2686 410 2746 Dens
446 2683 567 2746 tribuat
587 2706 720 2768 panem,
763 2682 850 2745 illum
872 2687 1025 2768 petimus,
1055 2688 1111 2767 qui
1133 2687 1230 2746 dicit:
1253 2686 1325 2769 Ego

243 2790 312 2829 sum
332 2773 421 2854 panis
442 2770 628 2852 rivns„„qui
650 2770 689 2831 de
716 2768 803 2833 eaelo
826 2768 979 2831 descendi.
1022 2768 1192 2832 Possumus
1211 2791 1327 2853 snper-

242 2851 476 2914 substantialem
497 2874 608 2937 panem
630 2867 661 2914 et
682 2853 772 2915 aliter
796 2852 989 2938 intelligere:
1023 2856 1079 2938 qui
1100 2859 1196 2939 super
1216 2876 1323 2916 omues

244 2935 430 2999 substantias
451 2937 508 3010 sit,
534 2951 565 2998 et
582 2940 741 2998 universas
762 2951 889 3020 superet
910 2936 1075 2999 creaturas.
1104 2962 1119 2971 ··
1134 2962 1154 2971 ··

327 3035 356 3089 2.
400 3020 632 3083 CYPRIANUS
653 3024 686 3081 in
709 3042 798 3081 serm.
822 3022 861 3083 de
885 3036 964 3087 orat.
986 3020 1099 3084 Dum:
1121 3023 1245 3094 ¹Panem
1263 3045 1326 3086 no-

241 3119 341 3170 strum
374 3126 540 3182 vocamus,
575 3108 649 3188 quia
671 3105 869 3171 CHRISTUS
888 3121 996 3168 noster
1026 3108 1096 3190 (qui
1117 3130 1174 3169 eon
1199 3131 1233 3168 us
1253 3112 1322 3191 ejus

242 3190 465 3275 contingimus)
488 3191 577 3273 panis
598 3200 653 3251 est.
696 3190 788 3251 Hunc
809 3205 909 3251 autern
927 3214 1036 3274 panem
1051 3193 1118 3252 dari
1133 3130 1225 3253 nobis
1238 3215 1324 3275 quo-

240 3276 317 3336 tidie
339 3272 554 3359 postulamus,
577 3294 625 3351 ne,
655 3277 711 3355 qui
734 3276 766 3334 in
788 3275 966 3338 CHRISTO
990 3296 1110 3354 sumus,
1142 3288 1173 3337 et
1194 3277 1326 3338 Euebu-

241 3363 359 3421 ristiam
393 3359 540 3441 quotidie
570 3357 610 3419 ad
631 3358 737 3421 cibum
758 3359 865 3425 salutis
886 3363 1075 3445 accipimus,
1110 3362 1323 3424 intersedente

241 3443 349 3526 aliquo
371 3446 516 3527 graviore
535 3442 674 3521 delicto,
697 3444 771 3504 dum
794 3445 927 3507 abstenti
951 3458 982 3509 et
1001 3467 1065 3507 non
1087 3449 1322 3509 communicau-

240 3539 308 3606 tes,
343 3549 361 3589 a
382 3527 506 3589 caelesti
527 3546 608 3612 pane
628 3525 859 3611 prohibemur,
895 3550 913 3591 a
934 3529 1052 3592 Christi
1075 3552 1212 3615 corpore
1229 3550 1322 3613 sepa·

239 3633 360 3690 remur,
382 3613 452 3696 ipso
477 3611 677 3696 praedicante
699 3623 730 3671 et
750 3624 913 3674 monente:
937 3613 1006 3698 Ego
1028 3632 1095 3675 sum
1117 3615 1320 3700 partiturae,

239 3699 295 3779 qui
323 3696 361 3757 de
382 3696 470 3758 eaelo
492 3695 648 3759 descendi.
700 3695 731 3754 Si
753 3699 823 3777 quis
844 3699 946 3760 ederit
967 3698 1007 3759 de
1028 3720 1097 3762 meo
1118 3720 1214 3783 pane,
1236 3703 1323 3762 vives

238 3784 271 3840 in
301 3795 468 3844 aeternum.
517 3778 611 3841 Panis
645 3792 764 3856 autem,
804 3802 897 3866 quem
916 3805 933 3843 e
955 3805 974 3845 ο
999 3783 1133 3862 dedero,
1157 3806 1232 3847 caro
1253 3806 1324 3848 mea

239 3877 300 3939 est,
332 3887 393 3951 pro
415 3863 530 3935 saeculi
550 3865 622 3924 vita.
665 3863 803 3947 Quando
826 3888 901 3951 ergo
934 3805 1014 3929 licit
1036 3870 1068 3928 in
1091 3881 1252 3934 aeteruum
1273 3872 1325 3930 vi·

237 3971 333 4027 rere,
366 3952 392 4011 si
431 3948 500 4029 quis
521 3945 621 4009 ederit
640 3947 680 4009 de
702 3949 769 4033 ejus
791 3972 887 4035 pane,
924 3965 960 4013 nt
980 3954 1176 4016 manifestum
1198 3967 1245 4015 est
1265 3976 1323 4017 ens

236 4036 373 4107 rivere,'
399 4032 455 4113 qui
490 4051 607 4115 corpus
642 4035 711 4115 ejus
746 4038 921 4119 attingunt,
958 4049 990 4098 et
1011 4037 1227 4100 eucharistiam
1247 4040 1325 4121 jure

237 4116 524 4178 communicationis
558 4118 735 4202 accipiunt:
772 4122 815 4180 ita
836 4133 947 4184 eontra
968 4124 1140 4185 timendum
1163 4135 1261 4184 estet
1285 4147 1325 4185 u-

231 4203 385 4277 randum,
421 4221 483 4278 ne,
524 4199 598 4264 dum
630 4205 702 4287 quis
734 4200 895 4269 abstentus
928 4221 1093 4293 separatur
1114 4230 1133 4271 a
1153 4208 1324 4272 CHRISTI
