2752 4770
167 377 302 458 ,404
474 348 1040 437 oa'ruruc'arms

224 558 366 644 implume
399 540 515 642 impie,
544 566 647 618 morte
683 555 848 636 morieris,
887 575 951 618 nou
972 557 1069 621 lucris
1098 554 1247 639 locutus,
1268 573 1298 624 ut

224 690 259 731 se
290 666 441 728 custodiat
474 664 584 748 impius
613 683 630 724 a
655 663 703 723 via
732 664 910 748 suae'ipae
937 669 1048 749 impius
1075 670 1110 728 in
1136 670 1294 750 iniquitate

224 795 282 837 sua
304 777 471 848 morietur,
504 776 682 854 sanguinem
714 783 818 831 autern
833 773 904 854 ejus
921 773 974 834 'de
997 795 1090 836 manu
1106 788 1168 836 tua
1199 780 1294 860 requi-

225 904 300 944 ram.
345 882 497 942 Stantem
521 881 723 939 annunciante
742 892 773 939 te
799 878 841 941 ad
861 882 1013 963 impium,
1047 895 1084 943 ut
1110 905 1129 943 a
1151 887 1211 946 viis
1239 887 1293 947 sais

226 1003 443 1062 convertatur,
474 1007 536 1046 non
562 987 657 1047 fuerit
675 975 839 1046 conversus
865 1008 882 1047 a
905 990 953 1047 eia
973 1009 1047 1066 sua,
1087 993 1156 1073 ipse
1184 995 1217 1053 in
1244 996 1295 1054 iui-

226 1101 344 1181 quitatc
367 1117 422 1157 sua
440 1095 615 1154 morieturt'
630 1112 727 1176 porro
750 1107 785 1154 tu
807 1096 936 1156 animam
960 1108 1044 1157 tuam
1066 1096 1222 1160 liberasti.

310 1229 349 1288 11.
372 1227 467 1285 Tim.
502 1227 566 1289 lI.:
584 1197 716 1286 'Stultus
753 1238 853 1287 autem
875 1239 906 1286 et
932 1229 997 1286 sine
1019 1227 1191 1312 disciplina
1212 1250 1295 1313 quae-

225 1337 338 1398 stiones
370 1335 493 1395 devitat
524 1336 637 1410 sciens,
654 1336 733 1416 vquia
752 1338 896 1417 generant
921 1333 997 1393 lites.
1042 1335 1181 1396 Servum
1205 1351 1294 1399 autem

225 1444 350 1503 Domini
384 1462 447 1502 non
480 1453 604 1524 oportet
629 1441 766 1526 litigare:
800 1441 854 1501 sed
875 1436 1066 1501 mansuetum
1096 1464 1166 1504 esse
1181 1445 1220 1505 ad
1237 1466 1294 1506 om-

225 1571 296 1626 nes,
340 1548 505 1610 docibilem
521 1594 531 1626 ,
572 1553 751 1633 patientem,
794 1568 863 1608 cum
901 1549 1048 1610 modestia
1082 1556 1291 1635 corripientem

227 1679 294 1735 eos,
322 1659 375 1738 qui
396 1658 540 1729 resistunt
558 1659 694 1717 veritati:
715 1676 753 1716 ne
773 1655 895 1738 quando
913 1656 1021 1715 DEUS
1040 1657 1095 1718 det
1115 1659 1179 1719 illis
1200 1661 1290 1742 poeni·

225 1767 351 1824 tentiam
369 1764 408 1824 ad
427 1765 672 1849 cognoscendam
690 1766 854 1841 veritatem,
883 1773 912 1823 et
937 1765 1121 1846 resipiscant
1141 1787 1160 1826 a
1187 1764 1284 1828 diaboli

225 1871 365 1954 laqueis,
404 1893 422 1931 a
448 1893 512 1954 quo
539 1855 647 1956 captivi
675 1883 816 1931 tenentur
837 1871 876 1931 ad
899 1872 994 1953 ipsius
1014 1869 1219 1933 voluntatem.

313 2001 470 2062 Ibidem
504 2001 581 2062 lV.:
629 2002 777 2062 Praedica
803 2000 951 2076 verbum,
996 2005 1080 2061 insta
1113 2018 1284 2086 opportune,

228 2110 438 2190 importaret.
459 2128 571 2191 argue,
612 2108 755 2185 obsecra,
789 2112 915 2191 increpa
944 2111 976 2167 in
999 2114 1084 2169 omni
1100 2111 1284 2191 patientiaet

228 2215 377 2276 doctrina.
428 2215 498 2274 Erit
530 2217 609 2275 enim
640 2230 773 2300 tempus,
801 2236 870 2275 cum
898 2235 1000 2275 sanam
1031 2190 1194 2277 doctrinam
1224 2235 1281 2274 non

227 2322 438 2400 sustinebunt,
474 2324 527 2383 sed
556 2325 594 2383 ad
618 2345 672 2384 sua
697 2323 846 2384 desideria
875 2323 1106 2382 coacervabunt
1126 2321 1281 2404 sibimagi·

131 2498 137 2515 θ
226 2443 307 2490 stros
352 2434 526 2513 prurientes
566 2424 710 2508 auribus,
756 2446 786 2491 et
819 2433 986 2491 averitate
1017 2431 1147 2511 quidem
1163 2431 1285 2490 auditum

225 2551 378 2615 avertent,
412 2540 451 2598 ad
486 2539 606 2599 fabulas
632 2553 731 2599 autem
757 2549 981 2599 convertentur.
1026 2539 1079 2597 ‘l'u
1100 2560 1175 2599 vcro
1198 2535 1288 2621 vigila,

224 2647 255 2703 in
287 2646 427 2706 omnibus
464 2645 593 2722 labora,
636 2668 714 2729 opus
743 2646 791 2705 fac
831 2644 1061 2727 Evangelistae,
1094 2646 1297 2721 ministeriun,

221 2763 305 2811 tuum
344 2753 452 2835 imple,
481 2753 607 2813 sobrius
640 2768 712 2815 esto,

301 2860 378 2920 Tit.
414 2860 457 2918 l.:
506 2861 639 2942 Oportet
674 2862 864 2944 Episcopum
892 2863 957 2921 sine
998 2863 1130 2923 crimine
1157 2870 1284 2925 esseetc.

221 2960 449 3050 amplectentem
475 2989 565 3043 eum,
592 2973 646 3050 qui
677 2968 846 3029 secundum
878 2968 1049 3028 doctrinam
1075 2981 1140 3046 est,
1179 2967 1283 3028 lidelen

220 3096 408 3151 sermonem,
448 3087 484 3134 ut
512 3089 621 3158 potens
659 3079 699 3135 sit
726 3075 883 3135 exhortari
919 3079 949 3135 iu
981 3077 1124 3136 doctrina
1150 3098 1239 3149 sana,
1259 3082 1280 3129 el

220 3202 289 3258 eos,
323 3187 377 3264 qui
409 3185 639 3261 contradicunt,
671 3205 809 3268 arguere.
865 3183 947 3244 Sunt
967 3185 1043 3242 enim
1070 3184 1163 3245 multi
1189 3181 1278 3244 inobe-

219 3289 353 3362 dientes,
388 3290 564 3372 vaniloqui,
605 3304 634 3352 et
665 3293 866 3368 seductores,
895 3292 1046 3366 maxime,
1075 3293 1131 3370 qui
1179 3291 1275 3352 decir-

219 3398 404 3454 cumcisionc
418 3411 502 3456 sunt=
533 3419 612 3481 quos
637 3413 760 3483 oportet
780 3401 941 3481 redargui,
968 3399 1022 3477 qul
1048 3400 1212 3459 universas
1232 3394 1277 3455 dt·

218 3521 284 3558 mos
319 3502 521 3581 subvertunt,
552 3506 714 3584 docentes,
752 3528 831 3588 quae
855 3526 917 3566 non
947 3515 1092 3587 oportet,
1122 3500 1279 3589 turpisla·

219 3607 263 3663 ori
297 3611 402 3690 gratia.

302 3716 340 3774 II.
364 3717 473 3777 Petr.
509 3719 567 3779 lL:
602 3721 743 3781 Fuerunt
772 3741 847 3781 vero
874 3732 904 3781 et
934 3717 1277 3804 Pseudoprophcteeia
1305 3762 1308 3769 .

215 3821 357 3903 populo,
389 3827 470 3885 sicut
484 3837 514 3885 et
531 3829 562 3886 in
581 3826 668 3887 robis
689 3841 781 3889 erunt
798 3829 934 3911 magistri
955 3827 1140 3904 mendaces,
1166 3827 1219 3910 qui
1236 3822 1280 3899 lt·

214 3927 382 3988 troducent
406 3945 501 3993 sectas
528 3935 732 4017 perditionis,
762 3947 791 3995 et
808 3955 892 4017 eum,
923 3937 976 4016 qui
995 3936 1066 3993 emit
1083 3954 1156 4012 eos,
1182 3929 1282 3992 Domi·

214 4054 288 4093 num
308 4049 434 4119 negant,
464 4041 737 4124 superinducentes
760 4042 821 4103 sihi
840 4043 967 4104 celerem
991 4039 1207 4125 perditionem.
1247 4033 1284 4095 Et

214 4141 303 4202 multi
345 4158 514 4223 sequentur
547 4169 655 4224 eornm
678 4149 833 4229 luxuries,
872 4172 930 4233 per
959 4165 1041 4231 quos
1073 4150 1124 4210 via
1153 4144 1281 4208 veritatis

213 4246 629 4341 bhspbemabitm.2Et.m
646 4258 775 4321 avaritia
801 4254 883 4321 fictis
906 4254 1009 4320 verbis
1026 4255 1066 4319 dc
1081 4255 1174 4319 robis
1193 4272 1284 4338 aego-
