2768 4762
412 424 798 493 D'E‘CALOGO·
1011 432 1143 503 ’305

150 631 181 689 9.
223 615 280 676 ET
299 613 394 675 Serm.
418 627 447 680 2.
470 616 502 674 in
523 613 593 675 Nat.
616 611 663 680 Ss.
684 613 757 674 Mm.
780 611 887 674 Namr.
910 621 941 673 et
955 610 1053 673 Celsi:
1075 611 1139 671 Ex·

63 707 169 771 ultant
196 698 515 781 lelieessingulariim
548 697 675 758 urbium
700 697 832 781 populi,
867 699 893 757 si
915 694 1008 756 unius
1029 695 1135 757 saltem
1168 702 1289 790 napique„

65 789 208 866 martyris
229 785 368 867 reliquiis
391 786 577 842 muniantur.
620 784 702 843 Ecce
722 804 779 843 nos
799 781 935 866 populos
965 793 1132 857 martyrum
1144 765 1289 861 lll'lrl'llll.

64 873 282 961 possidemus,
308 867 450 929 Gaudeat
479 879 564 927 terra
593 880 700 928 nostra
729 868 835 926 nutrix
856 864 1030 927 caelestium
1050 858 1236 926 miti-'¹¹⁸‘···

64 975 151 1037 tum,
186 968 217 1017 et
236 966 391 1015 tantarum
416 972 527 1034 parens
550 951 705 1012 foecunda
724 954 884 1010 virtutum.
927 950 1053 1012 Beatum
1075 953 1136 1021 ita-¹

64 1067 125 1128 ‹yue
146 1041 309 1102 Nazarium
328 1048 491 1111 martyrem
513 1036 674 1096 CHRISTI
695 1046 802 1097 saneta
822 1033 1058 1098 mediolanensis
1073 1036 1136 1096 Ee-

65 1130 156 1190 elesia
180 1126 252 1185 lieet
278 1136 378 1183 totum
401 1140 536 1200 corpore
557 1141 658 1180 secum
681 1123 820 1194 retineat,
844 1131 875 1179 et
896 1118 1013 1180 mundo
1034 1134 1136 1182 tamen

62 1226 165 1275 totum
197 1211 228 1268 in
263 1206 479 1266 bencdictione
506 1207 681 1266 transmisit.
734 1205 817 1265 Haec
845 1214 892 1262 est
913 1204 992 1261 euim
1012 1218 1139 1267 saneto»

64 1319 133 1359 rum
165 1306 334 1367 martyrum
364 1289 484 1373 gloria,
525 1310 661 1370 quorum
689 1291 746 1349 etsi
767 1308 825 1370 per
851 1287 1026 1346 uuiversum
1047 1309 1138 1348 mun·

65 1383 140 1443 dum
155 1381 320 1439 seminetur
333 1377 373 1433 'in
396 1371 551 1433 cineribus
573 1375 698 1456 portio,
720 1383 822 1432 manet
842 1384 942 1430 tamen
964 1384 1083 1455 integra
1103 1376 1136 1434 in

62 1463 233 1526 virtutibus
255 1457 428 1543 plenitudo.
470 1456 512 1516 Et
532 1458 591 1517 sub
614 1455 718 1516 finem:
744 1458 830 1516 Licet
850 1455 903 1515 hie
926 1466 1029 1517 tantus
1044 1455 1137 1517 Chri·
1230 1464 1233 1471 '

64 1553 104 1611 sti
127 1549 212 1607 testis
233 1547 391 1628 pretiosus
413 1541 626 1617 consessione,
647 1543 816 1623 pretiosior
836 1544 1002 1623 sauguine,
1024 1541 1138 1602 crude·

63 1636 85 1695 li
108 1632 236 1691 vulnere
267 1630 455 1710 pretiosior,
487 1639 518 1686 et
539 1629 635 1687 tincta
664 1638 744 1685 veste
765 1624 951 1702 candidior,
990 1624 1062 1687 licet
1084 1623 1136 1687 hic

31 1696 43 1715 ⁸
61 1715 338 1779 Mediolanensium
368 1708 533 1791 peculiaris
559 1721 687 1794 putetur
716 1708 880 1792 privilegio
900 1708 1058 1794 sepulcri,
1081 1710 1135 1791 sed
1169 1724 1293 1785 ltprimum

62 1801 201 1861 omnium
237 1809 282 1858 est
307 1801 521 1856 communione
540 1794 687 1877 suffragii.
739 1792 848 1875 Neque
868 1795 948 1854 enim
969 1796 1058 1855 istius
1079 1779 1315 1877 ur·j'll}ll';,¹„'1⁸.'f;

65 1885 116 1944 bis
144 1883 253 1941 caritas
279 1878 403 1963 prollua
425 1890 456 1938 et
475 1875 552 1940 fides
585 1898 675 1940 avara
695 1889 814 1952 tantum
835 1876 910 1938 huic
928 1882 1056 1955 martyri
1079 1876 1280 1960 (ἰαὶ-ΜΨ*

65 1967 240 2046 rogaverit,
276 1965 349 2023 dum
381 1961 440 2022 sihi
472 1974 613 2048 arrogat,
642 1974 678 2022 ut
710 1960 811 2023 solum
833 1982 905 2045 erga
927 1965 1048 2024 moenia
1069 1985 1133 2042 sua,
1178 1984 1182 1999 ·

63 2050 230 2135 patrocinii
265 2047 350 2107 illius
380 2045 528 2108 beneficia
564 2046 698 2107 affutura
729 2066 794 2106 esse
829 2045 1006 2109 crediderit.
1061 2048 1148 2110 Non·

64 2134 220 2196 clauditur
248 2132 350 2208 locis,
391 2133 476 2212 quod
498 2130 685 2193 diffunditur
717 2132 843 2192 meritis.
887 2132 1040 2195 invocasti
1062 2133 1138 2195 ubi·

35 2264 38 2269 .
67 2240 126 2301 que
157 2229 345 2293 martyrem,
381 2216 500 2299 ubique
531 2230 563 2277 te
585 2215 709 2277 exaudit
730 2215 803 2293 ille,
826 2218 882 2300 qui
903 2217 1080 2279 honoratur
1102 2222 1136 2280 in

66 2315 207 2377 martyre.
262 2301 444 2360 Moderante
478 2305 581 2383 itaque
614 2321 673 2378 eo,
710 2301 765 2381 qui
786 2313 896 2383 pensat
914 2316 988 2363 sota
1007 2316 1083 2382 tua,
1104 2317 1136 2366 et

66 2387 223 2466 dispensat
242 2402 370 2443 munera
394 2402 458 2459 sua,
489 2386 660 2443 intantum
686 2386 785 2443 vicina
804 2389 976 2466 praesentia
998 2387 1133 2459 efficacis

62 2466 267 2552 praebebitur
288 2464 446 2538 advocati,
480 2468 683 2544 inquantum
707 2467 803 2528 fuerit
831 2466 907 2528 fides
932 2469 1043 2530 devota
1064 2493 1134 2531 sus·
1287 2533 1293 2544 ‚

65 2554 159 2634 cepti.
201 2551 242 2608 Et
259 2547 354 2630 paulo
374 2560 464 2631 post:
498 2549 696 2608 Honoremus
717 2549 824 2611 beatos
845 2565 994 2628 martyres
1013 2533 1311 2636 prinei-nfflsslll'lll..

63 2658 120 2720 pes
142 2634 232 2710 lidei,
256 2635 472 2693 intercessores
494 2632 626 2708 mundi,
661 2652 829 2715 praecones
842 2639 961 2719 regni,
984 2632 1304 2722 coluere-gyynty‘r·

62 2724 118 2782 des
139 2720 206 2778 Dei.
250 2715 346 2794 Quod
367 2719 394 2778 si
416 2719 500 2776 dieas
520 2715 618 2784 mihi,
641 2718 718 2798 quid
740 2715 878 2780 honoras
905 2743 935 2780 ru
958 2743 1049 2783 carne
1060 2724 1132 2810 jam
1143 2708 1231 2771 ³¹3¹&-

63 2804 201 2866 resoluta
232 2816 325 2885 atque
359 2815 565 2885 consumpta,
600 2800 638 2860 de
671 2822 732 2883 qua
766 2802 853 2865 nulla
883 2807 946 2887 jam
968 2808 1037 2868 Deo
1059 2830 1133 2871 eura

64 2889 130 2949 est?
166 2889 214 2960 ‚Et
229 2885 287 2946 ubi
307 2898 351 2946 est
372 2886 469 2964 illud,
494 2887 664 2963 carissimi,
699 2888 786 2969 quod
810 2889 874 2971 ipsa
893 2904 1004 2953 veritas
1029 2873 1285 2974 loqui-ffflllf’

64 2989 119 3035 tur
152 2993 207 3054 per
234 2970 439 3054 prophetam?
487 2971 630 3032 Pretiosa
654 2985 720 3049 est,
755 2974 876 3054 inquit,
910 2977 941 3033 in
968 2990 1137 3059 conspeetu

63 3057 192 3118 Domini
223 3077 306 3115 mors
340 3067 515 3118 sanctorum
548 3057 625 3137 ejus.
674 3055 716 3117 Et
751 3060 882 3117 iterum:
922 3059 1000 3120 Mihi
1036 3074 1136 3122 autem

64 3140 154 3201 valde
180 3136 411 3200 honorificandi
437 3154 510 3202 sunt
535 3142 625 3201 amici
649 3143 695 3201 tui
718 3141 811 3200 Deus.
854 3143 1019 3206 Houorare
1041 3144 1137 3206 debe-

62 3247 130 3288 mus
166 3244 270 3284 servos
297 3225 387 3302 DEI,
420 3238 538 3307 quanto
570 3227 664 3307 magis
686 3226 904 3290 amieosDeil
945 3230 993 3290 Dc
1020 3227 1312 3312 quibml’ffleffle

63 3311 129 3373 alio
160 3308 231 3369 loeo
265 3307 398 3369 dieitur:
432 3312 606 3386 Dominus,
640 3311 757 3390 inquit,
780 3311 919 3373 custodit
940 3335 1043 3375 omma
1068 3335 1136 3376 ossa
1327 3334 1330 3339 ·

65 3415 193 3470 eorum,
220 3405 250 3452 et
271 3412 366 3452 unum
388 3415 423 3453 ex
449 3394 497 3454 his
535 3415 599 3454 non
619 3406 807 3457 conteretur.
850 3398 983 3460 Honore
1006 3420 1080 3483 ergo
1103 3400 1136 3460 in

66 3500 160 3541 carne
188 3479 332 3551 martyris
366 3493 503 3562 exceptas
531 3499 593 3562 pro
622 3478 784 3540 CHRISTI
816 3483 940 3543 nomine
968 3486 1136 3559 cicatrices,

65 3565 193 3626 honoro
214 3563 343 3621 viventis
363 3566 538 3624 memoriam
557 3565 748 3645 perennitate
768 3567 908 3644 virtutis,
931 3566 1056 3631 honoro
1077 3588 1137 3713 per

64 3647 291 3711 confessionem
315 3649 441 3708 Domini
461 3659 597 3709 sacratos
619 3648 752 3724 cineres,
774 3648 900 3713 honoro
922 3655 954 3711 in
980 3655 1075 3713 cineri
1169 3635 1298 3682 V⁰⁶“¹¹¹⁰

1100 3675 1135 3715 us
1191 3691 1196 3701 ·
1231 3689 1236 3699 ·

67 3734 180 3793 semina
210 3735 419 3808 aeternitatis,
452 3731 577 3793 honoro
606 3753 744 3813 eorpus,
773 3735 859 3814 quod
878 3736 953 3796 mihi
969 3690 1312 3800 Dominumnumnuun.

67 3837 165 3877 meum
185 3817 321 3877 ostendit
344 3816 489 3899 diligere,
521 3815 606 3897 quod
630 3838 677 3876 me
699 3833 831 3900 propter
865 3820 1032 3883 Dominum
1051 3844 1136 3885 mor-

70 3912 131 3960 tem
155 3900 264 3961 docuit
288 3923 352 3961 non
379 3905 495 3961 timere.
546 3900 611 3959 Cur
636 3912 737 3960 autem
755 3924 817 3962 non
843 3902 1000 3967 honorent
1020 3928 1135 3992 eorpus

73 3983 151 4043 illud
180 3983 308 4062 fideles,
339 3984 425 4067 quod
451 3996 629 4045 reverentur
658 3997 689 4044 et
708 3984 896 4049 daemones?
929 3991 1016 4072 quod
1037 4006 1068 4054 et
1088 3992 1138 4053 as·
1222 3980 1226 3985 ⁵

73 4066 214 4130 llixerunt
235 4071 266 4128 in
287 4070 466 4154 supplicio,
489 4064 542 4130 std
561 4065 739 4153 glorificant
759 4073 790 4131 in
808 4074 961 4157 sepulcro.
1004 4077 1137 4140 Honoro

73 4155 187 4236 itaque·
208 4175 344 4235 corpus,
377 4154 464 4237 quod
489 4154 628 4214 Christus
653 4153 823 4220 honoravit
846 4161 878 4219 in
900 4159 1022 4244 gladio,
1050 4160 1138 4247 quod

72 4258 146 4299 eum
165 4237 342 4302 CHRISTO
356 4239 497 4325 regnabit
516 4240 549 4301 in
571 4237 667 4302 eaelo.

883 4298 933 4405 '20
