2768 4762
394 404 788 473 oncatoco.
1054 364 1169 513 aar*

57 616 125 660 ram
147 593 316 660 chordam
338 591 479 657 Observa
507 593 590 656 diem
608 591 755 668 sabbati,
778 608 841 653 non
861 587 1045 669 carnaliter,
1064 610 1131 653 nou

56 684 191 765 judaicis
213 681 352 756 deliciis,
376 681 430 761 qui
460 681 526 741 otio
549 678 723 740 abutuntur
744 676 783 736 ad
797 679 974 759 nequitiam.
1017 675 1129 736 Melius
1155 686 1234 763 lips·
1257 699 1305 750 np-

60 770 141 827 enim
174 768 280 847 ntique
313 770 381 824 tota
408 764 457 823 die
489 750 654 837 foderent,
688 782 779 844 qnam
811 774 879 822 tota
901 762 950 821 die
972 737 1309 830 saltarentlii'rilli‘r'i
1375 800 1378 806 ⁴

59 851 121 910 Sed
152 862 187 912 tu
217 851 360 932 cogitans
396 851 534 928 requiem
555 851 587 907 in
610 848 697 920 DEO
718 859 793 921 tuo,
829 857 860 906 et
879 858 1012 929 propter
1031 846 1128 927 ipsam
1141 835 1285 926 ffgfflm

58 937 196 1016 requiem
228 937 330 994 omnia
363 932 495 1008 faciens,
532 931 651 995 abstine
679 931 718 991 ab
745 950 841 1012 opere
862 931 975 991 servili.
1020 928 1294 991 omnimoda-ara

58 1023 158 1090 enim,
191 1021 244 1100 qui
268 1019 341 1077 facit
363 1030 540 1098 peccatum,
581 1038 686 1076 sertus
706 1027 751 1075 cst
771 1017 904 1097 peccati:
926 1027 1044 1074 utrnam
1068 1013 1130 1076 ho·
1165 1044 1172 1054 ·
1204 1075 1205 1079 ,

56 1106 169 1180 minis,
198 1114 234 1162 et
251 1122 314 1162 non
334 1103 462 1184 peccati.
504 1101 586 1160 llaec
607 1104 667 1161 tria
687 1100 845 1181 pertinent
873 1098 912 1158 ad
932 1098 1131 1161 dilectionem
1183 1138 1186 1145 ι

57 1188 156 1264 DEI,
198 1189 294 1268 cujus¹
318 1188 419 1268 cogita
453 1187 621 1263 unitatem,
661 1187 842 1260 veritatem,
880 1194 914 1242 et
931 1182 1129 1243 voluntatem.

58 1270 116 1332 Est
149 1273 228 1330 enim
254 1269 402 1351 quaedam
437 1269 578 1328 voluntas
600 1272 631 1328 in
655 1269 812 1342 Domino,
844 1263 899 1325 ubi
924 1285 1030 1325 verum
1052 1264 1132 1327 Sab-

57 1353 187 1430 batum,
209 1374 280 1413 vera
295 1356 426 1435 requies.
471 1354 559 1412 Unde
581 1353 713 1412 dicitur:
744 1336 907 1422 Deleetbce
929 1352 961 1409 in
982 1351 1130 1428 Domino,
1141 1348 1243 1398 “ss-³⁶¹
1259 1355 1282 1397 ⁸·

58 1452 91 1498 ct
112 1438 199 1497 dabit
219 1421 468 1521 tibi⁸petitiones
488 1437 593 1496 cordis
619 1439 674 1497 tui.
721 1437 901 1515 Quietenim
920 1436 965 1493 sic
989 1433 1146 1511 delectat‚.
1210 1454 1222 1463 ·’
1305 1504 1308 1509 .

58 1543 152 1604 quam
176 1521 246 1597 ille,
269 1526 323 1603 qui
347 1522 421 1581 iecit
438 1526 562 1596 omnia,
585 1541 664 1601 quae
686 1519 859 1580 delectanti
901 1517 939 1577 ln
959 1516 1008 1577 bis
1029 1516 1130 1577 tribus
1141 1536 1198 1576 ron.
1207 1533 1297 1582 ntae·

58 1609 170 1665 caritas
187 1606 267 1681 Dei,
293 1608 326 1665 in
344 1618 459 1687 septem
487 1605 553 1664 aliis
578 1606 688 1665 caritas
708 1605 856 1681 maximi,
893 1622 931 1660 ne
953 1601 1046 1662 facias
1068 1585 1311 1690 alibfiss'ffl‘ffi,
1367 1669 1370 1673 ¹

60 1689 148 1770 qnod
171 1693 235 1770 pati
257 1709 319 1748 non
342 1691 397 1748 vis.
450 1691 593 1749 Honores
618 1701 735 1772 patrem
757 1699 787 1747 et
813 1699 957 1763 matrem,
992 1689 1065 1768 quia
1086 1691 1131 1746 vis

18 1782 24 1801 ¹
58 1786 91 1831 te
119 1772 269 1831 honorari
294 1793 311 1833 a
332 1771 405 1833 filiis
425 1776 495 1834 tuis.
538 1773 609 1835 Non
632 1770 862 1833 moechaberis:
886 1790 959 1853 quta
981 1791 1134 1830 neemoe-

61 1855 148 1913 chari
181 1876 305 1916 uxorem
336 1869 419 1919 tuam
446 1871 518 1940 post
550 1870 581 1918 te
614 1859 667 1918 vis.
721 1856 792 1916 Non
824 1854 971 1917 occides:
1006 1856 1078 1936 quia
1102 1868 1134 1917 et
1224 1901 1226 1905 «

60 1939 161 1997 occidi
184 1960 246 1999 non
277 1943 331 2001 ais.
385 1941 455 2001 Non
477 1942 612 2001 surerrs:
651 1943 724 2022 quia
745 1941 870 1999 furtum
900 1941 965 2021 pati
989 1958 1054 2001 non
1077 1941 1132 2000 ris.

56 2021 129 2082 Non
165 2022 273 2083 falsum
301 2027 507 2085 testimonium
540 2025 639 2084 dicass
682 2027 756 2105 quia
782 2024 877 2085 odisti
910 2023 1075 2083 adversum
1100 2036 1132 2084 te

57 2106 167 2165 falsum
202 2109 411 2186 testimoninm
452 2107 613 2170 dicentem.
664 2111 735 2168 Non
768 2108 977 2189 concupisces
1006 2127 1132 2170 uxorem

80 2191 188 2249 roximi
219 2193 281 2251 tui:
319 2195 393 2273 quia
426 2204 456 2253 ot
483 2205 568 2253 tuam
603 2213 667 2254 non
698 2195 742 2253 ris
770 2192 809 2253 ab
840 2192 903 2253 alio
942 2194 1130 2275 concupisci.

56 2210 127 2333 lton
159 2278 358 2355 concupisces
394 2296 458 2335 rem
489 2275 624 2356 aliquam
655 2278 875 2358 proximitui:
899 2278 993 2356 quia,
1016 2279 1133 2358 siquis

57 2369 142 2416 tuam
163 2359 364 2435 concupiscit,
389 2357 533 2437 displicet
552 2358 620 2417 tibi.
664 2361 817 2421 Converte
839 2373 870 2420 et
890 2361 922 2417 in
944 2358 1132 2443 telingetum,

59 2439 191 2520 quando
223 2438 281 2496 tibi
314 2439 478 2518 displicet,
512 2442 568 2519 qui
589 2441 648 2500 nbi
670 2455 771 2502 nocet.
815 2443 898 2501 Haec
919 2444 1022 2502 omnia
1042 2464 1136 2524 prae-

60 2535 151 2603 cepta
170 2522 227 2579 Dei
248 2532 329 2592 suut,
351 2525 498 2605 sapientia
522 2521 656 2583 donante
669 2524 740 2585 data
753 2537 837 2602 sunt,
859 2524 991 2604 desuper
1012 2537 1132 2587 sonant.

55 2608 162 2687 Tange
177 2604 376 2687 psalterium,
407 2604 499 2687 imple
521 2603 640 2686 legem,
663 2628 754 2688 quam
779 2608 930 2667 Dominus
952 2607 1036 2667 Dcus
1058 2621 1129 2669 tuus

54 2711 121 2749 non
143 2690 226 2748 venit
247 2690 382 2767 solvere,
425 2687 480 2750 sed
501 2687 678 2773 adimplere.
732 2690 879 2774 Implebis
906 2691 986 2751 enim
1015 2702 1293 2770 emeremni-nn.

54 2771 144 2856 quod
168 2775 279 2835 timore
300 2795 364 2838 uon
388 2785 523 2860 poterae.

538 2995 643 3079 Xlll.

53 3202 169 3312 Quid
213 3200 410 3319 proponit
456 3222 499 3287 et
546 3204 722 3319 injungit
767 3222 971 3321 quartum
1010 3234 1126 3323 prae·

493 3349 693 3460 ceptum?
753 3375 754 3379 ¹

92 3615 98 3625 ι
151 3527 196 3599 A.
246 3527 441 3601 Ducentur
474 3531 537 3604 hic
575 3528 660 3609 lilii,
714 3529 806 3629 quid
843 3529 921 3604 suis
961 3528 1302 3642 debeflsslgfflglffi

45 3650 291 3751 parentibus,
343 3667 502 3752 'quorum
531 3672 568 3729 et
597 3680 670 3756 ope
689 3654 728 3727 in
753 3656 849 3729 banc
877 3654 1000 3728 lucem
1019 3654 1120 3741 editi,
1133 3646 1304 3741 lilith&

302 3776 311 3795 ο
425 3779 433 3794 .
781 3779 789 3796 ,
1132 3752 1218 3792 6-18·
1232 3744 1302 3788 erov.
1349 3740 1358 3749 ’

49 3789 89 3843 et
119 3773 248 3845 labore
285 3775 493 3850 liberaliter
531 3796 617 3850 sunt
645 3778 801 3850 educati.
865 3780 1056 3852 Docentur
1085 3800 1121 3853 et
1131 3794 1301 3890 {3332322212-

49 3894 237 3974 ¹subditi,
283 3924 390 3971 suum
432 3900 577 3973 deferre
614 3898 776 3972 olficium
810 3900 1039 3995 majoribus,
1082 3894 1311 3988 idi'il'i’tsfisl

1131 3997 1154 4032 ll
1170 3991 1213 4029 Tit.
1222 3997 1242 4034 b,
1253 3997 1271 4031 i·
1278 3997 1300 4035 b·

49 4034 129 4106 0⁸&
167 4020 361 4107 omuibus,
396 4025 460 4121 qui
495 4023 673 4122 dignitate
700 4039 737 4093 ct
752 4038 937 4121 potestate
960 4024 1118 4122 quadam
1129 4046 1202 4132 issi⁰ss
1207 4045 1230 4130 ιιιΙ
1239 4037 1302 4132 {sq

45 4141 128 4214 sive
146 4142 184 4214 in
200 4145 392 4243 politicis,
423 4147 499 4219 sire
533 4148 571 4218 in
597 4145 873 4242 Ecclesiasticis
895 4135 1310 4285 magistrati-mit&

41 4263 119 4341 bue
148 4267 323 4367 gerendis
340 4270 582 4370 praecellunt
700 4340 704 4345 ,
752 4270 757 4280 “
1126 4282 1304 4381 ἓξοὲζιιι,
