<?xml version="1.0" encoding="UTF-8"?>
<!DOCTYPE html PUBLIC "-//W3C//DTD XHTML 1.0 Transitional//EN"
    "http://www.w3.org/TR/xhtml1/DTD/xhtml1-transitional.dtd">
<html xmlns="http://www.w3.org/1999/xhtml" xml:lang="en" lang="en">
 <head>
  <title>
</title>
<meta http-equiv="Content-Type" content="text/html;charset=utf-8" />
  <meta name='ocr-system' content='tesseract 3.04.00' />
  <meta name='ocr-capabilities' content='ocr_page ocr_carea ocr_par ocr_line ocrx_word'/>
</head>
<body>
  <div class='ocr_page' id='page_1' title='image "./summadoctrinaec00kanigoog_0542.png"; bbox 0 0 2768 4762; ppageno 0'>
   <div class='ocr_carea' id='block_1_1' title="bbox 392 396 1123 480">
    <p class='ocr_par' dir='ltr' id='par_1_1' title="bbox 392 396 1123 480">
     <span class='ocr_line' id='line_1_1' title="bbox 392 396 1123 480; baseline 0.018 -13"><span class='ocrx_word' id='word_1_1' title='bbox 392 396 796 468; x_wconf 68' lang='lat' dir='ltr'>RGCLESM&#39;R</span> <span class='ocrx_word' id='word_1_2' title='bbox 1044 410 1123 480; x_wconf 77' lang='lat'><strong>401</strong></span> 
     </span>
    </p>
   </div>
   <div class='ocr_carea' id='block_1_2' title="bbox 52 587 1306 2188">
    <p class='ocr_par' dir='ltr' id='par_1_2' title="bbox 52 587 1306 1771">
     <span class='ocr_line' id='line_1_2' title="bbox 54 587 1126 681; baseline -0.007 -24"><span class='ocrx_word' id='word_1_3' title='bbox 54 599 131 681; x_wconf 86' lang='lat' dir='ltr'><strong>quia</strong></span> <span class='ocrx_word' id='word_1_4' title='bbox 154 616 217 656; x_wconf 91' lang='lat' dir='ltr'><strong>non</strong></span> <span class='ocrx_word' id='word_1_5' title='bbox 239 592 351 654; x_wconf 84' lang='lat' dir='ltr'><strong>habent</strong></span> <span class='ocrx_word' id='word_1_6' title='bbox 369 591 520 674; x_wconf 87' lang='lat' dir='ltr'><strong>Spiritum</strong></span> <span class='ocrx_word' id='word_1_7' title='bbox 533 604 695 669; x_wconf 85' lang='lat' dir='ltr'><strong>sanetum,</strong></span> <span class='ocrx_word' id='word_1_8' title='bbox 714 592 781 651; x_wconf 83' lang='lat' dir='ltr'><strong>sine</strong></span> <span class='ocrx_word' id='word_1_9' title='bbox 804 610 869 673; x_wconf 90' lang='lat' dir='ltr'><strong>quo</strong></span> <span class='ocrx_word' id='word_1_10' title='bbox 894 587 1061 650; x_wconf 83' lang='lat' dir='ltr'><strong>humanum</strong></span> <span class='ocrx_word' id='word_1_11' title='bbox 1089 588 1126 650; x_wconf 87' lang='lat' dir='ltr'><strong>fit</strong></span> 
     </span>
     <span class='ocr_line' id='line_1_3' title="bbox 55 674 1170 764; baseline -0.009 -23"><span class='ocrx_word' id='word_1_12' title='bbox 55 681 269 764; x_wconf 75' lang='lat' dir='ltr'><strong>Evangelium,</strong></span> <span class='ocrx_word' id='word_1_13' title='bbox 299 677 384 760; x_wconf 92' lang='lat' dir='ltr'><strong>quod</strong></span> <span class='ocrx_word' id='word_1_14' title='bbox 406 677 543 736; x_wconf 82' lang='lat' dir='ltr'><strong>docetur.</strong></span> <span class='ocrx_word' id='word_1_15' title='bbox 566 677 629 737; x_wconf 91' lang='lat' dir='ltr'><strong>Nec</strong></span> <span class='ocrx_word' id='word_1_16' title='bbox 649 690 790 760; x_wconf 87' lang='lat' dir='ltr'><strong>putemus</strong></span> <span class='ocrx_word' id='word_1_17' title='bbox 812 677 844 734; x_wconf 90' lang='lat' dir='ltr'><strong>in</strong></span> <span class='ocrx_word' id='word_1_18' title='bbox 864 674 964 735; x_wconf 87' lang='lat' dir='ltr'><strong>verbis</strong></span> <span class='ocrx_word' id='word_1_19' title='bbox 989 678 1126 756; x_wconf 86' lang='lat' dir='ltr'><strong>scriptu·</strong></span> <span class='ocrx_word' id='word_1_20' title='bbox 1167 712 1170 717; x_wconf 91' lang='lat'><em>·</em></span> 
     </span>
     <span class='ocr_line' id='line_1_4' title="bbox 54 750 1302 843; baseline -0.007 -18"><span class='ocrx_word' id='word_1_21' title='bbox 54 787 159 825; x_wconf 88' lang='lat' dir='ltr'><strong>rarum</strong></span> <span class='ocrx_word' id='word_1_22' title='bbox 189 783 251 822; x_wconf 87' lang='lat' dir='ltr'><strong>esse</strong></span> <span class='ocrx_word' id='word_1_23' title='bbox 274 758 495 843; x_wconf 83' lang='lat' dir='ltr'><strong>Evangelium,</strong></span> <span class='ocrx_word' id='word_1_24' title='bbox 534 762 587 822; x_wconf 90' lang='lat' dir='ltr'><strong>sed</strong></span> <span class='ocrx_word' id='word_1_25' title='bbox 606 765 637 822; x_wconf 89' lang='lat' dir='ltr'><strong>in</strong></span> <span class='ocrx_word' id='word_1_26' title='bbox 655 781 762 821; x_wconf 73' lang='lat' dir='ltr'><strong>sensus</strong></span> <span class='ocrx_word' id='word_1_27' title='bbox 795 760 866 820; x_wconf 90' lang='lat' dir='ltr'><strong>Non</strong></span> <span class='ocrx_word' id='word_1_28' title='bbox 895 762 927 818; x_wconf 91' lang='lat' dir='ltr'><strong>in</strong></span> <span class='ocrx_word' id='word_1_29' title='bbox 949 758 1123 840; x_wconf 76' lang='lat' dir='ltr'><strong>superlicio,</strong></span> <span class='ocrx_word' id='word_1_30' title='bbox 1150 750 1302 836; x_wconf 58' lang='lat' dir='ltr'><strong>trasgarius</strong></span> 
     </span>
     <span class='ocr_line' id='line_1_5' title="bbox 54 832 1306 927; baseline -0.006 -19"><span class='ocrx_word' id='word_1_31' title='bbox 54 849 111 908; x_wconf 88' lang='lat' dir='ltr'><strong>sed</strong></span> <span class='ocrx_word' id='word_1_32' title='bbox 141 850 172 906; x_wconf 90' lang='lat' dir='ltr'><strong>in</strong></span> <span class='ocrx_word' id='word_1_33' title='bbox 198 846 354 905; x_wconf 70' lang='lat' dir='ltr'><strong>medullae</strong></span> <span class='ocrx_word' id='word_1_34' title='bbox 384 844 452 903; x_wconf 88' lang='lat' dir='ltr'><strong>Non</strong></span> <span class='ocrx_word' id='word_1_35' title='bbox 486 849 517 906; x_wconf 92' lang='lat' dir='ltr'><strong>in</strong></span> <span class='ocrx_word' id='word_1_36' title='bbox 547 866 720 907; x_wconf 85' lang='lat' dir='ltr'><strong>sermonum</strong></span> <span class='ocrx_word' id='word_1_37' title='bbox 755 844 855 922; x_wconf 81' lang='lat' dir='ltr'><strong>soliis,</strong></span> <span class='ocrx_word' id='word_1_38' title='bbox 883 843 937 904; x_wconf 90' lang='lat' dir='ltr'><strong>sed</strong></span> <span class='ocrx_word' id='word_1_39' title='bbox 962 845 993 902; x_wconf 93' lang='lat' dir='ltr'><strong>iu</strong></span> <span class='ocrx_word' id='word_1_40' title='bbox 1020 832 1306 927; x_wconf 50' lang='lat' dir='ltr'><strong>1·a‹liceiili,;:⁸l„,¹5„‚</strong></span> 
     </span>
     <span class='ocr_line' id='line_1_6' title="bbox 53 924 1306 1012; baseline -0.006 -20"><span class='ocrx_word' id='word_1_41' title='bbox 53 933 190 992; x_wconf 83' lang='lat' dir='ltr'><strong>rationis.</strong></span> <span class='ocrx_word' id='word_1_42' title='bbox 234 932 358 989; x_wconf 86' lang='lat' dir='ltr'><strong>Dicitur</strong></span> <span class='ocrx_word' id='word_1_43' title='bbox 379 931 409 986; x_wconf 93' lang='lat' dir='ltr'><strong>iu</strong></span> <span class='ocrx_word' id='word_1_44' title='bbox 427 929 578 1012; x_wconf 87' lang='lat' dir='ltr'><strong>propheta</strong></span> <span class='ocrx_word' id='word_1_45' title='bbox 604 930 643 991; x_wconf 89' lang='lat' dir='ltr'><strong>de</strong></span> <span class='ocrx_word' id='word_1_46' title='bbox 666 931 754 990; x_wconf 85' lang='lat' dir='ltr'><strong>Deo:</strong></span> <span class='ocrx_word' id='word_1_47' title='bbox 782 928 938 989; x_wconf 79' lang='lat' dir='ltr'><strong>Sermones</strong></span> <span class='ocrx_word' id='word_1_48' title='bbox 961 929 1030 1008; x_wconf 85' lang='lat' dir='ltr'><strong>ejus</strong></span> <span class='ocrx_word' id='word_1_49' title='bbox 1048 924 1247 1012; x_wconf 58' lang='lat' dir='ltr'><strong>boniiffi&#39;ssj</strong></span> <span class='ocrx_word' id='word_1_50' title='bbox 1264 924 1306 965; x_wconf 62' lang='lat' dir='ltr'><strong>“l</strong></span> 
     </span>
     <span class='ocr_line' id='line_1_7' title="bbox 53 1012 1303 1097; baseline -0.004 -21"><span class='ocrx_word' id='word_1_51' title='bbox 53 1029 128 1076; x_wconf 87' lang='lat' dir='ltr'><strong>suot</strong></span> <span class='ocrx_word' id='word_1_52' title='bbox 164 1036 234 1075; x_wconf 90' lang='lat' dir='ltr'><strong>eum</strong></span> <span class='ocrx_word' id='word_1_53' title='bbox 271 1035 335 1074; x_wconf 91' lang='lat' dir='ltr'><strong>co.·</strong></span> <span class='ocrx_word' id='word_1_54' title='bbox 360 1012 446 1072; x_wconf 87' lang='lat' dir='ltr'><strong>Tunc</strong></span> <span class='ocrx_word' id='word_1_55' title='bbox 466 1017 620 1097; x_wconf 87' lang='lat' dir='ltr'><strong>scriptura</strong></span> <span class='ocrx_word' id='word_1_56' title='bbox 652 1014 734 1074; x_wconf 87' lang='lat' dir='ltr'><strong>utilis</strong></span> <span class='ocrx_word' id='word_1_57' title='bbox 754 1025 799 1072; x_wconf 89' lang='lat' dir='ltr'><strong>est</strong></span> <span class='ocrx_word' id='word_1_58' title='bbox 817 1013 1028 1088; x_wconf 81' lang='lat' dir='ltr'>audientibus,</span> <span class='ocrx_word' id='word_1_59' title='bbox 1055 1033 1123 1072; x_wconf 89' lang='lat' dir='ltr'><strong>eum</strong></span> <span class='ocrx_word' id='word_1_60' title='bbox 1135 1017 1266 1071; x_wconf 61' lang='lat' dir='ltr'><strong>nietam,</strong></span> <span class='ocrx_word' id='word_1_61' title='bbox 1283 1031 1303 1068; x_wconf 78' lang='lat' dir='ltr'><strong>a·</strong></span> 
     </span>
     <span class='ocr_line' id='line_1_8' title="bbox 52 1096 1125 1182; baseline -0.005 -21"><span class='ocrx_word' id='word_1_62' title='bbox 52 1100 172 1182; x_wconf 78' lang='lat' dir='ltr'>absque</span> <span class='ocrx_word' id='word_1_63' title='bbox 193 1097 368 1159; x_wconf 85' lang='lat' dir='ltr'>CHRISTO</span> <span class='ocrx_word' id='word_1_64' title='bbox 390 1118 453 1156; x_wconf 93' lang='lat' dir='ltr'><strong>non</strong></span> <span class='ocrx_word' id='word_1_65' title='bbox 473 1099 603 1175; x_wconf 87' lang='lat' dir='ltr'><strong>dieitur,</strong></span> <span class='ocrx_word' id='word_1_66' title='bbox 625 1120 695 1159; x_wconf 89' lang='lat' dir='ltr'><strong>cum</strong></span> <span class='ocrx_word' id='word_1_67' title='bbox 720 1096 836 1178; x_wconf 86' lang='lat' dir='ltr'><strong>absque</strong></span> <span class='ocrx_word' id='word_1_68' title='bbox 857 1096 949 1155; x_wconf 89' lang='lat' dir='ltr'><strong>Patre</strong></span> <span class='ocrx_word' id='word_1_69' title='bbox 967 1117 1029 1171; x_wconf 90' lang='lat' dir='ltr'><strong>non</strong></span> <span class='ocrx_word' id='word_1_70' title='bbox 1046 1118 1125 1180; x_wconf 93' lang='lat' dir='ltr'><strong>pro·</strong></span> 
     </span>
     <span class='ocr_line' id='line_1_9' title="bbox 52 1180 1125 1263; baseline -0.003 -18"><span class='ocrx_word' id='word_1_71' title='bbox 52 1184 173 1260; x_wconf 75' lang='lat' dir='ltr'><strong>fertur,</strong></span> <span class='ocrx_word' id='word_1_72' title='bbox 204 1204 271 1242; x_wconf 90' lang='lat' dir='ltr'><strong>cum</strong></span> <span class='ocrx_word' id='word_1_73' title='bbox 291 1184 355 1241; x_wconf 87' lang='lat' dir='ltr'><strong>sine</strong></span> <span class='ocrx_word' id='word_1_74' title='bbox 375 1181 494 1263; x_wconf 76' lang='lat' dir='ltr'>Spiritu</span> <span class='ocrx_word' id='word_1_75' title='bbox 511 1203 572 1243; x_wconf 92' lang='lat' dir='ltr'><strong>non</strong></span> <span class='ocrx_word' id='word_1_76' title='bbox 591 1204 655 1244; x_wconf 88' lang='lat' dir='ltr'><strong>eam</strong></span> <span class='ocrx_word' id='word_1_77' title='bbox 675 1184 809 1242; x_wconf 83' lang='lat' dir='ltr'><strong>insinuat</strong></span> <span class='ocrx_word' id='word_1_78' title='bbox 833 1180 901 1256; x_wconf 88' lang='lat' dir='ltr'><strong>ille,</strong></span> <span class='ocrx_word' id='word_1_79' title='bbox 923 1182 977 1260; x_wconf 93' lang='lat' dir='ltr'><strong>qui</strong></span> <span class='ocrx_word' id='word_1_80' title='bbox 995 1183 1125 1262; x_wconf 85' lang='lat' dir='ltr'><strong>praedi·</strong></span> 
     </span>
     <span class='ocr_line' id='line_1_10' title="bbox 53 1265 1301 1349; baseline -0.002 -21"><span class='ocrx_word' id='word_1_81' title='bbox 53 1280 113 1328; x_wconf 79' lang='lat' dir='ltr'><strong>cat.</strong></span> <span class='ocrx_word' id='word_1_82' title='bbox 157 1267 304 1346; x_wconf 84' lang='lat' dir='ltr'><strong>Alioquin</strong></span> <span class='ocrx_word' id='word_1_83' title='bbox 336 1278 366 1326; x_wconf 90' lang='lat' dir='ltr'><strong>et</strong></span> <span class='ocrx_word' id='word_1_84' title='bbox 386 1265 547 1341; x_wconf 89' lang='lat' dir='ltr'><strong>diabolus,</strong></span> <span class='ocrx_word' id='word_1_85' title='bbox 573 1271 625 1349; x_wconf 93' lang='lat' dir='ltr'><strong>qui</strong></span> <span class='ocrx_word' id='word_1_86' title='bbox 650 1266 792 1348; x_wconf 88' lang='lat' dir='ltr'><strong>loquitur</strong></span> <span class='ocrx_word' id='word_1_87' title='bbox 817 1265 855 1325; x_wconf 88' lang='lat' dir='ltr'><strong>de</strong></span> <span class='ocrx_word' id='word_1_88' title='bbox 882 1266 1062 1345; x_wconf 88' lang='lat' dir='ltr'><strong>scripturis,</strong></span> <span class='ocrx_word' id='word_1_89' title='bbox 1094 1277 1125 1324; x_wconf 93' lang='lat' dir='ltr'><strong>et</strong></span> <span class='ocrx_word' id='word_1_90' title='bbox 1136 1283 1258 1348; x_wconf 58' lang='lat' dir='ltr'><strong>statuo„</strong></span> <span class='ocrx_word' id='word_1_91' title='bbox 1269 1299 1301 1337; x_wconf 70' lang='lat'><strong>19,</strong></span> 
     </span>
     <span class='ocr_line' id='line_1_11' title="bbox 54 1332 1306 1429; baseline -0.004 -18"><span class='ocrx_word' id='word_1_92' title='bbox 54 1372 159 1412; x_wconf 86' lang='lat' dir='ltr'><strong>ornnes</strong></span> <span class='ocrx_word' id='word_1_93' title='bbox 186 1350 325 1411; x_wconf 88' lang='lat' dir='ltr'><strong>haereses</strong></span> <span class='ocrx_word' id='word_1_94' title='bbox 351 1351 517 1410; x_wconf 90' lang='lat' dir='ltr'><strong>secundum</strong></span> <span class='ocrx_word' id='word_1_95' title='bbox 537 1351 674 1412; x_wconf 81' lang='lat' dir='ltr'><strong>Ezechiel</strong></span> <span class='ocrx_word' id='word_1_96' title='bbox 700 1351 771 1410; x_wconf 88' lang='lat' dir='ltr'><strong>inde</strong></span> <span class='ocrx_word' id='word_1_97' title='bbox 796 1349 854 1411; x_wconf 88' lang='lat' dir='ltr'><strong>sibi</strong></span> <span class='ocrx_word' id='word_1_98' title='bbox 879 1361 1031 1407; x_wconf 85' lang='lat' dir='ltr'><strong>consuunt</strong></span> <span class='ocrx_word' id='word_1_99' title='bbox 1055 1332 1306 1429; x_wconf 44' lang='lat' dir='ltr'><strong>eer-{ssflsstllfffl&#39;w</strong></span> 
     </span>
     <span class='ocr_line' id='line_1_12' title="bbox 54 1432 1304 1526; baseline -0.004 -31"><span class='ocrx_word' id='word_1_100' title='bbox 54 1436 185 1511; x_wconf 70' lang='lat' dir='ltr'><strong>riculis,</strong></span> <span class='ocrx_word' id='word_1_101' title='bbox 210 1447 416 1517; x_wconf 87' lang='lat' dir='ltr'><strong>quaeponant</strong></span> <span class='ocrx_word' id='word_1_102' title='bbox 433 1434 491 1492; x_wconf 91' lang='lat' dir='ltr'><strong>sub</strong></span> <span class='ocrx_word' id='word_1_103' title='bbox 513 1433 620 1495; x_wconf 91' lang='lat' dir='ltr'><strong>cubito</strong></span> <span class='ocrx_word' id='word_1_104' title='bbox 646 1437 803 1495; x_wconf 80' lang='lat' dir='ltr'><strong>universae</strong></span> <span class='ocrx_word' id='word_1_105' title='bbox 828 1432 941 1494; x_wconf 86' lang='lat' dir='ltr'><strong>aetatis.</strong></span> <span class='ocrx_word' id='word_1_106' title='bbox 985 1433 1027 1490; x_wconf 88' lang='lat' dir='ltr'><strong>Et</strong></span> <span class='ocrx_word' id='word_1_107' title='bbox 1053 1445 1124 1514; x_wconf 92' lang='lat' dir='ltr'><strong>post</strong></span> <span class='ocrx_word' id='word_1_108' title='bbox 1135 1479 1183 1519; x_wconf 76' lang='lat' dir='ltr'><strong>sou</strong></span> <span class='ocrx_word' id='word_1_109' title='bbox 1227 1486 1304 1526; x_wconf 59' lang='lat' dir='ltr'><strong>mdo</strong></span> 
     </span>
     <span class='ocr_line' id='line_1_13' title="bbox 53 1498 1304 1615; baseline -0.005 -36"><span class='ocrx_word' id='word_1_110' title='bbox 53 1540 172 1605; x_wconf 91' lang='lat' dir='ltr'><strong>pauca:</strong></span> <span class='ocrx_word' id='word_1_111' title='bbox 203 1520 328 1579; x_wconf 78' lang='lat' dir='ltr'><strong>Grande</strong></span> <span class='ocrx_word' id='word_1_112' title='bbox 362 1520 532 1603; x_wconf 85' lang='lat' dir='ltr'><strong>periculum</strong></span> <span class='ocrx_word' id='word_1_113' title='bbox 568 1533 613 1580; x_wconf 88' lang='lat' dir='ltr'><strong>est</strong></span> <span class='ocrx_word' id='word_1_114' title='bbox 630 1522 661 1579; x_wconf 89' lang='lat' dir='ltr'><strong>in</strong></span> <span class='ocrx_word' id='word_1_115' title='bbox 684 1520 820 1580; x_wconf 82' lang='lat' dir='ltr'><strong>Ecclesia</strong></span> <span class='ocrx_word' id='word_1_116' title='bbox 845 1518 953 1598; x_wconf 90' lang='lat' dir='ltr'><strong>loqui,</strong></span> <span class='ocrx_word' id='word_1_117' title='bbox 978 1538 1017 1575; x_wconf 90' lang='lat' dir='ltr'><strong>ne</strong></span> <span class='ocrx_word' id='word_1_118' title='bbox 1041 1498 1304 1615; x_wconf 55' lang='lat' dir='ltr'><strong>lorteexpiqluaeu</strong></span> 
     </span>
     <span class='ocr_line' id='line_1_14' title="bbox 58 1589 1291 1688; baseline 0.005 -25"><span class='ocrx_word' id='word_1_119' title='bbox 58 1607 311 1684; x_wconf 80' lang='lat' dir='ltr'><strong>interpretatione</strong></span> <span class='ocrx_word' id='word_1_120' title='bbox 345 1625 505 1687; x_wconf 83' lang='lat' dir='ltr'><strong>perversa,</strong></span> <span class='ocrx_word' id='word_1_121' title='bbox 539 1604 577 1664; x_wconf 90' lang='lat' dir='ltr'><strong>de</strong></span> <span class='ocrx_word' id='word_1_122' title='bbox 605 1605 771 1688; x_wconf 75' lang='lat' dir='ltr'><strong>Evangelio</strong></span> <span class='ocrx_word' id='word_1_123' title='bbox 791 1604 970 1678; x_wconf 80' lang='lat' dir='ltr'>CHRISTI,</span> <span class='ocrx_word' id='word_1_124' title='bbox 992 1589 1291 1678; x_wconf 61' lang='lat' dir='ltr'><strong>lromrnisiieiitdii¹⁹¹&#39;</strong></span> 
     </span>
     <span class='ocr_line' id='line_1_15' title="bbox 56 1685 904 1771; baseline -0.005 -24"><span class='ocrx_word' id='word_1_125' title='bbox 56 1685 113 1747; x_wconf 81' lang='lat' dir='ltr'><strong>fiat</strong></span> <span class='ocrx_word' id='word_1_126' title='bbox 136 1686 352 1769; x_wconf 75' lang='lat' dir='ltr'><strong>Evangelium,</strong></span> <span class='ocrx_word' id='word_1_127' title='bbox 386 1701 439 1747; x_wconf 91' lang='lat' dir='ltr'><strong>aut</strong></span> <span class='ocrx_word' id='word_1_128' title='bbox 462 1688 547 1769; x_wconf 92' lang='lat' dir='ltr'><strong>quod</strong></span> <span class='ocrx_word' id='word_1_129' title='bbox 575 1690 666 1771; x_wconf 88' lang='lat' dir='ltr'><strong>pejus</strong></span> <span class='ocrx_word' id='word_1_130' title='bbox 690 1700 750 1763; x_wconf 86' lang='lat' dir='ltr'><strong>est,</strong></span> <span class='ocrx_word' id='word_1_131' title='bbox 778 1687 904 1747; x_wconf 88' lang='lat' dir='ltr'><strong>diaboli.</strong></span> 
     </span>
    </p>

    <p class='ocr_par' dir='ltr' id='par_1_3' title="bbox 55 1767 1303 2188">
     <span class='ocr_line' id='line_1_16' title="bbox 99 1767 1124 1855; baseline -0.002 -27"><span class='ocrx_word' id='word_1_132' title='bbox 99 1784 129 1837; x_wconf 82' lang='grc'><strong>9,</strong></span> <span class='ocrx_word' id='word_1_133' title='bbox 154 1771 343 1829; x_wconf 85' lang='lat' dir='ltr'><strong>HILARIUS</strong></span> <span class='ocrx_word' id='word_1_134' title='bbox 365 1772 398 1829; x_wconf 93' lang='lat' dir='ltr'><strong>L.</strong></span> <span class='ocrx_word' id='word_1_135' title='bbox 409 1787 437 1837; x_wconf 77' lang='lat'><strong>2.</strong></span> <span class='ocrx_word' id='word_1_136' title='bbox 451 1772 606 1831; x_wconf 88' lang='lat' dir='ltr'><strong>deTrinit.</strong></span> <span class='ocrx_word' id='word_1_137' title='bbox 616 1770 926 1855; x_wconf 80' lang='lat' dir='ltr'><strong>Exstiteruntplures,</strong></span> <span class='ocrx_word' id='word_1_138' title='bbox 943 1770 995 1851; x_wconf 89' lang='lat' dir='ltr'><strong>qui</strong></span> <span class='ocrx_word' id='word_1_139' title='bbox 1011 1767 1124 1827; x_wconf 89' lang='lat' dir='ltr'><strong>caeles·</strong></span> 
     </span>
     <span class='ocr_line' id='line_1_17' title="bbox 56 1854 1300 1939; baseline 0.003 -26"><span class='ocrx_word' id='word_1_140' title='bbox 56 1856 133 1914; x_wconf 87' lang='lat' dir='ltr'><strong>tium</strong></span> <span class='ocrx_word' id='word_1_141' title='bbox 146 1854 310 1913; x_wconf 86' lang='lat' dir='ltr'><strong>verborum</strong></span> <span class='ocrx_word' id='word_1_142' title='bbox 322 1856 539 1937; x_wconf 84' lang='lat' dir='ltr'><strong>simplieitatem</strong></span> <span class='ocrx_word' id='word_1_143' title='bbox 548 1877 609 1939; x_wconf 92' lang='lat' dir='ltr'><strong>pro</strong></span> <span class='ocrx_word' id='word_1_144' title='bbox 622 1857 785 1917; x_wconf 80' lang='lat' dir='ltr'><strong>voluntatis</strong></span> <span class='ocrx_word' id='word_1_145' title='bbox 798 1877 867 1915; x_wconf 81' lang='lat' dir='ltr'><strong>sirac</strong></span> <span class='ocrx_word' id='word_1_146' title='bbox 882 1876 981 1928; x_wconf 86' lang='lat' dir='ltr'><strong>sensu,</strong></span> <span class='ocrx_word' id='word_1_147' title='bbox 996 1872 1056 1911; x_wconf 90' lang='lat' dir='ltr'><strong>non</strong></span> <span class='ocrx_word' id='word_1_148' title='bbox 1065 1872 1123 1934; x_wconf 89' lang='lat' dir='ltr'><strong>pro</strong></span> <span class='ocrx_word' id='word_1_149' title='bbox 1136 1874 1244 1917; x_wconf 63' lang='lat' dir='ltr'><strong>aaaron·</strong></span> <span class='ocrx_word' id='word_1_150' title='bbox 1254 1889 1300 1936; x_wconf 62' lang='lat' dir='ltr'><strong>non</strong></span> 
     </span>
     <span class='ocr_line' id='line_1_18' title="bbox 56 1925 1303 2034; baseline -0.002 -38"><span class='ocrx_word' id='word_1_151' title='bbox 56 1941 198 1997; x_wconf 77' lang='lat' dir='ltr'><strong>veritatis</strong></span> <span class='ocrx_word' id='word_1_152' title='bbox 223 1940 316 2021; x_wconf 89' lang='lat' dir='ltr'><strong>ipsius</strong></span> <span class='ocrx_word' id='word_1_153' title='bbox 349 1939 543 2000; x_wconf 89' lang='lat' dir='ltr'><strong>absolutione</strong></span> <span class='ocrx_word' id='word_1_154' title='bbox 564 1941 758 2024; x_wconf 85' lang='lat' dir='ltr'><strong>&#39;susciperent</strong></span> <span class='ocrx_word' id='word_1_155' title='bbox 777 1940 864 1999; x_wconf 89' lang='lat' dir='ltr'><strong>aliter</strong></span> <span class='ocrx_word' id='word_1_156' title='bbox 885 1925 1303 2034; x_wconf 45' lang='lat' dir='ltr'><strong>interpretanda,{gssssussfissffiss</strong></span> 
     </span>
     <span class='ocr_line' id='line_1_19' title="bbox 57 2020 1291 2111; baseline -0.002 -32"><span class='ocrx_word' id='word_1_157' title='bbox 57 2041 149 2102; x_wconf 86' lang='lat' dir='ltr'><strong>quam</strong></span> <span class='ocrx_word' id='word_1_158' title='bbox 168 2023 433 2088; x_wconf 81' lang='lat' dir='ltr'><strong>dictorum,virtus</strong></span> <span class='ocrx_word' id='word_1_159' title='bbox 457 2023 636 2104; x_wconf 88' lang='lat' dir='ltr'><strong>postularet.</strong></span> <span class='ocrx_word' id='word_1_160' title='bbox 657 2040 660 2045; x_wconf 85' lang='lat'>·</span> <span class='ocrx_word' id='word_1_161' title='bbox 677 2024 726 2082; x_wconf 85' lang='lat' dir='ltr'><strong>De</strong></span> <span class='ocrx_word' id='word_1_162' title='bbox 749 2023 945 2106; x_wconf 83' lang='lat' dir='ltr'><strong>intelligentia</strong></span> <span class='ocrx_word' id='word_1_163' title='bbox 961 2024 1039 2080; x_wconf 88' lang='lat' dir='ltr'><strong>enim</strong></span> <span class='ocrx_word' id='word_1_164' title='bbox 1058 2020 1291 2111; x_wconf 58' lang='lat' dir='ltr'><strong>hae-qpsseenu</strong></span> 
     </span>
     <span class='ocr_line' id='line_1_20' title="bbox 55 2106 1124 2188; baseline -0.001 -24"><span class='ocrx_word' id='word_1_165' title='bbox 55 2107 145 2179; x_wconf 86' lang='lat' dir='ltr'><strong>resis,</strong></span> <span class='ocrx_word' id='word_1_166' title='bbox 199 2126 261 2164; x_wconf 92' lang='lat' dir='ltr'><strong>non</strong></span> <span class='ocrx_word' id='word_1_167' title='bbox 298 2106 336 2165; x_wconf 94' lang='lat' dir='ltr'><strong>de</strong></span> <span class='ocrx_word' id='word_1_168' title='bbox 378 2109 530 2188; x_wconf 88' lang='lat' dir='ltr'><strong>scriptura</strong></span> <span class='ocrx_word' id='word_1_169' title='bbox 566 2119 625 2167; x_wconf 87' lang='lat' dir='ltr'><strong>est:</strong></span> <span class='ocrx_word' id='word_1_170' title='bbox 671 2117 701 2166; x_wconf 83' lang='lat' dir='ltr'><strong>et</strong></span> <span class='ocrx_word' id='word_1_171' title='bbox 726 2126 852 2182; x_wconf 86' lang='lat' dir='ltr'><strong>sensus,</strong></span> <span class='ocrx_word' id='word_1_172' title='bbox 899 2125 962 2164; x_wconf 90' lang='lat' dir='ltr'><strong>non</strong></span> <span class='ocrx_word' id='word_1_173' title='bbox 1005 2125 1124 2181; x_wconf 87' lang='lat' dir='ltr'><strong>sermo,</strong></span> 
     </span>
    </p>
   </div>
   <div class='ocr_carea' id='block_1_3' title="bbox 57 2186 1300 2764">
    <p class='ocr_par' dir='ltr' id='par_1_4' title="bbox 60 2186 746 2251">
     <span class='ocr_line' id='line_1_21' title="bbox 60 2186 746 2251; baseline -0.009 0"><span class='ocrx_word' id='word_1_174' title='bbox 60 2186 97 2251; x_wconf 72' lang='lat' dir='ltr'><strong>fit</strong></span> <span class='ocrx_word' id='word_1_175' title='bbox 125 2191 244 2248; x_wconf 86' lang='lat' dir='ltr'><strong>crimen.</strong></span> <span class='ocrx_word' id='word_1_176' title='bbox 739 2236 746 2245; x_wconf 84' lang='lat'><strong>.</strong></span> 
     </span>
    </p>

    <p class='ocr_par' dir='ltr' id='par_1_5' title="bbox 57 2269 1217 2436">
     <span class='ocr_line' id='line_1_22' title="bbox 142 2269 1217 2355; baseline 0.005 -27"><span class='ocrx_word' id='word_1_177' title='bbox 142 2284 168 2337; x_wconf 83' lang='lat'><strong>1.</strong></span> <span class='ocrx_word' id='word_1_178' title='bbox 214 2269 462 2329; x_wconf 80' lang='lat' dir='ltr'>EPIPHANIUS</span> <span class='ocrx_word' id='word_1_179' title='bbox 492 2270 574 2329; x_wconf 85' lang='lat' dir='ltr'><strong>haer.</strong></span> <span class='ocrx_word' id='word_1_180' title='bbox 600 2285 652 2337; x_wconf 80' lang='lat'><strong>61.</strong></span> <span class='ocrx_word' id='word_1_181' title='bbox 678 2271 744 2331; x_wconf 84' lang='lat' dir='ltr'><strong>adv.</strong></span> <span class='ocrx_word' id='word_1_182' title='bbox 763 2269 950 2354; x_wconf 82' lang='lat' dir='ltr'><strong>Apostolic.=</strong></span> <span class='ocrx_word' id='word_1_183' title='bbox 994 2274 1128 2355; x_wconf 83' lang='lat' dir='ltr'><strong>Oportet</strong></span> <span class='ocrx_word' id='word_1_184' title='bbox 1210 2334 1217 2351; x_wconf 75' lang='lat'><strong>.</strong></span> 
     </span>
     <span class='ocr_line' id='line_1_23' title="bbox 57 2353 1127 2436; baseline 0.001 -22"><span class='ocrx_word' id='word_1_185' title='bbox 57 2367 155 2415; x_wconf 86' lang='lat' dir='ltr'><strong>autern</strong></span> <span class='ocrx_word' id='word_1_186' title='bbox 175 2366 205 2412; x_wconf 89' lang='lat' dir='ltr'><strong>et</strong></span> <span class='ocrx_word' id='word_1_187' title='bbox 224 2354 390 2410; x_wconf 70' lang='lat' dir='ltr'><strong>traditione</strong></span> <span class='ocrx_word' id='word_1_188' title='bbox 412 2354 466 2410; x_wconf 91' lang='lat' dir='ltr'><strong>uti.</strong></span> <span class='ocrx_word' id='word_1_189' title='bbox 510 2353 579 2410; x_wconf 85' lang='lat' dir='ltr'><strong>Non</strong></span> <span class='ocrx_word' id='word_1_190' title='bbox 601 2355 681 2412; x_wconf 89' lang='lat' dir='ltr'><strong>enim</strong></span> <span class='ocrx_word' id='word_1_191' title='bbox 701 2357 802 2413; x_wconf 88' lang='lat' dir='ltr'><strong>omnia</strong></span> <span class='ocrx_word' id='word_1_192' title='bbox 832 2356 970 2415; x_wconf 87' lang='lat' dir='ltr'><strong>adivina</strong></span> <span class='ocrx_word' id='word_1_193' title='bbox 990 2361 1127 2436; x_wconf 86' lang='lat' dir='ltr'><strong>scriptu-</strong></span> 
     </span>
    </p>

    <p class='ocr_par' dir='ltr' id='par_1_6' title="bbox 58 2434 1300 2764">
     <span class='ocr_line' id='line_1_24' title="bbox 58 2434 1275 2519; baseline -0.002 -24"><span class='ocrx_word' id='word_1_194' title='bbox 58 2458 94 2495; x_wconf 82' lang='lat' dir='ltr'><strong>ra</strong></span> <span class='ocrx_word' id='word_1_195' title='bbox 113 2439 209 2516; x_wconf 89' lang='lat' dir='ltr'><strong>accipi</strong></span> <span class='ocrx_word' id='word_1_196' title='bbox 231 2446 370 2516; x_wconf 89' lang='lat' dir='ltr'><strong>possunt.</strong></span> <span class='ocrx_word' id='word_1_197' title='bbox 414 2434 613 2514; x_wconf 82' lang='lat' dir='ltr'><strong>Quapropter</strong></span> <span class='ocrx_word' id='word_1_198' title='bbox 642 2434 742 2517; x_wconf 87' lang='lat' dir='ltr'><strong>aliqua</strong></span> <span class='ocrx_word' id='word_1_199' title='bbox 766 2439 796 2493; x_wconf 95' lang='lat' dir='ltr'><strong>in</strong></span> <span class='ocrx_word' id='word_1_200' title='bbox 816 2436 995 2519; x_wconf 55' lang='lat' dir='ltr'><strong>seripturisfi</strong></span> <span class='ocrx_word' id='word_1_201' title='bbox 1024 2440 1124 2519; x_wconf 85' lang='lat' dir='ltr'><strong>aliqua</strong></span> <span class='ocrx_word' id='word_1_202' title='bbox 1157 2449 1275 2513; x_wconf 61' lang='lat' dir='ltr'><strong>scriptun</strong></span> 
     </span>
     <span class='ocr_line' id='line_1_25' title="bbox 58 2511 1286 2600; baseline 0.002 -23"><span class='ocrx_word' id='word_1_203' title='bbox 58 2521 90 2577; x_wconf 91' lang='lat' dir='ltr'><strong>iu</strong></span> <span class='ocrx_word' id='word_1_204' title='bbox 122 2520 285 2579; x_wconf 84' lang='lat' dir='ltr'><strong>traditione</strong></span> <span class='ocrx_word' id='word_1_205' title='bbox 320 2519 415 2576; x_wconf 86' lang='lat' dir='ltr'><strong>sancti</strong></span> <span class='ocrx_word' id='word_1_206' title='bbox 447 2515 588 2598; x_wconf 83' lang='lat' dir='ltr'><strong>Apostoli</strong></span> <span class='ocrx_word' id='word_1_207' title='bbox 625 2518 836 2592; x_wconf 88' lang='lat' dir='ltr'><strong>tradiderunt,</strong></span> <span class='ocrx_word' id='word_1_208' title='bbox 871 2511 1286 2600; x_wconf 51' lang='lat' dir='ltr'><strong>quemadmodtunssssssssl⁰¹⁸</strong></span> 
     </span>
     <span class='ocr_line' id='line_1_26' title="bbox 58 2597 1300 2696; baseline 0.002 -36"><span class='ocrx_word' id='word_1_209' title='bbox 58 2601 136 2662; x_wconf 89' lang='lat' dir='ltr'><strong>dicit</strong></span> <span class='ocrx_word' id='word_1_210' title='bbox 153 2599 292 2663; x_wconf 58' lang='lat' dir='ltr'><strong>‘sanctus</strong></span> <span class='ocrx_word' id='word_1_211' title='bbox 320 2600 503 2683; x_wconf 85' lang='lat' dir='ltr'><strong>Apostolus:</strong></span> <span class='ocrx_word' id='word_1_212' title='bbox 544 2601 630 2660; x_wconf 87' lang='lat' dir='ltr'><strong>Sicut</strong></span> <span class='ocrx_word' id='word_1_213' title='bbox 660 2603 775 2662; x_wconf 86' lang='lat' dir='ltr'><strong>tradidi</strong></span> <span class='ocrx_word' id='word_1_214' title='bbox 808 2604 904 2663; x_wconf 88' lang='lat' dir='ltr'><strong>vobis.</strong></span> <span class='ocrx_word' id='word_1_215' title='bbox 960 2604 1000 2662; x_wconf 86' lang='lat' dir='ltr'><strong>Et</strong></span> <span class='ocrx_word' id='word_1_216' title='bbox 1030 2597 1300 2696; x_wconf 47' lang='lat' dir='ltr'><strong>alibitffq&#39;cgffl‘·</strong></span> 
     </span>
     <span class='ocr_line' id='line_1_27' title="bbox 58 2685 1122 2764; baseline 0.005 -21"><span class='ocrx_word' id='word_1_217' title='bbox 58 2685 110 2744; x_wconf 89' lang='lat' dir='ltr'><strong>Sic</strong></span> <span class='ocrx_word' id='word_1_218' title='bbox 136 2686 251 2764; x_wconf 86' lang='lat' dir='ltr'><strong>doceo,</strong></span> <span class='ocrx_word' id='word_1_219' title='bbox 294 2698 325 2746; x_wconf 90' lang='lat' dir='ltr'><strong>et</strong></span> <span class='ocrx_word' id='word_1_220' title='bbox 353 2687 397 2744; x_wconf 87' lang='lat' dir='ltr'><strong>sic</strong></span> <span class='ocrx_word' id='word_1_221' title='bbox 419 2685 534 2744; x_wconf 90' lang='lat' dir='ltr'><strong>tradidi</strong></span> <span class='ocrx_word' id='word_1_222' title='bbox 561 2687 593 2745; x_wconf 94' lang='lat' dir='ltr'><strong>in</strong></span> <span class='ocrx_word' id='word_1_223' title='bbox 617 2686 774 2752; x_wconf 86' lang='lat' dir='ltr'><strong>Ecclesiis.</strong></span> <span class='ocrx_word' id='word_1_224' title='bbox 824 2688 877 2746; x_wconf 90' lang='lat' dir='ltr'><strong>Et:</strong></span> <span class='ocrx_word' id='word_1_225' title='bbox 900 2687 933 2747; x_wconf 91' lang='lat' dir='ltr'><strong>Si</strong></span> <span class='ocrx_word' id='word_1_226' title='bbox 951 2690 1122 2763; x_wconf 88' lang='lat' dir='ltr'><strong>continetis,</strong></span> 
     </span>
    </p>
   </div>
   <div class='ocr_carea' id='block_1_4' title="bbox 56 2770 1274 2936">
    <p class='ocr_par' dir='ltr' id='par_1_7' title="bbox 56 2770 1274 2936">
     <span class='ocr_line' id='line_1_28' title="bbox 56 2770 453 2831; baseline -0.003 -3"><span class='ocrx_word' id='word_1_227' title='bbox 56 2771 116 2829; x_wconf 85' lang='lat' dir='ltr'><strong>nisi</strong></span> <span class='ocrx_word' id='word_1_228' title='bbox 139 2772 252 2831; x_wconf 86' lang='lat' dir='ltr'><strong>frustra</strong></span> <span class='ocrx_word' id='word_1_229' title='bbox 271 2770 453 2831; x_wconf 83' lang='lat' dir='ltr'><strong>credidistis.</strong></span> 
     </span>
     <span class='ocr_line' id='line_1_29' title="bbox 143 2852 1274 2936; baseline -0.003 -21"><span class='ocrx_word' id='word_1_230' title='bbox 143 2871 171 2923; x_wconf 81' lang='lat'><strong>2.</strong></span> <span class='ocrx_word' id='word_1_231' title='bbox 216 2852 472 2914; x_wconf 81' lang='lat' dir='ltr'><strong>AUGUSTINUS</strong></span> <span class='ocrx_word' id='word_1_232' title='bbox 491 2855 525 2912; x_wconf 90' lang='lat' dir='ltr'><strong>L.</strong></span> <span class='ocrx_word' id='word_1_233' title='bbox 547 2855 600 2913; x_wconf 86' lang='lat' dir='ltr'><strong>XI.</strong></span> <span class='ocrx_word' id='word_1_234' title='bbox 626 2868 724 2915; x_wconf 89' lang='lat' dir='ltr'><strong>contr.</strong></span> <span class='ocrx_word' id='word_1_235' title='bbox 750 2856 853 2916; x_wconf 88' lang='lat' dir='ltr'><strong>Faust.</strong></span> <span class='ocrx_word' id='word_1_236' title='bbox 881 2877 906 2918; x_wconf 88' lang='lat' dir='ltr'><strong>e.</strong></span> <span class='ocrx_word' id='word_1_237' title='bbox 930 2871 976 2923; x_wconf 71' lang='lat'><strong>2:</strong></span> <span class='ocrx_word' id='word_1_238' title='bbox 1019 2857 1123 2936; x_wconf 85' lang='lat' dir='ltr'><strong>Usque</strong></span> <span class='ocrx_word' id='word_1_239' title='bbox 1156 2859 1274 2918; x_wconf 58' lang='lat' dir='ltr'><strong>flentis?</strong></span> 
     </span>
    </p>
   </div>
   <div class='ocr_carea' id='block_1_5' title="bbox 10 2919 1300 3021">
    <p class='ocr_par' dir='ltr' id='par_1_8' title="bbox 10 2919 1300 3021">
     <span class='ocr_line' id='line_1_30' title="bbox 10 2919 1300 3021; baseline 0.001 -21"><span class='ocrx_word' id='word_1_240' title='bbox 10 3008 13 3017; x_wconf 42' lang='lat'>‚</span> <span class='ocrx_word' id='word_1_241' title='bbox 57 2939 133 3000; x_wconf 91' lang='lat' dir='ltr'><strong>adeo</strong></span> <span class='ocrx_word' id='word_1_242' title='bbox 158 2943 267 3000; x_wconf 79' lang='lat' dir='ltr'><strong>invicta</strong></span> <span class='ocrx_word' id='word_1_243' title='bbox 296 2951 384 3015; x_wconf 87' lang='lat' dir='ltr'><strong>sunt,</strong></span> <span class='ocrx_word' id='word_1_244' title='bbox 420 2959 497 3021; x_wconf 87' lang='lat' dir='ltr'><strong>quae</strong></span> <span class='ocrx_word' id='word_1_245' title='bbox 530 2938 674 2998; x_wconf 67' lang='lat' dir='ltr'><strong>adversus</strong></span> <span class='ocrx_word' id='word_1_246' title='bbox 693 2961 745 2999; x_wconf 85' lang='lat' dir='ltr'><strong>vos</strong></span> <span class='ocrx_word' id='word_1_247' title='bbox 764 2939 803 2999; x_wconf 90' lang='lat' dir='ltr'><strong>de</strong></span> <span class='ocrx_word' id='word_1_248' title='bbox 827 2942 937 3001; x_wconf 84' lang='lat' dir='ltr'><strong>divinis</strong></span> <span class='ocrx_word' id='word_1_249' title='bbox 961 2939 1120 3001; x_wconf 85' lang='lat' dir='ltr'><strong>codicibus</strong></span> <span class='ocrx_word' id='word_1_250' title='bbox 1133 2919 1300 3005; x_wconf 60' lang='lat' dir='ltr'><strong>ediiiliiimtt-</strong></span> 
     </span>
    </p>
   </div>
   <div class='ocr_carea' id='block_1_6' title="bbox 10 3008 1299 4280">
    <p class='ocr_par' dir='ltr' id='par_1_9' title="bbox 10 3008 1298 3276">
     <span class='ocr_line' id='line_1_31' title="bbox 10 3008 1298 3107; baseline 0.003 -25"><span class='ocrx_word' id='word_1_251' title='bbox 10 3022 12 3029; x_wconf 81' lang='lat'>&#39;</span> <span class='ocrx_word' id='word_1_252' title='bbox 55 3023 275 3107; x_wconf 85' lang='lat' dir='ltr'><strong>proferuntur,</strong></span> <span class='ocrx_word' id='word_1_253' title='bbox 309 3035 428 3082; x_wconf 92' lang='lat' dir='ltr'><strong>utnon</strong></span> <span class='ocrx_word' id='word_1_254' title='bbox 456 3025 496 3083; x_wconf 88' lang='lat' dir='ltr'><strong>sit</strong></span> <span class='ocrx_word' id='word_1_255' title='bbox 521 3023 625 3100; x_wconf 88' lang='lat' dir='ltr'><strong>aliud,</strong></span> <span class='ocrx_word' id='word_1_256' title='bbox 645 3025 731 3106; x_wconf 91' lang='lat' dir='ltr'><strong>quod</strong></span> <span class='ocrx_word' id='word_1_257' title='bbox 754 3023 882 3102; x_wconf 88' lang='lat' dir='ltr'><strong>dicatis,</strong></span> <span class='ocrx_word' id='word_1_258' title='bbox 902 3026 959 3084; x_wconf 90' lang='lat' dir='ltr'><strong>nisi</strong></span> <span class='ocrx_word' id='word_1_259' title='bbox 984 3045 1037 3084; x_wconf 91' lang='lat' dir='ltr'><strong>eos</strong></span> <span class='ocrx_word' id='word_1_260' title='bbox 1057 3008 1298 3097; x_wconf 57' lang='lat' dir='ltr'><strong>essessss&#39;ff„‘&#39;⁸¹&#39;¹&#39;</strong></span> 
     </span>
     <span class='ocr_line' id='line_1_32' title="bbox 57 3107 1121 3191; baseline 0.002 -25"><span class='ocrx_word' id='word_1_261' title='bbox 57 3107 191 3166; x_wconf 72' lang='lat' dir='ltr'><strong>lalsatos.</strong></span> <span class='ocrx_word' id='word_1_262' title='bbox 243 3108 330 3183; x_wconf 86' lang='lat' dir='ltr'><strong>Quae</strong></span> <span class='ocrx_word' id='word_1_263' title='bbox 364 3110 531 3191; x_wconf 83' lang='lat' dir='ltr'><strong>auctoritas</strong></span> <span class='ocrx_word' id='word_1_264' title='bbox 570 3107 723 3168; x_wconf 87' lang='lat' dir='ltr'><strong>literarum</strong></span> <span class='ocrx_word' id='word_1_265' title='bbox 759 3112 892 3190; x_wconf 88' lang='lat' dir='ltr'><strong>aperiri,</strong></span> <span class='ocrx_word' id='word_1_266' title='bbox 934 3110 1002 3190; x_wconf 85' lang='lat' dir='ltr'><strong>quis</strong></span> <span class='ocrx_word' id='word_1_267' title='bbox 1036 3130 1121 3169; x_wconf 86' lang='lat' dir='ltr'><strong>sacer</strong></span> 
     </span>
     <span class='ocr_line' id='line_1_33' title="bbox 56 3189 1121 3276; baseline 0.005 -28"><span class='ocrx_word' id='word_1_268' title='bbox 56 3189 137 3248; x_wconf 90' lang='lat' dir='ltr'><strong>liber</strong></span> <span class='ocrx_word' id='word_1_269' title='bbox 161 3190 276 3268; x_wconf 88' lang='lat' dir='ltr'><strong>evolui,</strong></span> <span class='ocrx_word' id='word_1_270' title='bbox 314 3191 399 3272; x_wconf 90' lang='lat' dir='ltr'><strong>quod</strong></span> <span class='ocrx_word' id='word_1_271' title='bbox 436 3192 652 3252; x_wconf 90' lang='lat' dir='ltr'><strong>documentum</strong></span> <span class='ocrx_word' id='word_1_272' title='bbox 684 3193 849 3274; x_wconf 87' lang='lat' dir='ltr'><strong>cujuslibet</strong></span> <span class='ocrx_word' id='word_1_273' title='bbox 882 3207 1051 3276; x_wconf 76' lang='lat' dir='ltr'><strong>scripturae</strong></span> <span class='ocrx_word' id='word_1_274' title='bbox 1082 3193 1121 3253; x_wconf 89' lang='lat' dir='ltr'><strong>ad</strong></span> 
     </span>
    </p>

    <p class='ocr_par' dir='ltr' id='par_1_10' title="bbox 14 3275 1120 3352">
     <span class='ocr_line' id='line_1_34' title="bbox 14 3275 1120 3352; baseline 0.003 -19"><span class='ocrx_word' id='word_1_275' title='bbox 14 3328 22 3343; x_wconf 70' lang='grc'><strong>.,</strong></span> <span class='ocrx_word' id='word_1_276' title='bbox 56 3275 280 3335; x_wconf 86' lang='lat' dir='ltr'><strong>convincendos</strong></span> <span class='ocrx_word' id='word_1_277' title='bbox 304 3295 422 3335; x_wconf 89' lang='lat' dir='ltr'><strong>errores</strong></span> <span class='ocrx_word' id='word_1_278' title='bbox 450 3277 528 3334; x_wconf 85' lang='lat' dir='ltr'><strong>exeri</strong></span> <span class='ocrx_word' id='word_1_279' title='bbox 561 3290 683 3352; x_wconf 87' lang='lat' dir='ltr'><strong>potest,</strong></span> <span class='ocrx_word' id='word_1_280' title='bbox 718 3281 743 3337; x_wconf 92' lang='lat' dir='ltr'><strong>si</strong></span> <span class='ocrx_word' id='word_1_281' title='bbox 768 3278 843 3338; x_wconf 87' lang='lat' dir='ltr'><strong>haec</strong></span> <span class='ocrx_word' id='word_1_282' title='bbox 862 3300 920 3338; x_wconf 76' lang='lat' dir='ltr'><strong>ror</strong></span> <span class='ocrx_word' id='word_1_283' title='bbox 938 3279 1120 3351; x_wconf 79' lang='lat' dir='ltr'><strong>admittitur,</strong></span> 
     </span>
    </p>

    <p class='ocr_par' dir='ltr' id='par_1_11' title="bbox 10 3354 1121 3531">
     <span class='ocr_line' id='line_1_35' title="bbox 10 3354 1120 3446; baseline 0.008 -32"><span class='ocrx_word' id='word_1_284' title='bbox 10 3354 15 3387; x_wconf 76' lang='lat'>⁷</span> <span class='ocrx_word' id='word_1_285' title='bbox 56 3359 82 3415; x_wconf 93' lang='lat' dir='ltr'><strong>si</strong></span> <span class='ocrx_word' id='word_1_286' title='bbox 106 3357 238 3438; x_wconf 89' lang='lat' dir='ltr'><strong>alicujus</strong></span> <span class='ocrx_word' id='word_1_287' title='bbox 261 3358 418 3441; x_wconf 86' lang='lat' dir='ltr'><strong>ponderis&#39;</strong></span> <span class='ocrx_word' id='word_1_288' title='bbox 429 3361 625 3419; x_wconf 80' lang='lat' dir='ltr'><strong>aestimatur?</strong></span> <span class='ocrx_word' id='word_1_289' title='bbox 668 3361 709 3420; x_wconf 86' lang='lat' dir='ltr'><strong>Et</strong></span> <span class='ocrx_word' id='word_1_290' title='bbox 731 3363 823 3445; x_wconf 89' lang='lat' dir='ltr'><strong>paulo</strong></span> <span class='ocrx_word' id='word_1_291' title='bbox 849 3376 936 3446; x_wconf 86' lang='lat' dir='ltr'><strong>post:</strong></span> <span class='ocrx_word' id='word_1_292' title='bbox 986 3363 1071 3439; x_wconf 88' lang='lat' dir='ltr'><strong>Quid</strong></span> <span class='ocrx_word' id='word_1_293' title='bbox 1095 3364 1120 3423; x_wconf 91' lang='lat' dir='ltr'><strong>si</strong></span> 
     </span>
     <span class='ocr_line' id='line_1_36' title="bbox 54 3441 1121 3531; baseline 0.008 -32"><span class='ocrx_word' id='word_1_294' title='bbox 54 3441 133 3500; x_wconf 88' lang='lat' dir='ltr'><strong>alius</strong></span> <span class='ocrx_word' id='word_1_295' title='bbox 161 3443 250 3503; x_wconf 88' lang='lat' dir='ltr'><strong>simili</strong></span> <span class='ocrx_word' id='word_1_296' title='bbox 276 3444 412 3519; x_wconf 85' lang='lat' dir='ltr'><strong>insania,</strong></span> <span class='ocrx_word' id='word_1_297' title='bbox 443 3442 497 3502; x_wconf 90' lang='lat' dir='ltr'><strong>sed</strong></span> <span class='ocrx_word' id='word_1_298' title='bbox 522 3455 622 3504; x_wconf 88' lang='lat' dir='ltr'><strong>tamen</strong></span> <span class='ocrx_word' id='word_1_299' title='bbox 654 3467 714 3528; x_wconf 88' lang='lat' dir='ltr'><strong>qua</strong></span> <span class='ocrx_word' id='word_1_300' title='bbox 738 3459 789 3506; x_wconf 82' lang='lat' dir='ltr'><strong>tua</strong></span> <span class='ocrx_word' id='word_1_301' title='bbox 811 3447 926 3508; x_wconf 82' lang='lat' dir='ltr'><strong>duritia</strong></span> <span class='ocrx_word' id='word_1_302' title='bbox 944 3451 1121 3531; x_wconf 76' lang='lat' dir='ltr'><strong>confringa-</strong></span> 
     </span>
    </p>

    <p class='ocr_par' dir='ltr' id='par_1_12' title="bbox 13 3526 1190 3614">
     <span class='ocr_line' id='line_1_37' title="bbox 13 3526 1190 3614; baseline 0.005 -29"><span class='ocrx_word' id='word_1_303' title='bbox 13 3604 17 3609; x_wconf 16' lang='grc' dir='ltr'><em>η</em></span> <span class='ocrx_word' id='word_1_304' title='bbox 53 3538 123 3600; x_wconf 86' lang='lat' dir='ltr'><strong>tur,</strong></span> <span class='ocrx_word' id='word_1_305' title='bbox 149 3528 252 3586; x_wconf 74' lang='lat' dir='ltr'><strong>existat</strong></span> <span class='ocrx_word' id='word_1_306' title='bbox 267 3540 298 3587; x_wconf 90' lang='lat' dir='ltr'><strong>et</strong></span> <span class='ocrx_word' id='word_1_307' title='bbox 318 3526 418 3586; x_wconf 86' lang='lat' dir='ltr'><strong>dieat:</strong></span> <span class='ocrx_word' id='word_1_308' title='bbox 447 3530 543 3588; x_wconf 92' lang='lat' dir='ltr'><strong>lmmo</strong></span> <span class='ocrx_word' id='word_1_309' title='bbox 562 3528 656 3605; x_wconf 91' lang='lat' dir='ltr'><strong>illud,</strong></span> <span class='ocrx_word' id='word_1_310' title='bbox 680 3532 764 3610; x_wconf 88' lang='lat' dir='ltr'><strong>quod</strong></span> <span class='ocrx_word' id='word_1_311' title='bbox 789 3534 854 3614; x_wconf 88' lang='lat' dir='ltr'><strong>pro&#39;</strong></span> <span class='ocrx_word' id='word_1_312' title='bbox 873 3546 903 3592; x_wconf 88' lang='lat' dir='ltr'><strong>te</strong></span> <span class='ocrx_word' id='word_1_313' title='bbox 920 3545 1022 3609; x_wconf 88' lang='lat' dir='ltr'><strong>sonat,</strong></span> <span class='ocrx_word' id='word_1_314' title='bbox 1059 3533 1120 3592; x_wconf 82' lang='lat' dir='ltr'><strong>i&#39;al·</strong></span> <span class='ocrx_word' id='word_1_315' title='bbox 1186 3566 1190 3575; x_wconf 88' lang='lat'><strong>·</strong></span> 
     </span>
    </p>

    <p class='ocr_par' dir='ltr' id='par_1_13' title="bbox 10 3610 1214 3782">
     <span class='ocr_line' id='line_1_38' title="bbox 10 3610 1214 3696; baseline 0.007 -27"><span class='ocrx_word' id='word_1_316' title='bbox 10 3610 18 3641; x_wconf 74' lang='lat'><strong>&#39;⁶</strong></span> <span class='ocrx_word' id='word_1_317' title='bbox 54 3631 120 3670; x_wconf 87' lang='lat' dir='ltr'><strong>sum</strong></span> <span class='ocrx_word' id='word_1_318' title='bbox 145 3623 206 3670; x_wconf 85' lang='lat' dir='ltr'><strong>est:</strong></span> <span class='ocrx_word' id='word_1_319' title='bbox 231 3611 291 3670; x_wconf 85' lang='lat' dir='ltr'><strong>lroc</strong></span> <span class='ocrx_word' id='word_1_320' title='bbox 316 3623 429 3686; x_wconf 87' lang='lat' dir='ltr'><strong>autern,</strong></span> <span class='ocrx_word' id='word_1_321' title='bbox 454 3612 541 3693; x_wconf 85' lang='lat' dir='ltr'><strong>quod</strong></span> <span class='ocrx_word' id='word_1_322' title='bbox 562 3626 716 3674; x_wconf 86' lang='lat' dir='ltr'><strong>contrate</strong></span> <span class='ocrx_word' id='word_1_323' title='bbox 736 3627 796 3691; x_wconf 85' lang='lat' dir='ltr'><strong>est,</strong></span> <span class='ocrx_word' id='word_1_324' title='bbox 828 3636 932 3675; x_wconf 75' lang='lat' dir='ltr'><strong>verum</strong></span> <span class='ocrx_word' id='word_1_325' title='bbox 955 3629 1015 3676; x_wconf 85' lang='lat' dir='ltr'><strong>est:</strong></span> <span class='ocrx_word' id='word_1_326' title='bbox 1042 3617 1119 3696; x_wconf 87' lang='lat' dir='ltr'><strong>quid</strong></span> <span class='ocrx_word' id='word_1_327' title='bbox 1211 3620 1214 3625; x_wconf 82' lang='lat'>&#39;</span> 
     </span>
     <span class='ocr_line' id='line_1_39' title="bbox 53 3696 1119 3782; baseline 0.006 -27"><span class='ocrx_word' id='word_1_328' title='bbox 53 3708 177 3755; x_wconf 73' lang='lat' dir='ltr'><strong>actenus</strong></span> <span class='ocrx_word' id='word_1_329' title='bbox 205 3716 254 3771; x_wconf 91' lang='lat' dir='ltr'><strong>es,</strong></span> <span class='ocrx_word' id='word_1_330' title='bbox 293 3697 350 3755; x_wconf 88' lang='lat' dir='ltr'><strong>nisi</strong></span> <span class='ocrx_word' id='word_1_331' title='bbox 376 3696 456 3755; x_wconf 86' lang='lat' dir='ltr'><strong>sorte</strong></span> <span class='ocrx_word' id='word_1_332' title='bbox 475 3697 567 3756; x_wconf 87' lang='lat' dir='ltr'><strong>alium</strong></span> <span class='ocrx_word' id='word_1_333' title='bbox 584 3697 696 3757; x_wconf 89' lang='lat' dir='ltr'><strong>librum</strong></span> <span class='ocrx_word' id='word_1_334' title='bbox 715 3701 929 3782; x_wconf 82' lang='lat' dir='ltr'><strong>prolaturus,·</strong></span> <span class='ocrx_word' id='word_1_335' title='bbox 946 3701 1000 3759; x_wconf 87' lang='lat' dir='ltr'><strong>ubi</strong></span> <span class='ocrx_word' id='word_1_336' title='bbox 1027 3704 1119 3781; x_wconf 89' lang='lat' dir='ltr'><strong>quio-</strong></span> 
     </span>
    </p>

    <p class='ocr_par' dir='ltr' id='par_1_14' title="bbox 12 3772 1117 3869">
     <span class='ocr_line' id='line_1_40' title="bbox 53 3778 1117 3869; baseline 0.006 -32.74"><span class='ocrx_word' id='word_1_337' title='bbox 53 3779 130 3861; x_wconf 88' lang='lat' dir='ltr'><strong>quid</strong></span> <span class='ocrx_word' id='word_1_338' title='bbox 162 3778 286 3864; x_wconf 76' lang='lat' dir='ltr'><strong>legeris‚</strong></span> <span class='ocrx_word' id='word_1_339' title='bbox 321 3780 486 3840; x_wconf 88' lang='lat' dir='ltr'><strong>secundum</strong></span> <span class='ocrx_word' id='word_1_340' title='bbox 515 3794 596 3842; x_wconf 90' lang='lat' dir='ltr'><strong>tuam</strong></span> <span class='ocrx_word' id='word_1_341' title='bbox 636 3788 813 3844; x_wconf 86' lang='lat' dir='ltr'><strong>sententiam</strong></span> <span class='ocrx_word' id='word_1_342' title='bbox 844 3788 942 3866; x_wconf 86' lang='lat' dir='ltr'><strong>possit</strong></span> <span class='ocrx_word' id='word_1_343' title='bbox 971 3786 1117 3869; x_wconf 77' lang='lat' dir='ltr'><strong>intelligi?</strong></span> 
     </span>
    </p>

    <p class='ocr_par' dir='ltr' id='par_1_15' title="bbox 11 3858 1131 3949">
     <span class='ocr_line' id='line_1_41' title="bbox 11 3858 1131 3949; baseline 0.005 -26"><span class='ocrx_word' id='word_1_344' title='bbox 11 3858 15 3875; x_wconf 72' lang='lat'>²</span> <span class='ocrx_word' id='word_1_345' title='bbox 50 3862 120 3923; x_wconf 85' lang='lat' dir='ltr'><strong>Hoc</strong></span> <span class='ocrx_word' id='word_1_346' title='bbox 147 3866 170 3922; x_wconf 93' lang='lat' dir='ltr'><strong>si</strong></span> <span class='ocrx_word' id='word_1_347' title='bbox 196 3866 324 3940; x_wconf 84' lang='lat' dir='ltr'><strong>seceris,</strong></span> <span class='ocrx_word' id='word_1_348' title='bbox 361 3886 424 3925; x_wconf 94' lang='lat' dir='ltr'><strong>non</strong></span> <span class='ocrx_word' id='word_1_349' title='bbox 456 3865 494 3926; x_wconf 86' lang='lat' dir='ltr'><strong>de</strong></span> <span class='ocrx_word' id='word_1_350' title='bbox 517 3866 618 3947; x_wconf 89' lang='lat' dir='ltr'><strong>aliqua</strong></span> <span class='ocrx_word' id='word_1_351' title='bbox 641 3869 708 3947; x_wconf 87' lang='lat' dir='ltr'><strong>ejus</strong></span> <span class='ocrx_word' id='word_1_352' title='bbox 726 3869 894 3949; x_wconf 87' lang='lat' dir='ltr'><strong>particula,</strong></span> <span class='ocrx_word' id='word_1_353' title='bbox 920 3868 973 3928; x_wconf 91' lang='lat' dir='ltr'><strong>sed</strong></span> <span class='ocrx_word' id='word_1_354' title='bbox 989 3870 1028 3928; x_wconf 86' lang='lat' dir='ltr'><strong>de</strong></span> <span class='ocrx_word' id='word_1_355' title='bbox 1048 3883 1131 3929; x_wconf 91' lang='lat' dir='ltr'><strong>toto·</strong></span> 
     </span>
    </p>

    <p class='ocr_par' dir='ltr' id='par_1_16' title="bbox 10 3948 1299 4280">
     <span class='ocr_line' id='line_1_42' title="bbox 10 3948 1299 4029; baseline 0.005 -21"><span class='ocrx_word' id='word_1_356' title='bbox 10 3960 12 3970; x_wconf 91' lang='lat'>&#39;</span> <span class='ocrx_word' id='word_1_357' title='bbox 50 3948 156 4008; x_wconf 82' lang='lat' dir='ltr'><strong>audies</strong></span> <span class='ocrx_word' id='word_1_358' title='bbox 185 3948 442 4011; x_wconf 89' lang='lat' dir='ltr'><strong>contradicentem</strong></span> <span class='ocrx_word' id='word_1_359' title='bbox 472 3963 502 4009; x_wconf 91' lang='lat' dir='ltr'><strong>et</strong></span> <span class='ocrx_word' id='word_1_360' title='bbox 537 3951 733 4012; x_wconf 86' lang='lat' dir='ltr'><strong>clamantem:</strong></span> <span class='ocrx_word' id='word_1_361' title='bbox 776 3952 884 4012; x_wconf 86' lang='lat' dir='ltr'><strong>Falsus</strong></span> <span class='ocrx_word' id='word_1_362' title='bbox 918 3965 970 4012; x_wconf 89' lang='lat' dir='ltr'><strong>cst.</strong></span> <span class='ocrx_word' id='word_1_363' title='bbox 1029 3955 1112 4029; x_wconf 88' lang='lat' dir='ltr'><strong>Quid</strong></span> <span class='ocrx_word' id='word_1_364' title='bbox 1126 3959 1243 4020; x_wconf 60' lang='lat' dir='ltr'><strong>nectar...</strong></span> <span class='ocrx_word' id='word_1_365' title='bbox 1255 3976 1299 4003; x_wconf 67' lang='lat' dir='ltr'><strong>ta·-</strong></span> 
     </span>
     <span class='ocr_line' id='line_1_43' title="bbox 10 4009 1289 4121; baseline 0.004 -32"><span class='ocrx_word' id='word_1_366' title='bbox 10 4040 13 4049; x_wconf 87' lang='grc'><em>“</em></span> <span class='ocrx_word' id='word_1_367' title='bbox 49 4032 142 4114; x_wconf 80' lang='lat' dir='ltr'><strong>ages?</strong></span> <span class='ocrx_word' id='word_1_368' title='bbox 166 4054 228 4113; x_wconf 93' lang='lat' dir='ltr'><strong>quo</strong></span> <span class='ocrx_word' id='word_1_369' title='bbox 254 4047 284 4093; x_wconf 92' lang='lat' dir='ltr'><strong>te</strong></span> <span class='ocrx_word' id='word_1_370' title='bbox 304 4033 486 4093; x_wconf 78' lang='lat' dir='ltr'><strong>convertes?</strong></span> <span class='ocrx_word' id='word_1_371' title='bbox 514 4056 604 4116; x_wconf 90' lang='lat' dir='ltr'><strong>quarn</strong></span> <span class='ocrx_word' id='word_1_372' title='bbox 627 4037 735 4096; x_wconf 83' lang='lat' dir='ltr'><strong>libria</strong></span> <span class='ocrx_word' id='word_1_373' title='bbox 762 4049 792 4096; x_wconf 86' lang='lat' dir='ltr'><strong>te</strong></span> <span class='ocrx_word' id='word_1_374' title='bbox 818 4038 931 4119; x_wconf 90' lang='lat' dir='ltr'><strong>prolati</strong></span> <span class='ocrx_word' id='word_1_375' title='bbox 957 4039 1112 4121; x_wconf 79' lang='lat' dir='ltr'><strong>originem,</strong></span> <span class='ocrx_word' id='word_1_376' title='bbox 1122 4009 1249 4117; x_wconf 46' lang='lat' dir='ltr'><strong>diditi?</strong></span> <span class='ocrx_word' id='word_1_377' title='bbox 1250 4026 1289 4113; x_wconf 62' lang='lat' dir='ltr'><strong>ii}</strong></span> 
     </span>
     <span class='ocr_line' id='line_1_44' title="bbox 49 4108 1289 4200; baseline 0.008 -27"><span class='ocrx_word' id='word_1_378' title='bbox 49 4137 144 4197; x_wconf 90' lang='lat' dir='ltr'><strong>quam</strong></span> <span class='ocrx_word' id='word_1_379' title='bbox 163 4129 355 4195; x_wconf 82' lang='lat' dir='ltr'><strong>vetustatem,</strong></span> <span class='ocrx_word' id='word_1_380' title='bbox 392 4140 483 4200; x_wconf 89' lang='lat' dir='ltr'><strong>quam</strong></span> <span class='ocrx_word' id='word_1_381' title='bbox 510 4121 616 4180; x_wconf 86' lang='lat' dir='ltr'><strong>scriem</strong></span> <span class='ocrx_word' id='word_1_382' title='bbox 636 4124 833 4181; x_wconf 84' lang='lat' dir='ltr'><strong>successionis</strong></span> <span class='ocrx_word' id='word_1_383' title='bbox 854 4134 960 4182; x_wconf 87' lang='lat' dir='ltr'><strong>testem</strong></span> <span class='ocrx_word' id='word_1_384' title='bbox 983 4108 1289 4199; x_wconf 52' lang='lat' dir='ltr'><strong>citabislifli&#39;iffiffii,</strong></span> 
     </span>
     <span class='ocr_line' id='line_1_45' title="bbox 44 4197 1294 4280; baseline 0.007 -20"><span class='ocrx_word' id='word_1_385' title='bbox 44 4197 127 4260; x_wconf 77' lang='lat' dir='ltr'><strong>Nam</strong></span> <span class='ocrx_word' id='word_1_386' title='bbox 151 4201 175 4260; x_wconf 91' lang='lat' dir='ltr'><strong>si</strong></span> <span class='ocrx_word' id='word_1_387' title='bbox 196 4199 259 4261; x_wconf 86' lang='lat' dir='ltr'><strong>hoe</strong></span> <span class='ocrx_word' id='word_1_388' title='bbox 275 4203 377 4263; x_wconf 80' lang='lat' dir='ltr'><strong>lacere</strong></span> <span class='ocrx_word' id='word_1_389' title='bbox 406 4203 586 4280; x_wconf 86' lang='lat' dir='ltr'><strong>conaberis,</strong></span> <span class='ocrx_word' id='word_1_390' title='bbox 612 4216 642 4264; x_wconf 85' lang='lat' dir='ltr'><strong>et</strong></span> <span class='ocrx_word' id='word_1_391' title='bbox 661 4203 739 4264; x_wconf 78' lang='lat' dir='ltr'><strong>nihil</strong></span> <span class='ocrx_word' id='word_1_392' title='bbox 762 4205 894 4267; x_wconf 86' lang='lat' dir='ltr'><strong>valebis:</strong></span> <span class='ocrx_word' id='word_1_393' title='bbox 922 4218 952 4266; x_wconf 89' lang='lat' dir='ltr'><strong>et</strong></span> <span class='ocrx_word' id='word_1_394' title='bbox 969 4207 1053 4267; x_wconf 78' lang='lat' dir='ltr'><strong>viiles</strong></span> <span class='ocrx_word' id='word_1_395' title='bbox 1083 4205 1224 4266; x_wconf 65' lang='lat' dir='ltr'><strong>inl⁸⁰f¹¹¹⁸·</strong></span> <span class='ocrx_word' id='word_1_396' title='bbox 1289 4258 1294 4269; x_wconf 92' lang='lat'><strong>.</strong></span> 
     </span>
    </p>
   </div>
   <div class='ocr_carea' id='block_1_7' title="bbox 41 4278 1184 4374">
    <p class='ocr_par' dir='ltr' id='par_1_17' title="bbox 41 4278 1184 4374">
     <span class='ocr_line' id='line_1_46' title="bbox 41 4278 1184 4374; baseline 0.012 -29"><span class='ocrx_word' id='word_1_397' title='bbox 41 4278 113 4345; x_wconf 67' lang='lat' dir='ltr'><strong>hae</strong></span> <span class='ocrx_word' id='word_1_398' title='bbox 137 4303 187 4362; x_wconf 87' lang='lat' dir='ltr'><strong>re,</strong></span> <span class='ocrx_word' id='word_1_399' title='bbox 227 4285 320 4366; x_wconf 90' lang='lat' dir='ltr'><strong>quid·</strong></span> <span class='ocrx_word' id='word_1_400' title='bbox 333 4286 489 4348; x_wconf 73' lang='lat' dir='ltr'><strong>Ecclesiae</strong></span> <span class='ocrx_word' id='word_1_401' title='bbox 511 4287 680 4349; x_wconf 81' lang='lat' dir='ltr'><strong>catholicae</strong></span> <span class='ocrx_word' id='word_1_402' title='bbox 708 4289 806 4352; x_wconf 81' lang='lat' dir='ltr'><strong>valeat</strong></span> <span class='ocrx_word' id='word_1_403' title='bbox 832 4293 1014 4368; x_wconf 62' lang='lat' dir='ltr'><strong>auetoritas5</strong></span> <span class='ocrx_word' id='word_1_404' title='bbox 1036 4312 1114 4374; x_wconf 84' lang='lat' dir='ltr'><strong>quae</strong></span> <span class='ocrx_word' id='word_1_405' title='bbox 1178 4352 1184 4359; x_wconf 95' lang='lat'><strong>.</strong></span> 
     </span>
    </p>
   </div>
   <div class='ocr_carea' id='block_1_8' title="bbox 0 0 1388 4762">
    <p class='ocr_par' dir='ltr' id='par_1_18' title="bbox 0 0 1388 4762">
     <span class='ocr_line' id='line_1_47' title="bbox 0 0 1388 4762; baseline 0 2"><span class='ocrx_word' id='word_1_406' title='bbox 0 0 1388 4762; x_wconf 95' lang='lat' dir='ltr'><strong> </strong></span> 
     </span>
    </p>
   </div>
  </div>
 </body>
</html>
