2768 4762
271 403 351 475 auo
433 376 790 453 nacsarraru
810 380 876 443 aa
896 382 1201 452 uncsaoco.

274 598 380 643 seruus
417 587 492 637 tutu
515 566 658 633 emeda
685 584 742 647 ω,
802 569 835 629 ln
864 570 1081 634 custodiendis
1117 571 1185 635 illis
1226 578 1350 641 retribu-

290 692 296 704 ·
375 682 453 744 ulta.

274 704 321 751 tro
346 709 503 855 nsssalm·
529 784 693 848 mm,
714 785 887 870 Inmpaeq
909 785 1084 871 superbos:
1113 790 1294 875 maledicti,
1311 799 1347 880 ‘lai

278 900 435 965 declinant
455 918 473 959 a
493 893 645 956 mandatis
666 894 738 954 tuis.
1121 928 1129 933 -

552 1118 634 1190 EX
692 1118 721 1187 P
739 1117 773 1186 A
789 1116 822 1185 'I'
840 1118 876 1185 R
895 1116 912 1184 l
932 1116 960 1185 B
981 1116 1016 1189 U
1037 1116 1077 1189 S.

364 1286 604 1354 GREGORIUS
626 1288 662 1349 L.
684 1287 725 1351 X.
747 1285 859 1348 Moral.
881 1308 908 1347 e·
932 1300 982 1357 8.:
998 1289 1345 1376 Legismultiplicitatu

105 1402 218 1447 scona.
250 1378 359 1445 chene
380 1376 496 1438 Paulus
518 1387 695 1449 enumerat,
720 1372 843 1431 diceus:
866 1370 985 1434 Caritas
1007 1388 1131 1457 patiens
1156 1392 1217 1455 est,
1240 1379 1345 1447 beniau

105 1452 232 1498 ⁰⁰‘·¹³¹l'
283 1476 349 1524 est:
372 1482 435 1521 non
457 1457 647 1532 aemulatur,
670 1478 733 1517 non
757 1454 901 1531 inllatur,
927 1478 991 1519 non
1013 1462 1077 1542 agit
1099 1482 1285 1545 perperam,
1305 1444 1344 1525 iu

284 1562 330 1609 est
351 1546 534 1619 ambitiosa,
567 1564 629 1601 nou
654 1543 795 1623 quaerit,
834 1562 913 1623 quae
933 1557 1098 1619 suasum,
1124 1568 1194 1607 non
1219 1552 1345 1625 irritatu,

284 1654 348 1693 non
371 1633 488 1715 cogitat
508 1627 646 1709 nralurn,
668 1648 731 1686 non
754 1625 867 1709 gaudet
890 1647 984 1711 super
1005 1630 1202 1711 iniquitate,
1235 1658 1344 1718 congu-

120 1717 338 1794 cnunquo-‹let
359 1730 460 1777 auteur
483 1713 615 1772 veritati.
657 1710 782 1771 Patiens
804 1712 922 1792 quippe
944 1725 990 1772 est
1012 1716 1151 1792 caritas,
1187 1722 1267 1800 quia
1289 1721 1343 1780 illata

105 1785 363 1888 {diligibmata
398 1800 620 1880 aequanimiter
656 1795 779 1855 tolerat.
831 1794 967 1877 benigna
997 1819 1074 1858 vero
1090 1814 1171 1877 ,est,
1208 1808 1282 1885 quia
1308 1824 1343 1888 pu

105 1890 150 1924 '¹⁶-
284 1885 370 1946 malis
404 1884 488 1943 bona
519 1882 646 1964 largiter
674 1883 835 1940 ministrat.
891 1880 961 1941 Non
988 1883 1182 1946 aemulatur:
1220 1893 1295 1970 quia
1311 1906 1343 1972 pe

283 1970 368 2047 hoe,
391 1967 478 2050 quod
500 1974 532 2024 in
554 1967 709 2046 praesenti
729 1964 848 2025 mundo
870 1965 949 2025 nibil
971 1970 1116 2051 appetit,
1139 1972 1286 2032 inridere
1303 1989 1343 2033 tu·

285 2056 366 2115 renis
389 2049 577 2111 successibus
604 2049 709 2108 nescit.
752 2048 823 2109 Non
848 2048 990 2111 iullatur:
1014 2055 1086 2133 qula
1108 2075 1176 2113 cunr
1190 2062 1346 2136 praemiis

284 2142 422 2198 internae
445 2133 663 2194 retributionis
684 2135 771 2193 anxia
792 2132 968 2212 desiderat,
999 2136 1147 2196 debonis
1169 2159 1203 2197 se
1227 2147 1346 2202 exteris·

285 2222 372 2285 ribus
404 2238 468 2279 non
497 2216 617 2278 exaltat.
672 2217 743 2277 Non
777 2219 840 2299 agit
871 2239 1053 2301 perperam:
1085 2222 1162 2303 quia
1185 2244 1257 2305 quo
1280 2230 1344 2287 seia

284 2306 384 2367 solum
400 2306 475 2365 DEI
493 2324 528 2363 ae
552 2304 685 2385 proximi
708 2322 843 2362 amorem
866 2303 996 2379 dilatat,
1019 2305 1180 2389 quidquid
1204 2330 1225 2370 a
1241 2314 1342 2371 rectiu-

284 2393 356 2451 dine
379 2392 556 2471 discrepat,
579 2389 713 2470 ignorat.
755 2386 826 2448 Non
850 2400 896 2448 cst
917 2388 1101 2451 ambitiosa:
1134 2395 1213 2474 quia
1232 2415 1284 2476 qno
1302 2414 1343 2452 ar·

283 2477 393 2539 denter
412 2477 494 2534 intus
522 2471 563 2533 ad
584 2494 639 2532 sua
662 2473 791 2555 satagit,
826 2471 904 2532 soris
923 2472 1102 2535 nullatenus
1122 2476 1227 2539 aliena
1249 2498 1342 2539 conen·

307 2563 385 2622 iscit.
440 2557 511 2618 Non
544 2559 689 2638 quaerit,
720 2578 799 2639 quae
835 2578 890 2618 sua
912 2570 999 2618 sunt:
1031 2563 1113 2641 quia
1136 2576 1266 2639 cuneta,
1287 2582 1337 2643 qut

282 2584 335 2707 bic
366 2644 546 2705 transitorie
579 2641 734 2723 possidet,
766 2641 852 2702 velut
886 2641 983 2703 aliena
1005 2643 1163 2728 negligite
1201 2670 1268 2710 cum
1288 2642 1338 2705 nibil

281 2731 341 2791 sibi
365 2749 429 2788 csse
451 2726 639 2812 proprium,
661 2728 720 2786 nisi
744 2726 832 2805 quod
853 2747 958 2788 secum
982 2745 1194 2811 permaneat,
1222 2736 1338 2819 agnoscit.

279 2815 351 2877 Non
375 2815 536 2874 irritatur:
559 2812 632 2892 quia
654 2822 685 2868 et
707 2811 830 2890 injuriis
853 2810 1001 2887 lacessita,
1024 2806 1065 2873 ad
1090 2816 1205 2879 nullos
1228 2816 1336 2879 scultio·

280 2901 327 2960 nis
349 2917 422 2959 suae
443 2907 546 2956 motus
567 2896 694 2954 excitat:
729 2914 881 2976 cumpro
905 2899 1019 2980 magnis
1048 2896 1225 2963 laboribus
1250 2903 1336 2982 majon

279 2995 354 3069 post
374 2982 510 3064 praemia
533 2990 695 3061 exspectat.
738 2978 808 3038 Non
831 2993 948 3062 cogtat
970 2982 1104 3043 matum:
1126 2990 1207 3068 quia
1227 2991 1336 3048 inanest

279 3067 448 3129 munditiae
479 3077 611 3124 mentem
645 3063 801 3138 solidans,
843 3064 917 3124 duan
945 3087 1037 3126 omne
1069 3069 1189 3133 odium
1221 3073 1337 3133 radicitus

279 3155 381 3228 eruit,
407 3150 522 3212 versari
546 3152 577 3208 in
599 3148 724 3226 animo,
757 3147 844 3229 quod
863 3152 1014 3232 inquinet,
1034 3157 1151 3215 nescit.
1197 3157 1266 3217 Non
1284 3174 1338 3237 gat·

280 3237 334 3298 det
353 3257 447 3320 super
468 3236 651 3316 iniquitate:
686 3235 759 3314 quia
793 3255 856 3314 quo
879 3235 945 3295 sola
968 3234 1143 3298 dilectione
1168 3262 1243 3324 erga
1261 3254 1338 3299 anno

278 3321 397 3398 inhiat,
421 3341 476 3380 nec
499 3318 537 3379 dc
559 3316 735 3402 perditione
757 3311 984 3378 adveriantium
1005 3320 1135 3385 exultat.
1183 3322 1339 3409 Congandd

279 3418 380 3465 autem
399 3405 540 3465 veritati:
564 3404 637 3484 quia
659 3413 694 3462 ut
718 3424 749 3462 se
772 3417 910 3464 caeteros
934 3403 1075 3487 diligens,
1097 3426 1163 3490 per
1177 3408 1254 3487 boc,
1273 3404 1338 3491 quel

278 3503 397 3549 rectum
421 3492 452 3550 in
473 3488 542 3550 aliis
566 3490 742 3570 conspicit,
776 3491 865 3571 quasi
888 3488 932 3550 de¹
946 3503 1111 3574 augmento
1137 3499 1267 3579 proprii
1283 3512 1339 3576 pro·

278 3573 378 3635 lectus
408 3575 578 3636 hilarescit.
633 3573 799 3655 Multiplcx
828 3595 903 3657 ergo
935 3576 992 3634 ista
1021 3573 1068 3634 lex
1090 3576 1156 3639 Dei
1182 3595 1252 3657 cst,
1281 3594 1337 3661 qnae

279 3673 389 3721 contra
416 3660 663 3740 uniuscujusque
695 3657 805 3739 culpae
836 3657 991 3739 jaculum,
1026 3660 1117 3740 quod
1151 3662 1335 3748 perimendae

278 3758 410 3804 mentem
440 3744 581 3828 impetit,
626 3744 841 3802 instructionis
873 3764 944 3802 suae
965 3745 1139 3819 mnqimine
1162 3766 1335 3835 sempera*-

278 3830 401 3889 currit:
435 3841 471 3890 ut
499 3830 574 3909 quia
600 3829 746 3909 antiquus
778 3826 877 3888 hostis
910 3828 995 3890 vatia
1029 3830 1334 3899 circumfusione&

278 3910 423 3992 obsidet,
458 3916 526 3998 ipsa
547 3911 691 3976 bunede
713 3911 804 3975 nobis
826 3911 1043 4000 multipliciter
1064 3934 1242 4008 expugnet.
