<?xml version="1.0" encoding="UTF-8"?>
<!DOCTYPE html PUBLIC "-//W3C//DTD XHTML 1.0 Transitional//EN"
    "http://www.w3.org/TR/xhtml1/DTD/xhtml1-transitional.dtd">
<html xmlns="http://www.w3.org/1999/xhtml" xml:lang="en" lang="en">
 <head>
  <title>
</title>
<meta http-equiv="Content-Type" content="text/html;charset=utf-8" />
  <meta name='ocr-system' content='tesseract 3.04.00' />
  <meta name='ocr-capabilities' content='ocr_page ocr_carea ocr_par ocr_line ocrx_word'/>
</head>
<body>
  <div class='ocr_page' id='page_1' title='image "./summadoctrinaec00kanigoog_0299.png"; bbox 0 0 2768 4762; ppageno 0'>
   <div class='ocr_carea' id='block_1_1' title="bbox 229 296 1008 417">
    <p class='ocr_par' dir='ltr' id='par_1_1' title="bbox 229 296 1008 417">
     <span class='ocr_line' id='line_1_1' title="bbox 229 296 1008 417; baseline -0.001 -14"><span class='ocrx_word' id='word_1_1' title='bbox 229 345 311 417; x_wconf 64' lang='lat' dir='ltr'><strong>aaa</strong></span> <span class='ocrx_word' id='word_1_2' title='bbox 441 413 444 417; x_wconf 11' lang='lat' dir='ltr'><em>A</em></span> <span class='ocrx_word' id='word_1_3' title='bbox 537 341 606 405; x_wconf 77' lang='lat' dir='ltr'><strong>¹uu</strong></span> <span class='ocrx_word' id='word_1_4' title='bbox 643 296 910 405; x_wconf 73' lang='lat' dir='ltr'><strong>canistra·</strong></span> <span class='ocrx_word' id='word_1_5' title='bbox 942 337 1008 402; x_wconf 83' lang='lat' dir='ltr'><strong>nr</strong></span> 
     </span>
    </p>
   </div>
   <div class='ocr_carea' id='block_1_2' title="bbox 145 480 1319 608">
    <p class='ocr_par' dir='ltr' id='par_1_2' title="bbox 145 480 1319 608">
     <span class='ocr_line' id='line_1_2' title="bbox 796 480 805 507; baseline 0 0"><span class='ocrx_word' id='word_1_6' title='bbox 796 480 805 507; x_wconf 65' lang='lat' dir='ltr'><strong>l</strong></span> 
     </span>
     <span class='ocr_line' id='line_1_3' title="bbox 145 523 1319 608; baseline 0 -22"><span class='ocrx_word' id='word_1_7' title='bbox 145 554 151 579; x_wconf 72' lang='lat' dir='ltr'><em>a</em></span> <span class='ocrx_word' id='word_1_8' title='bbox 238 524 373 603; x_wconf 79' lang='lat' dir='ltr'><strong>bomin,</strong></span> <span class='ocrx_word' id='word_1_9' title='bbox 401 545 459 588; x_wconf 85' lang='lat' dir='ltr'><strong>uos</strong></span> <span class='ocrx_word' id='word_1_10' title='bbox 485 545 550 587; x_wconf 87' lang='lat' dir='ltr'><strong>uuo</strong></span> <span class='ocrx_word' id='word_1_11' title='bbox 585 526 681 598; x_wconf 81' lang='lat' dir='ltr'><strong>verbo</strong></span> <span class='ocrx_word' id='word_1_12' title='bbox 707 529 872 589; x_wconf 80' lang='lat' dir='ltr'>enunciare</span> <span class='ocrx_word' id='word_1_13' title='bbox 906 546 971 588; x_wconf 90' lang='lat' dir='ltr'><strong>non</strong></span> <span class='ocrx_word' id='word_1_14' title='bbox 995 533 1168 608; x_wconf 81' lang='lat' dir='ltr'><strong>possumus.</strong></span> <span class='ocrx_word' id='word_1_15' title='bbox 1223 523 1319 600; x_wconf 82' lang='lat' dir='ltr'><strong>Quae</strong></span> 
     </span>
    </p>
   </div>
   <div class='ocr_carea' id='block_1_3' title="bbox 67 607 1338 4322">
    <p class='ocr_par' dir='ltr' id='par_1_3' title="bbox 240 607 1315 696">
     <span class='ocr_line' id='line_1_4' title="bbox 240 607 1315 696; baseline 0 -25"><span class='ocrx_word' id='word_1_16' title='bbox 240 611 344 690; x_wconf 87' lang='lat' dir='ltr'><strong>ltaque</strong></span> <span class='ocrx_word' id='word_1_17' title='bbox 373 613 482 690; x_wconf 65' lang='lat' dir='ltr'><strong>ansgrio</strong></span> <span class='ocrx_word' id='word_1_18' title='bbox 505 632 613 695; x_wconf 86' lang='lat' dir='ltr'><strong>graece</strong></span> <span class='ocrx_word' id='word_1_19' title='bbox 633 625 832 696; x_wconf 89' lang='lat' dir='ltr'><strong>nuncupatur</strong></span> <span class='ocrx_word' id='word_1_20' title='bbox 852 623 923 690; x_wconf 81' lang='lat' dir='ltr'><strong>etc,</strong></span> <span class='ocrx_word' id='word_1_21' title='bbox 944 620 980 670; x_wconf 89' lang='lat' dir='ltr'><strong>ut</strong></span> <span class='ocrx_word' id='word_1_22' title='bbox 1005 607 1101 692; x_wconf 90' lang='lat' dir='ltr'><strong>paulo</strong></span> <span class='ocrx_word' id='word_1_23' title='bbox 1114 621 1185 670; x_wconf 87' lang='lat' dir='ltr'><strong>ante</strong></span> <span class='ocrx_word' id='word_1_24' title='bbox 1205 609 1237 671; x_wconf 89' lang='lat' dir='ltr'><strong>in</strong></span> <span class='ocrx_word' id='word_1_25' title='bbox 1252 608 1315 673; x_wconf 79' lang='lat' dir='ltr'><strong>lanc</strong></span> 
     </span>
    </p>

    <p class='ocr_par' dir='ltr' id='par_1_4' title="bbox 67 694 1338 4322">
     <span class='ocr_line' id='line_1_5' title="bbox 147 694 480 777; baseline -0.015 -19"><span class='ocrx_word' id='word_1_26' title='bbox 147 745 153 758; x_wconf 87' lang='lat'><strong>.</strong></span> <span class='ocrx_word' id='word_1_27' title='bbox 243 694 433 777; x_wconf 77' lang='lat' dir='ltr'><strong>quaestione.</strong></span> <span class='ocrx_word' id='word_1_28' title='bbox 468 699 480 740; x_wconf 65' lang='grc' dir='ltr'><strong><em>Ι</em></strong></span> 
     </span>
     <span class='ocr_line' id='line_1_6' title="bbox 326 774 1320 862; baseline 0.001 -24"><span class='ocrx_word' id='word_1_29' title='bbox 326 790 356 846; x_wconf 73' lang='lat' dir='ltr'><strong>o.</strong></span> <span class='ocrx_word' id='word_1_30' title='bbox 399 779 504 839; x_wconf 86' lang='lat' dir='ltr'><strong>ITEM</strong></span> <span class='ocrx_word' id='word_1_31' title='bbox 526 801 552 845; x_wconf 88' lang='lat' dir='ltr'><strong>c.</strong></span> <span class='ocrx_word' id='word_1_32' title='bbox 575 793 604 849; x_wconf 74' lang='grc'><strong>4.</strong></span> <span class='ocrx_word' id='word_1_33' title='bbox 627 781 727 862; x_wconf 87' lang='lat' dir='ltr'><strong>ejusd.</strong></span> <span class='ocrx_word' id='word_1_34' title='bbox 747 780 781 840; x_wconf 90' lang='lat' dir='ltr'><strong>L.</strong></span> <span class='ocrx_word' id='word_1_35' title='bbox 804 779 864 855; x_wconf 76' lang='lat' dir='ltr'><strong>X.=</strong></span> <span class='ocrx_word' id='word_1_36' title='bbox 884 779 966 840; x_wconf 86' lang='lat' dir='ltr'>Huic</span> <span class='ocrx_word' id='word_1_37' title='bbox 987 776 1055 858; x_wconf 89' lang='lat' dir='ltr'><strong>(uni</strong></span> <span class='ocrx_word' id='word_1_38' title='bbox 1077 777 1146 838; x_wconf 92' lang='lat' dir='ltr'><strong>Deo</strong></span> <span class='ocrx_word' id='word_1_39' title='bbox 1157 774 1320 853; x_wconf 72' lang='lat' dir='ltr'><strong>neor-un)</strong></span> 
     </span>
     <span class='ocr_line' id='line_1_7' title="bbox 144 860 1322 948; baseline 0.002 -26"><span class='ocrx_word' id='word_1_40' title='bbox 144 895 150 908; x_wconf 94' lang='lat'><strong>·</strong></span> <span class='ocrx_word' id='word_1_41' title='bbox 244 883 302 922; x_wconf 89' lang='lat' dir='ltr'><strong>nos</strong></span> <span class='ocrx_word' id='word_1_42' title='bbox 326 865 520 941; x_wconf 79' lang='lat' dir='ltr'><strong>servitutem,</strong></span> <span class='ocrx_word' id='word_1_43' title='bbox 543 885 620 947; x_wconf 86' lang='lat' dir='ltr'><strong>quae</strong></span> <span class='ocrx_word' id='word_1_44' title='bbox 640 866 731 927; x_wconf 87' lang='lat' dir='ltr'><strong>latria</strong></span> <span class='ocrx_word' id='word_1_45' title='bbox 751 885 858 948; x_wconf 86' lang='lat' dir='ltr'><strong>graece</strong></span> <span class='ocrx_word' id='word_1_46' title='bbox 880 864 1018 934; x_wconf 87' lang='lat' dir='ltr'><strong>dicitur,</strong></span> <span class='ocrx_word' id='word_1_47' title='bbox 1043 863 1104 922; x_wconf 86' lang='lat' dir='ltr'><strong>sive</strong></span> <span class='ocrx_word' id='word_1_48' title='bbox 1135 864 1165 920; x_wconf 93' lang='lat' dir='ltr'><strong>in</strong></span> <span class='ocrx_word' id='word_1_49' title='bbox 1184 860 1322 941; x_wconf 82' lang='lat' dir='ltr'><strong>quibus·</strong></span> 
     </span>
     <span class='ocr_line' id='line_1_8' title="bbox 246 946 1319 1031; baseline 0.001 -25"><span class='ocrx_word' id='word_1_50' title='bbox 246 950 535 1030; x_wconf 86' lang='lat' dir='ltr'><strong>qnesaerameutis,</strong></span> <span class='ocrx_word' id='word_1_51' title='bbox 557 952 667 1011; x_wconf 85' lang='lat' dir='ltr'><strong>sivein</strong></span> <span class='ocrx_word' id='word_1_52' title='bbox 694 950 785 1010; x_wconf 92' lang='lat' dir='ltr'><strong>nobis</strong></span> <span class='ocrx_word' id='word_1_53' title='bbox 811 950 885 1031; x_wconf 77' lang='lat' dir='ltr'><strong>ipsis</strong></span> <span class='ocrx_word' id='word_1_54' title='bbox 904 946 1060 1007; x_wconf 85' lang='lat' dir='ltr'><strong>debemus.</strong></span> <span class='ocrx_word' id='word_1_55' title='bbox 1104 946 1207 1026; x_wconf 88' lang='lat' dir='ltr'><strong>Hujus</strong></span> <span class='ocrx_word' id='word_1_56' title='bbox 1233 948 1319 1007; x_wconf 90' lang='lat' dir='ltr'><strong>enim</strong></span> 
     </span>
     <span class='ocr_line' id='line_1_9' title="bbox 245 1026 1322 1117; baseline 0 -24"><span class='ocrx_word' id='word_1_57' title='bbox 245 1031 394 1112; x_wconf 85' lang='lat' dir='ltr'><strong>templum</strong></span> <span class='ocrx_word' id='word_1_58' title='bbox 424 1032 516 1092; x_wconf 91' lang='lat' dir='ltr'><strong>simul</strong></span> <span class='ocrx_word' id='word_1_59' title='bbox 555 1054 659 1094; x_wconf 87' lang='lat' dir='ltr'><strong>omnes</strong></span> <span class='ocrx_word' id='word_1_60' title='bbox 688 1048 728 1095; x_wconf 81' lang='lat' dir='ltr'><strong>et</strong></span> <span class='ocrx_word' id='word_1_61' title='bbox 757 1032 869 1117; x_wconf 80' lang='lat' dir='ltr'>singuli</span> <span class='ocrx_word' id='word_1_62' title='bbox 897 1031 1011 1112; x_wconf 90' lang='lat' dir='ltr'><strong>templa</strong></span> <span class='ocrx_word' id='word_1_63' title='bbox 1036 1050 1160 1104; x_wconf 86' lang='lat' dir='ltr'><strong>sumus,</strong></span> <span class='ocrx_word' id='word_1_64' title='bbox 1183 1026 1260 1112; x_wconf 73' lang='lat' dir='ltr'><strong>quia</strong></span> <span class='ocrx_word' id='word_1_65' title='bbox 1289 1044 1322 1093; x_wconf 91' lang='lat' dir='ltr'><strong>et</strong></span> 
     </span>
     <span class='ocr_line' id='line_1_10' title="bbox 247 1115 1321 1202; baseline 0 -25"><span class='ocrx_word' id='word_1_66' title='bbox 247 1117 384 1177; x_wconf 88' lang='lat' dir='ltr'><strong>omnium</strong></span> <span class='ocrx_word' id='word_1_67' title='bbox 406 1116 606 1177; x_wconf 80' lang='lat' dir='ltr'>concordiam</span> <span class='ocrx_word' id='word_1_68' title='bbox 639 1130 671 1179; x_wconf 90' lang='lat' dir='ltr'><strong>et</strong></span> <span class='ocrx_word' id='word_1_69' title='bbox 693 1118 831 1202; x_wconf 90' lang='lat' dir='ltr'><strong>singulos</strong></span> <span class='ocrx_word' id='word_1_70' title='bbox 864 1115 1039 1197; x_wconf 82' lang='lat' dir='ltr'><strong>inhabitare</strong></span> <span class='ocrx_word' id='word_1_71' title='bbox 1062 1115 1228 1196; x_wconf 84' lang='lat' dir='ltr'><strong>dignatur:</strong></span> <span class='ocrx_word' id='word_1_72' title='bbox 1252 1136 1321 1177; x_wconf 88' lang='lat' dir='ltr'><strong>non</strong></span> 
     </span>
     <span class='ocr_line' id='line_1_11' title="bbox 248 1198 1326 1286; baseline 0.001 -26"><span class='ocrx_word' id='word_1_73' title='bbox 248 1203 280 1260; x_wconf 90' lang='lat' dir='ltr'><strong>in</strong></span> <span class='ocrx_word' id='word_1_74' title='bbox 296 1198 439 1262; x_wconf 89' lang='lat' dir='ltr'><strong>omnibus</strong></span> <span class='ocrx_word' id='word_1_75' title='bbox 463 1211 555 1282; x_wconf 82' lang='lat' dir='ltr'><strong>quam</strong></span> <span class='ocrx_word' id='word_1_76' title='bbox 577 1204 608 1262; x_wconf 92' lang='lat' dir='ltr'><strong>iu</strong></span> <span class='ocrx_word' id='word_1_77' title='bbox 625 1202 754 1286; x_wconf 88' lang='lat' dir='ltr'><strong>singulis</strong></span> <span class='ocrx_word' id='word_1_78' title='bbox 775 1203 896 1282; x_wconf 79' lang='lat' dir='ltr'><strong>major,</strong></span> <span class='ocrx_word' id='word_1_79' title='bbox 919 1203 1077 1282; x_wconf 82' lang='lat' dir='ltr'><strong>quoniam</strong></span> <span class='ocrx_word' id='word_1_80' title='bbox 1094 1220 1150 1258; x_wconf 89' lang='lat' dir='ltr'><strong>nec</strong></span> <span class='ocrx_word' id='word_1_81' title='bbox 1172 1199 1256 1260; x_wconf 84' lang='lat' dir='ltr'><strong>nrole</strong></span> <span class='ocrx_word' id='word_1_82' title='bbox 1272 1201 1326 1261; x_wconf 89' lang='lat' dir='ltr'><strong>di·</strong></span> 
     </span>
     <span class='ocr_line' id='line_1_12' title="bbox 246 1283 1321 1369; baseline 0 -23"><span class='ocrx_word' id='word_1_83' title='bbox 246 1285 423 1361; x_wconf 78' lang='lat' dir='ltr'><strong>stenditur,</strong></span> <span class='ocrx_word' id='word_1_84' title='bbox 452 1306 509 1344; x_wconf 89' lang='lat' dir='ltr'><strong>nec</strong></span> <span class='ocrx_word' id='word_1_85' title='bbox 541 1290 711 1369; x_wconf 90' lang='lat' dir='ltr'><strong>partitione</strong></span> <span class='ocrx_word' id='word_1_86' title='bbox 732 1289 890 1347; x_wconf 88' lang='lat' dir='ltr'><strong>minuitur.</strong></span> <span class='ocrx_word' id='word_1_87' title='bbox 932 1286 1008 1345; x_wconf 87' lang='lat' dir='ltr'><strong>Cum</strong></span> <span class='ocrx_word' id='word_1_88' title='bbox 1030 1284 1068 1343; x_wconf 91' lang='lat' dir='ltr'><strong>ad</strong></span> <span class='ocrx_word' id='word_1_89' title='bbox 1091 1283 1179 1343; x_wconf 88' lang='lat' dir='ltr'><strong>illum</strong></span> <span class='ocrx_word' id='word_1_90' title='bbox 1194 1304 1321 1346; x_wconf 87' lang='lat' dir='ltr'><strong>sursum</strong></span> 
     </span>
     <span class='ocr_line' id='line_1_13' title="bbox 248 1369 1322 1451; baseline 0.002 -23"><span class='ocrx_word' id='word_1_91' title='bbox 248 1381 309 1445; x_wconf 90' lang='lat' dir='ltr'><strong>est,</strong></span> <span class='ocrx_word' id='word_1_92' title='bbox 336 1371 402 1449; x_wconf 87' lang='lat' dir='ltr'><strong>ejus</strong></span> <span class='ocrx_word' id='word_1_93' title='bbox 424 1382 470 1430; x_wconf 88' lang='lat' dir='ltr'><strong>est</strong></span> <span class='ocrx_word' id='word_1_94' title='bbox 496 1369 591 1431; x_wconf 90' lang='lat' dir='ltr'><strong>altare</strong></span> <span class='ocrx_word' id='word_1_95' title='bbox 611 1393 667 1431; x_wconf 88' lang='lat' dir='ltr'><strong>cor</strong></span> <span class='ocrx_word' id='word_1_96' title='bbox 695 1385 854 1433; x_wconf 85' lang='lat' dir='ltr'><strong>nostrum:</strong></span> <span class='ocrx_word' id='word_1_97' title='bbox 886 1371 954 1451; x_wconf 83' lang='lat' dir='ltr'><strong>ejus</strong></span> <span class='ocrx_word' id='word_1_98' title='bbox 984 1369 1143 1451; x_wconf 88' lang='lat' dir='ltr'><strong>unigenito</strong></span> <span class='ocrx_word' id='word_1_99' title='bbox 1173 1389 1245 1427; x_wconf 91' lang='lat' dir='ltr'><strong>cum</strong></span> <span class='ocrx_word' id='word_1_100' title='bbox 1271 1390 1322 1430; x_wconf 80' lang='lat' dir='ltr'><strong>sa-</strong></span> 
     </span>
     <span class='ocr_line' id='line_1_14' title="bbox 248 1437 1321 1535; baseline 0.001 -22"><span class='ocrx_word' id='word_1_101' title='bbox 248 1451 376 1513; x_wconf 89' lang='lat' dir='ltr'><strong>cerdote</strong></span> <span class='ocrx_word' id='word_1_102' title='bbox 400 1454 578 1535; x_wconf 86' lang='lat' dir='ltr'><strong>placamur:</strong></span> <span class='ocrx_word' id='word_1_103' title='bbox 610 1458 637 1515; x_wconf 91' lang='lat' dir='ltr'><strong>ei</strong></span> <span class='ocrx_word' id='word_1_104' title='bbox 657 1437 798 1516; x_wconf 80' lang='lat' dir='ltr'><strong>ciuentas</strong></span> <span class='ocrx_word' id='word_1_105' title='bbox 826 1456 963 1515; x_wconf 83' lang='lat' dir='ltr'><strong>victimas</strong></span> <span class='ocrx_word' id='word_1_106' title='bbox 990 1453 1166 1528; x_wconf 83' lang='lat' dir='ltr'><strong>caedimus,</strong></span> <span class='ocrx_word' id='word_1_107' title='bbox 1189 1453 1321 1533; x_wconf 86' lang='lat' dir='ltr'><strong>quando</strong></span> 
     </span>
     <span class='ocr_line' id='line_1_15' title="bbox 248 1538 1323 1622; baseline 0.001 -25"><span class='ocrx_word' id='word_1_108' title='bbox 248 1559 346 1618; x_wconf 87' lang='lat' dir='ltr'><strong>usque</strong></span> <span class='ocrx_word' id='word_1_109' title='bbox 367 1538 404 1597; x_wconf 89' lang='lat' dir='ltr'><strong>ad</strong></span> <span class='ocrx_word' id='word_1_110' title='bbox 420 1541 598 1621; x_wconf 87' lang='lat' dir='ltr'><strong>sanguinem</strong></span> <span class='ocrx_word' id='word_1_111' title='bbox 619 1561 679 1622; x_wconf 90' lang='lat' dir='ltr'><strong>pro</strong></span> <span class='ocrx_word' id='word_1_112' title='bbox 705 1541 773 1620; x_wconf 88' lang='lat' dir='ltr'><strong>ejus</strong></span> <span class='ocrx_word' id='word_1_113' title='bbox 787 1541 915 1600; x_wconf 85' lang='lat' dir='ltr'><strong>veritate</strong></span> <span class='ocrx_word' id='word_1_114' title='bbox 938 1550 1118 1598; x_wconf 77' lang='lat' dir='ltr'><strong>certamusr.</strong></span> <span class='ocrx_word' id='word_1_115' title='bbox 1148 1549 1179 1597; x_wconf 85' lang='lat' dir='ltr'><strong>et</strong></span> <span class='ocrx_word' id='word_1_116' title='bbox 1199 1540 1323 1599; x_wconf 84' lang='lat' dir='ltr'><strong>suavis-</strong></span> 
     </span>
     <span class='ocr_line' id='line_1_16' title="bbox 248 1622 1326 1704; baseline 0 -22"><span class='ocrx_word' id='word_1_117' title='bbox 248 1624 359 1682; x_wconf 86' lang='lat' dir='ltr'><strong>simum</strong></span> <span class='ocrx_word' id='word_1_118' title='bbox 377 1622 535 1683; x_wconf 85' lang='lat' dir='ltr'><strong>adolemus</strong></span> <span class='ocrx_word' id='word_1_119' title='bbox 556 1644 730 1701; x_wconf 76' lang='lat' dir='ltr'><strong>incensum,</strong></span> <span class='ocrx_word' id='word_1_120' title='bbox 752 1645 822 1684; x_wconf 90' lang='lat' dir='ltr'><strong>eum</strong></span> <span class='ocrx_word' id='word_1_121' title='bbox 846 1623 957 1704; x_wconf 84' lang='lat' dir='ltr'><strong>inejus</strong></span> <span class='ocrx_word' id='word_1_122' title='bbox 976 1634 1144 1704; x_wconf 86' lang='lat' dir='ltr'><strong>conspectu</strong></span> <span class='ocrx_word' id='word_1_123' title='bbox 1157 1623 1211 1704; x_wconf 92' lang='lat' dir='ltr'><strong>pio</strong></span> <span class='ocrx_word' id='word_1_124' title='bbox 1229 1642 1326 1682; x_wconf 89' lang='lat' dir='ltr'><strong>sanc-</strong></span> 
     </span>
     <span class='ocr_line' id='line_1_17' title="bbox 250 1705 1321 1792; baseline 0 -26"><span class='ocrx_word' id='word_1_125' title='bbox 250 1718 348 1787; x_wconf 90' lang='lat' dir='ltr'><strong>toque</strong></span> <span class='ocrx_word' id='word_1_126' title='bbox 378 1728 481 1767; x_wconf 87' lang='lat' dir='ltr'><strong>amore</strong></span> <span class='ocrx_word' id='word_1_127' title='bbox 513 1707 698 1792; x_wconf 85' lang='lat' dir='ltr'><strong>flagramus:</strong></span> <span class='ocrx_word' id='word_1_128' title='bbox 735 1711 762 1768; x_wconf 93' lang='lat' dir='ltr'><strong>ei</strong></span> <span class='ocrx_word' id='word_1_129' title='bbox 791 1708 875 1769; x_wconf 88' lang='lat' dir='ltr'><strong>dona</strong></span> <span class='ocrx_word' id='word_1_130' title='bbox 906 1710 974 1788; x_wconf 91' lang='lat' dir='ltr'><strong>ejus</strong></span> <span class='ocrx_word' id='word_1_131' title='bbox 996 1710 1028 1766; x_wconf 90' lang='lat' dir='ltr'><strong>in</strong></span> <span class='ocrx_word' id='word_1_132' title='bbox 1061 1705 1171 1781; x_wconf 89' lang='lat' dir='ltr'><strong>nobis,</strong></span> <span class='ocrx_word' id='word_1_133' title='bbox 1196 1727 1321 1788; x_wconf 89' lang='lat' dir='ltr'><strong>nosque</strong></span> 
     </span>
     <span class='ocr_line' id='line_1_18' title="bbox 250 1789 1321 1873; baseline 0.001 -23"><span class='ocrx_word' id='word_1_134' title='bbox 250 1792 336 1873; x_wconf 91' lang='lat' dir='ltr'><strong>ipsos</strong></span> <span class='ocrx_word' id='word_1_135' title='bbox 354 1811 518 1869; x_wconf 81' lang='lat' dir='ltr'><strong>vovemus,</strong></span> <span class='ocrx_word' id='word_1_136' title='bbox 538 1806 569 1853; x_wconf 92' lang='lat' dir='ltr'><strong>et</strong></span> <span class='ocrx_word' id='word_1_137' title='bbox 598 1793 770 1854; x_wconf 82' lang='lat' dir='ltr'><strong>reddimus:</strong></span> <span class='ocrx_word' id='word_1_138' title='bbox 792 1795 820 1852; x_wconf 92' lang='lat' dir='ltr'><strong>ei</strong></span> <span class='ocrx_word' id='word_1_139' title='bbox 842 1789 1067 1853; x_wconf 88' lang='lat' dir='ltr'><strong>beneficiorum</strong></span> <span class='ocrx_word' id='word_1_140' title='bbox 1083 1793 1149 1871; x_wconf 90' lang='lat' dir='ltr'><strong>ejus</strong></span> <span class='ocrx_word' id='word_1_141' title='bbox 1170 1791 1321 1851; x_wconf 87' lang='lat' dir='ltr'><strong>solemni-</strong></span> 
     </span>
     <span class='ocr_line' id='line_1_19' title="bbox 249 1863 1325 1956; baseline 0.001 -22"><span class='ocrx_word' id='word_1_142' title='bbox 249 1874 367 1935; x_wconf 78' lang='lat' dir='ltr'><strong>tatibus</strong></span> <span class='ocrx_word' id='word_1_143' title='bbox 397 1875 483 1936; x_wconf 82' lang='lat' dir='ltr'><strong>sestis</strong></span> <span class='ocrx_word' id='word_1_144' title='bbox 512 1889 543 1936; x_wconf 91' lang='lat' dir='ltr'><strong>et</strong></span> <span class='ocrx_word' id='word_1_145' title='bbox 568 1876 676 1938; x_wconf 90' lang='lat' dir='ltr'><strong>diebus</strong></span> <span class='ocrx_word' id='word_1_146' title='bbox 706 1879 828 1938; x_wconf 87' lang='lat' dir='ltr'><strong>statutis</strong></span> <span class='ocrx_word' id='word_1_147' title='bbox 848 1863 986 1937; x_wconf 89' lang='lat' dir='ltr'><strong>dicamus</strong></span> <span class='ocrx_word' id='word_1_148' title='bbox 1021 1896 1235 1956; x_wconf 78' lang='lat' dir='ltr'><strong>sacramusque</strong></span> <span class='ocrx_word' id='word_1_149' title='bbox 1258 1897 1325 1935; x_wconf 90' lang='lat' dir='ltr'><strong>me-</strong></span> 
     </span>
     <span class='ocr_line' id='line_1_20' title="bbox 250 1958 1320 2044; baseline -0.002 -26"><span class='ocrx_word' id='word_1_150' title='bbox 250 1962 399 2034; x_wconf 87' lang='lat' dir='ltr'><strong>moriam,</strong></span> <span class='ocrx_word' id='word_1_151' title='bbox 431 1981 469 2018; x_wconf 92' lang='lat' dir='ltr'><strong>ne</strong></span> <span class='ocrx_word' id='word_1_152' title='bbox 495 1960 650 2020; x_wconf 79' lang='lat' dir='ltr'><strong>volumine</strong></span> <span class='ocrx_word' id='word_1_153' title='bbox 671 1974 846 2043; x_wconf 87' lang='lat' dir='ltr'><strong>temporum</strong></span> <span class='ocrx_word' id='word_1_154' title='bbox 867 1963 987 2044; x_wconf 90' lang='lat' dir='ltr'><strong>ingrata</strong></span> <span class='ocrx_word' id='word_1_155' title='bbox 1010 1960 1159 2040; x_wconf 81' lang='lat' dir='ltr'><strong>subrepat</strong></span> <span class='ocrx_word' id='word_1_156' title='bbox 1182 1958 1320 2020; x_wconf 77' lang='lat' dir='ltr'><strong>oblivio:</strong></span> 
     </span>
     <span class='ocr_line' id='line_1_21' title="bbox 252 2040 1322 2106; baseline -0.001 -2"><span class='ocrx_word' id='word_1_157' title='bbox 252 2046 281 2104; x_wconf 90' lang='lat' dir='ltr'><strong>ci</strong></span> <span class='ocrx_word' id='word_1_158' title='bbox 306 2040 516 2105; x_wconf 89' lang='lat' dir='ltr'><strong>sacrificamus</strong></span> <span class='ocrx_word' id='word_1_159' title='bbox 547 2043 679 2105; x_wconf 88' lang='lat' dir='ltr'><strong>bostiam</strong></span> <span class='ocrx_word' id='word_1_160' title='bbox 710 2044 890 2105; x_wconf 85' lang='lat' dir='ltr'><strong>humilitatis</strong></span> <span class='ocrx_word' id='word_1_161' title='bbox 905 2057 936 2106; x_wconf 90' lang='lat' dir='ltr'><strong>et</strong></span> <span class='ocrx_word' id='word_1_162' title='bbox 963 2045 1061 2105; x_wconf 89' lang='lat' dir='ltr'><strong>laudis</strong></span> <span class='ocrx_word' id='word_1_163' title='bbox 1082 2046 1113 2102; x_wconf 90' lang='lat' dir='ltr'><strong>in</strong></span> <span class='ocrx_word' id='word_1_164' title='bbox 1139 2064 1191 2102; x_wconf 86' lang='lat' dir='ltr'><strong>ara</strong></span> <span class='ocrx_word' id='word_1_165' title='bbox 1211 2044 1322 2103; x_wconf 90' lang='lat' dir='ltr'><strong>cordis</strong></span> 
     </span>
     <span class='ocr_line' id='line_1_22' title="bbox 252 2127 1326 2210; baseline -0.001 -23"><span class='ocrx_word' id='word_1_166' title='bbox 252 2129 322 2210; x_wconf 87' lang='lat' dir='ltr'><strong>igne</strong></span> <span class='ocrx_word' id='word_1_167' title='bbox 340 2127 476 2187; x_wconf 79' lang='lat' dir='ltr'><strong>fervidae</strong></span> <span class='ocrx_word' id='word_1_168' title='bbox 492 2129 636 2188; x_wconf 88' lang='lat' dir='ltr'><strong>caritatis.</strong></span> <span class='ocrx_word' id='word_1_169' title='bbox 679 2127 729 2188; x_wconf 81' lang='lat' dir='ltr'><strong>Ad</strong></span> <span class='ocrx_word' id='word_1_170' title='bbox 751 2127 834 2189; x_wconf 90' lang='lat' dir='ltr'><strong>hunc</strong></span> <span class='ocrx_word' id='word_1_171' title='bbox 857 2128 1022 2189; x_wconf 84' lang='lat' dir='ltr'><strong>videndum</strong></span> <span class='ocrx_word' id='word_1_172' title='bbox 1040 2129 1120 2188; x_wconf 91' lang='lat' dir='ltr'><strong>sicut</strong></span> <span class='ocrx_word' id='word_1_173' title='bbox 1142 2127 1240 2186; x_wconf 90' lang='lat' dir='ltr'><strong>videri</strong></span> <span class='ocrx_word' id='word_1_174' title='bbox 1258 2149 1326 2208; x_wconf 90' lang='lat' dir='ltr'><strong>po-</strong></span> 
     </span>
     <span class='ocr_line' id='line_1_23' title="bbox 251 2211 1325 2296; baseline -0.001 -24"><span class='ocrx_word' id='word_1_175' title='bbox 251 2213 349 2289; x_wconf 89' lang='lat' dir='ltr'><strong>terit,</strong></span> <span class='ocrx_word' id='word_1_176' title='bbox 370 2213 461 2293; x_wconf 89' lang='lat' dir='ltr'><strong>eique</strong></span> <span class='ocrx_word' id='word_1_177' title='bbox 483 2212 731 2283; x_wconf 86' lang='lat' dir='ltr'><strong>cohaerendum,</strong></span> <span class='ocrx_word' id='word_1_178' title='bbox 758 2212 798 2274; x_wconf 88' lang='lat' dir='ltr'><strong>ab</strong></span> <span class='ocrx_word' id='word_1_179' title='bbox 818 2215 902 2273; x_wconf 89' lang='lat' dir='ltr'><strong>omni</strong></span> <span class='ocrx_word' id='word_1_180' title='bbox 923 2226 1118 2296; x_wconf 89' lang='lat' dir='ltr'><strong>peccatorum</strong></span> <span class='ocrx_word' id='word_1_181' title='bbox 1138 2223 1169 2270; x_wconf 91' lang='lat' dir='ltr'><strong>et</strong></span> <span class='ocrx_word' id='word_1_182' title='bbox 1189 2211 1325 2291; x_wconf 85' lang='lat' dir='ltr'><strong>eupidi-</strong></span> 
     </span>
     <span class='ocr_line' id='line_1_24' title="bbox 252 2296 1323 2378; baseline 0.001 -23"><span class='ocrx_word' id='word_1_183' title='bbox 252 2307 349 2355; x_wconf 91' lang='lat' dir='ltr'><strong>tatum</strong></span> <span class='ocrx_word' id='word_1_184' title='bbox 363 2297 511 2356; x_wconf 89' lang='lat' dir='ltr'><strong>malarum</strong></span> <span class='ocrx_word' id='word_1_185' title='bbox 535 2296 604 2357; x_wconf 88' lang='lat' dir='ltr'><strong>labe</strong></span> <span class='ocrx_word' id='word_1_186' title='bbox 624 2298 830 2373; x_wconf 89' lang='lat' dir='ltr'><strong>mundamur,</strong></span> <span class='ocrx_word' id='word_1_187' title='bbox 853 2310 885 2359; x_wconf 87' lang='lat' dir='ltr'><strong>et</strong></span> <span class='ocrx_word' id='word_1_188' title='bbox 907 2300 976 2378; x_wconf 88' lang='lat' dir='ltr'><strong>ejus</strong></span> <span class='ocrx_word' id='word_1_189' title='bbox 1000 2303 1122 2358; x_wconf 88' lang='lat' dir='ltr'><strong>nomine</strong></span> <span class='ocrx_word' id='word_1_190' title='bbox 1150 2315 1323 2356; x_wconf 89' lang='lat' dir='ltr'><strong>eonsecra-</strong></span> 
     </span>
     <span class='ocr_line' id='line_1_25' title="bbox 250 2381 1320 2464; baseline -0.001 -26"><span class='ocrx_word' id='word_1_191' title='bbox 250 2401 329 2439; x_wconf 86' lang='lat' dir='ltr'><strong>mur.</strong></span> <span class='ocrx_word' id='word_1_192' title='bbox 372 2381 443 2462; x_wconf 89' lang='lat' dir='ltr'><strong>lpse</strong></span> <span class='ocrx_word' id='word_1_193' title='bbox 463 2383 543 2441; x_wconf 89' lang='lat' dir='ltr'><strong>enim</strong></span> <span class='ocrx_word' id='word_1_194' title='bbox 569 2382 640 2443; x_wconf 88' lang='lat' dir='ltr'><strong>lons</strong></span> <span class='ocrx_word' id='word_1_195' title='bbox 661 2395 786 2444; x_wconf 86' lang='lat' dir='ltr'><strong>nostrae</strong></span> <span class='ocrx_word' id='word_1_196' title='bbox 802 2382 1027 2459; x_wconf 86' lang='lat' dir='ltr'><strong>beatitudinis,</strong></span> <span class='ocrx_word' id='word_1_197' title='bbox 1059 2383 1124 2464; x_wconf 90' lang='lat' dir='ltr'><strong>ipse</strong></span> <span class='ocrx_word' id='word_1_198' title='bbox 1140 2383 1238 2440; x_wconf 84' lang='lat' dir='ltr'><strong>omnis</strong></span> <span class='ocrx_word' id='word_1_199' title='bbox 1260 2402 1320 2462; x_wconf 90' lang='lat' dir='ltr'><strong>ap-</strong></span> 
     </span>
     <span class='ocr_line' id='line_1_26' title="bbox 249 2456 1321 2551; baseline 0.001 -28"><span class='ocrx_word' id='word_1_200' title='bbox 249 2465 409 2549; x_wconf 84' lang='lat' dir='ltr'><strong>petitionis</strong></span> <span class='ocrx_word' id='word_1_201' title='bbox 433 2477 479 2526; x_wconf 88' lang='lat' dir='ltr'><strong>est</strong></span> <span class='ocrx_word' id='word_1_202' title='bbox 511 2463 592 2526; x_wconf 90' lang='lat' dir='ltr'><strong>linis.</strong></span> <span class='ocrx_word' id='word_1_203' title='bbox 634 2456 726 2528; x_wconf 88' lang='lat' dir='ltr'><strong>Hunc</strong></span> <span class='ocrx_word' id='word_1_204' title='bbox 749 2468 912 2551; x_wconf 79' lang='lat' dir='ltr'><strong>eligentes,</strong></span> <span class='ocrx_word' id='word_1_205' title='bbox 947 2468 995 2527; x_wconf 84' lang='lat' dir='ltr'><strong>vel</strong></span> <span class='ocrx_word' id='word_1_206' title='bbox 1019 2468 1125 2549; x_wconf 89' lang='lat' dir='ltr'><strong>potius</strong></span> <span class='ocrx_word' id='word_1_207' title='bbox 1145 2465 1321 2546; x_wconf 83' lang='lat' dir='ltr'><strong>religentes,</strong></span> 
     </span>
     <span class='ocr_line' id='line_1_27' title="bbox 250 2549 1317 2635; baseline -0.002 -26"><span class='ocrx_word' id='word_1_208' title='bbox 250 2550 445 2610; x_wconf 88' lang='lat' dir='ltr'><strong>amiseramus</strong></span> <span class='ocrx_word' id='word_1_209' title='bbox 486 2552 565 2610; x_wconf 91' lang='lat' dir='ltr'><strong>enim</strong></span> <span class='ocrx_word' id='word_1_210' title='bbox 618 2550 699 2635; x_wconf 89' lang='lat' dir='ltr'><strong>negli</strong></span> <span class='ocrx_word' id='word_1_211' title='bbox 722 2564 823 2613; x_wconf 83' lang='lat' dir='ltr'><strong>entes:</strong></span> <span class='ocrx_word' id='word_1_212' title='bbox 879 2550 964 2612; x_wconf 91' lang='lat' dir='ltr'><strong>bunc</strong></span> <span class='ocrx_word' id='word_1_213' title='bbox 1012 2572 1088 2633; x_wconf 89' lang='lat' dir='ltr'><strong>ergo</strong></span> <span class='ocrx_word' id='word_1_214' title='bbox 1134 2549 1317 2630; x_wconf 75' lang='lat' dir='ltr'><strong>religentes,</strong></span> 
     </span>
     <span class='ocr_line' id='line_1_28' title="bbox 250 2573 1320 2718; baseline -0.003 -25"><span class='ocrx_word' id='word_1_215' title='bbox 250 2633 382 2698; x_wconf 88' lang='lat' dir='ltr'><strong>undeet</strong></span> <span class='ocrx_word' id='word_1_216' title='bbox 405 2633 514 2717; x_wconf 91' lang='lat' dir='ltr'><strong>religio</strong></span> <span class='ocrx_word' id='word_1_217' title='bbox 536 2636 621 2697; x_wconf 91' lang='lat' dir='ltr'><strong>dieta</strong></span> <span class='ocrx_word' id='word_1_218' title='bbox 646 2573 848 2718; x_wconf 75' lang='lat' dir='ltr'><strong>perbihetur,</strong></span> <span class='ocrx_word' id='word_1_219' title='bbox 879 2635 919 2697; x_wconf 88' lang='lat' dir='ltr'><strong>ad</strong></span> <span class='ocrx_word' id='word_1_220' title='bbox 935 2657 1005 2695; x_wconf 91' lang='lat' dir='ltr'><strong>eum</strong></span> <span class='ocrx_word' id='word_1_221' title='bbox 1025 2635 1192 2694; x_wconf 88' lang='lat' dir='ltr'><strong>dilectione</strong></span> <span class='ocrx_word' id='word_1_222' title='bbox 1218 2633 1320 2692; x_wconf 87' lang='lat' dir='ltr'><strong>tendi-</strong></span> 
     </span>
     <span class='ocr_line' id='line_1_29' title="bbox 250 2714 1318 2802; baseline -0.002 -25"><span class='ocrx_word' id='word_1_223' title='bbox 250 2739 336 2794; x_wconf 90' lang='lat' dir='ltr'><strong>mus,</strong></span> <span class='ocrx_word' id='word_1_224' title='bbox 359 2731 395 2779; x_wconf 91' lang='lat' dir='ltr'><strong>ut</strong></span> <span class='ocrx_word' id='word_1_225' title='bbox 413 2720 622 2802; x_wconf 85' lang='lat' dir='ltr'><strong>perveniendo</strong></span> <span class='ocrx_word' id='word_1_226' title='bbox 644 2723 854 2802; x_wconf 78' lang='lat' dir='ltr'><strong>quiescamuse</strong></span> <span class='ocrx_word' id='word_1_227' title='bbox 876 2721 948 2781; x_wconf 90' lang='lat' dir='ltr'><strong>ideo</strong></span> <span class='ocrx_word' id='word_1_228' title='bbox 963 2719 1068 2793; x_wconf 88' lang='lat' dir='ltr'><strong>beati,</strong></span> <span class='ocrx_word' id='word_1_229' title='bbox 1091 2721 1164 2799; x_wconf 90' lang='lat' dir='ltr'><strong>quia</strong></span> <span class='ocrx_word' id='word_1_230' title='bbox 1178 2717 1235 2777; x_wconf 92' lang='lat' dir='ltr'><strong>illo</strong></span> <span class='ocrx_word' id='word_1_231' title='bbox 1258 2714 1318 2777; x_wconf 87' lang='lat' dir='ltr'><strong>line</strong></span> 
     </span>
     <span class='ocr_line' id='line_1_30' title="bbox 275 2800 1318 2886; baseline -0.004 -23"><span class='ocrx_word' id='word_1_232' title='bbox 275 2802 392 2863; x_wconf 81' lang='lat' dir='ltr'><strong>erfecti.</strong></span> <span class='ocrx_word' id='word_1_233' title='bbox 435 2800 557 2863; x_wconf 91' lang='lat' dir='ltr'><strong>Bonum</strong></span> <span class='ocrx_word' id='word_1_234' title='bbox 583 2808 663 2864; x_wconf 85' lang='lat' dir='ltr'><strong>enirn</strong></span> <span class='ocrx_word' id='word_1_235' title='bbox 688 2819 847 2882; x_wconf 87' lang='lat' dir='ltr'><strong>nostrum,</strong></span> <span class='ocrx_word' id='word_1_236' title='bbox 869 2804 908 2865; x_wconf 91' lang='lat' dir='ltr'><strong>de</strong></span> <span class='ocrx_word' id='word_1_237' title='bbox 931 2807 1021 2886; x_wconf 88' lang='lat' dir='ltr'><strong>cujus</strong></span> <span class='ocrx_word' id='word_1_238' title='bbox 1046 2801 1107 2864; x_wconf 85' lang='lat' dir='ltr'><strong>fine</strong></span> <span class='ocrx_word' id='word_1_239' title='bbox 1134 2805 1216 2861; x_wconf 87' lang='lat' dir='ltr'><strong>inter</strong></span> <span class='ocrx_word' id='word_1_240' title='bbox 1240 2800 1318 2860; x_wconf 90' lang='lat' dir='ltr'><strong>Phi·</strong></span> 
     </span>
     <span class='ocr_line' id='line_1_31' title="bbox 250 2824 1318 2970; baseline -0.003 -24"><span class='ocrx_word' id='word_1_241' title='bbox 250 2824 402 2970; x_wconf 79' lang='lat' dir='ltr'><strong>losopbos</strong></span> <span class='ocrx_word' id='word_1_242' title='bbox 417 2908 524 2970; x_wconf 82' lang='lat' dir='ltr'><strong>magna</strong></span> <span class='ocrx_word' id='word_1_243' title='bbox 552 2891 710 2950; x_wconf 88' lang='lat' dir='ltr'><strong>eontentio</strong></span> <span class='ocrx_word' id='word_1_244' title='bbox 727 2903 788 2965; x_wconf 91' lang='lat' dir='ltr'><strong>est,</strong></span> <span class='ocrx_word' id='word_1_245' title='bbox 810 2889 929 2963; x_wconf 87' lang='lat' dir='ltr'><strong>nullum</strong></span> <span class='ocrx_word' id='word_1_246' title='bbox 954 2902 999 2950; x_wconf 89' lang='lat' dir='ltr'><strong>est</strong></span> <span class='ocrx_word' id='word_1_247' title='bbox 1028 2887 1132 2963; x_wconf 90' lang='lat' dir='ltr'><strong>aliud,</strong></span> <span class='ocrx_word' id='word_1_248' title='bbox 1162 2907 1254 2967; x_wconf 91' lang='lat' dir='ltr'><strong>quam</strong></span> <span class='ocrx_word' id='word_1_249' title='bbox 1272 2884 1318 2944; x_wconf 94' lang='lat' dir='ltr'><strong>illi</strong></span> 
     </span>
     <span class='ocr_line' id='line_1_32' title="bbox 252 2970 1318 3053; baseline -0.002 -23"><span class='ocrx_word' id='word_1_250' title='bbox 252 2970 444 3049; x_wconf 87' lang='lat' dir='ltr'><strong>cohaerere,</strong></span> <span class='ocrx_word' id='word_1_251' title='bbox 468 2973 560 3053; x_wconf 84' lang='lat' dir='ltr'><strong>cujus</strong></span> <span class='ocrx_word' id='word_1_252' title='bbox 580 2977 670 3033; x_wconf 87' lang='lat' dir='ltr'><strong>unius</strong></span> <span class='ocrx_word' id='word_1_253' title='bbox 693 2977 790 3034; x_wconf 89' lang='lat' dir='ltr'><strong>anima</strong></span> <span class='ocrx_word' id='word_1_254' title='bbox 808 2973 1026 3035; x_wconf 80' lang='lat' dir='ltr'><strong>intellectualis</strong></span> <span class='ocrx_word' id='word_1_255' title='bbox 1047 2977 1077 3032; x_wconf 92' lang='lat' dir='ltr'><strong>in</strong></span> <span class='ocrx_word' id='word_1_256' title='bbox 1098 2992 1272 3053; x_wconf 88' lang='lat' dir='ltr'><strong>corporeo,</strong></span> <span class='ocrx_word' id='word_1_257' title='bbox 1293 2971 1318 3029; x_wconf 90' lang='lat' dir='ltr'><strong>si</strong></span> 
     </span>
     <span class='ocr_line' id='line_1_33' title="bbox 251 3056 1320 3141; baseline -0.004 -25"><span class='ocrx_word' id='word_1_258' title='bbox 251 3056 314 3116; x_wconf 89' lang='lat' dir='ltr'><strong>dici</strong></span> <span class='ocrx_word' id='word_1_259' title='bbox 345 3068 468 3138; x_wconf 89' lang='lat' dir='ltr'><strong>potest,</strong></span> <span class='ocrx_word' id='word_1_260' title='bbox 505 3057 664 3140; x_wconf 85' lang='lat' dir='ltr'><strong>amplexu,</strong></span> <span class='ocrx_word' id='word_1_261' title='bbox 700 3061 779 3118; x_wconf 85' lang='lat' dir='ltr'><strong>veris</strong></span> <span class='ocrx_word' id='word_1_262' title='bbox 800 3058 946 3141; x_wconf 86' lang='lat' dir='ltr'><strong>impletur</strong></span> <span class='ocrx_word' id='word_1_263' title='bbox 971 3056 1320 3136; x_wconf 82' lang='lat' dir='ltr'><strong>foecundaturquevir-</strong></span> 
     </span>
     <span class='ocr_line' id='line_1_34' title="bbox 249 3139 1320 3226; baseline -0.003 -26"><span class='ocrx_word' id='word_1_264' title='bbox 249 3139 379 3200; x_wconf 88' lang='lat' dir='ltr'><strong>tutibus.</strong></span> <span class='ocrx_word' id='word_1_265' title='bbox 423 3140 492 3200; x_wconf 90' lang='lat' dir='ltr'><strong>Hoe</strong></span> <span class='ocrx_word' id='word_1_266' title='bbox 512 3146 592 3202; x_wconf 90' lang='lat' dir='ltr'><strong>enim</strong></span> <span class='ocrx_word' id='word_1_267' title='bbox 616 3143 734 3202; x_wconf 87' lang='lat' dir='ltr'><strong>bonum</strong></span> <span class='ocrx_word' id='word_1_268' title='bbox 758 3143 887 3226; x_wconf 87' lang='lat' dir='ltr'><strong>diligere</strong></span> <span class='ocrx_word' id='word_1_269' title='bbox 901 3146 933 3202; x_wconf 91' lang='lat' dir='ltr'><strong>in</strong></span> <span class='ocrx_word' id='word_1_270' title='bbox 958 3142 1159 3212; x_wconf 82' lang='lat' dir='ltr'><strong>totocorde,</strong></span> <span class='ocrx_word' id='word_1_271' title='bbox 1198 3141 1230 3199; x_wconf 91' lang='lat' dir='ltr'><strong>iu</strong></span> <span class='ocrx_word' id='word_1_272' title='bbox 1253 3150 1320 3198; x_wconf 84' lang='lat' dir='ltr'><strong>tota</strong></span> 
     </span>
     <span class='ocr_line' id='line_1_35' title="bbox 249 3222 1318 3310; baseline -0.004 -26"><span class='ocrx_word' id='word_1_273' title='bbox 249 3228 365 3302; x_wconf 88' lang='lat' dir='ltr'><strong>anima,</strong></span> <span class='ocrx_word' id='word_1_274' title='bbox 406 3237 437 3285; x_wconf 88' lang='lat' dir='ltr'><strong>et</strong></span> <span class='ocrx_word' id='word_1_275' title='bbox 470 3227 501 3285; x_wconf 87' lang='lat' dir='ltr'><strong>in</strong></span> <span class='ocrx_word' id='word_1_276' title='bbox 527 3239 594 3287; x_wconf 88' lang='lat' dir='ltr'><strong>tota</strong></span> <span class='ocrx_word' id='word_1_277' title='bbox 625 3229 738 3286; x_wconf 84' lang='lat' dir='ltr'><strong>virtute</strong></span> <span class='ocrx_word' id='word_1_278' title='bbox 768 3230 987 3310; x_wconf 85' lang='lat' dir='ltr'><strong>praecipimur.</strong></span> <span class='ocrx_word' id='word_1_279' title='bbox 1043 3225 1092 3286; x_wconf 86' lang='lat' dir='ltr'><strong>Ad</strong></span> <span class='ocrx_word' id='word_1_280' title='bbox 1120 3225 1180 3284; x_wconf 91' lang='lat' dir='ltr'><strong>hoe</strong></span> <span class='ocrx_word' id='word_1_281' title='bbox 1201 3222 1318 3282; x_wconf 89' lang='lat' dir='ltr'><strong>bonum</strong></span> 
     </span>
     <span class='ocr_line' id='line_1_36' title="bbox 249 3307 1338 3395; baseline -0.006 -25"><span class='ocrx_word' id='word_1_282' title='bbox 249 3309 408 3385; x_wconf 87' lang='lat' dir='ltr'><strong>debemus,</strong></span> <span class='ocrx_word' id='word_1_283' title='bbox 424 3322 455 3370; x_wconf 91' lang='lat' dir='ltr'><strong>et</strong></span> <span class='ocrx_word' id='word_1_284' title='bbox 485 3331 501 3369; x_wconf 89' lang='lat' dir='ltr'><strong>a</strong></span> <span class='ocrx_word' id='word_1_285' title='bbox 539 3311 651 3394; x_wconf 89' lang='lat' dir='ltr'><strong>quibus</strong></span> <span class='ocrx_word' id='word_1_286' title='bbox 681 3311 856 3395; x_wconf 77' lang='lat' dir='ltr'><strong>diligimur,</strong></span> <span class='ocrx_word' id='word_1_287' title='bbox 889 3313 982 3386; x_wconf 87' lang='lat' dir='ltr'><strong>duci,</strong></span> <span class='ocrx_word' id='word_1_288' title='bbox 1010 3325 1041 3372; x_wconf 91' lang='lat' dir='ltr'><strong>et</strong></span> <span class='ocrx_word' id='word_1_289' title='bbox 1060 3331 1138 3392; x_wconf 87' lang='lat' dir='ltr'><strong>quos</strong></span> <span class='ocrx_word' id='word_1_290' title='bbox 1155 3307 1338 3389; x_wconf 81' lang='lat' dir='ltr'><strong>diligimus,</strong></span> 
     </span>
     <span class='ocr_line' id='line_1_37' title="bbox 151 3391 1319 3479; baseline -0.003 -26"><span class='ocrx_word' id='word_1_291' title='bbox 151 3449 153 3452; x_wconf 90' lang='lat'><strong>.</strong></span> <span class='ocrx_word' id='word_1_292' title='bbox 251 3394 373 3454; x_wconf 89' lang='lat' dir='ltr'><strong>ducere.</strong></span> <span class='ocrx_word' id='word_1_293' title='bbox 417 3394 468 3453; x_wconf 90' lang='lat' dir='ltr'><strong>Sic</strong></span> <span class='ocrx_word' id='word_1_294' title='bbox 484 3396 680 3478; x_wconf 86' lang='lat' dir='ltr'><strong>complentur</strong></span> <span class='ocrx_word' id='word_1_295' title='bbox 699 3396 763 3456; x_wconf 93' lang='lat' dir='ltr'><strong>duo</strong></span> <span class='ocrx_word' id='word_1_296' title='bbox 781 3398 833 3457; x_wconf 86' lang='lat' dir='ltr'><strong>illa</strong></span> <span class='ocrx_word' id='word_1_297' title='bbox 856 3408 1038 3479; x_wconf 90' lang='lat' dir='ltr'><strong>praecepta,</strong></span> <span class='ocrx_word' id='word_1_298' title='bbox 1067 3399 1097 3455; x_wconf 90' lang='lat' dir='ltr'><strong>in</strong></span> <span class='ocrx_word' id='word_1_299' title='bbox 1119 3391 1234 3475; x_wconf 88' lang='lat' dir='ltr'><strong>quibus</strong></span> <span class='ocrx_word' id='word_1_300' title='bbox 1253 3403 1319 3451; x_wconf 82' lang='lat' dir='ltr'><strong>tota</strong></span> 
     </span>
     <span class='ocr_line' id='line_1_38' title="bbox 73 3478 1317 3564; baseline 0.004 -35"><span class='ocrx_word' id='word_1_301' title='bbox 73 3478 299 3539; x_wconf 62' lang='lat' dir='ltr'><strong>scitamenta</strong></span> <span class='ocrx_word' id='word_1_302' title='bbox 331 3478 446 3561; x_wconf 89' lang='lat' dir='ltr'><strong>pendet</strong></span> <span class='ocrx_word' id='word_1_303' title='bbox 474 3493 504 3540; x_wconf 89' lang='lat' dir='ltr'><strong>et</strong></span> <span class='ocrx_word' id='word_1_304' title='bbox 537 3480 724 3563; x_wconf 85' lang='lat' dir='ltr'><strong>Prophetae.</strong></span> <span class='ocrx_word' id='word_1_305' title='bbox 769 3482 886 3564; x_wconf 89' lang='lat' dir='ltr'><strong>Diliges</strong></span> <span class='ocrx_word' id='word_1_306' title='bbox 904 3483 1072 3541; x_wconf 90' lang='lat' dir='ltr'><strong>Dominum</strong></span> <span class='ocrx_word' id='word_1_307' title='bbox 1099 3480 1203 3556; x_wconf 84' lang='lat' dir='ltr'><strong>Deum</strong></span> <span class='ocrx_word' id='word_1_308' title='bbox 1229 3489 1317 3536; x_wconf 84' lang='lat' dir='ltr'><strong>tuum</strong></span> 
     </span>
     <span class='ocr_line' id='line_1_39' title="bbox 250 3563 1318 3642; baseline -0.006 -19"><span class='ocrx_word' id='word_1_309' title='bbox 250 3565 283 3623; x_wconf 91' lang='lat' dir='ltr'><strong>in</strong></span> <span class='ocrx_word' id='word_1_310' title='bbox 300 3574 370 3623; x_wconf 92' lang='lat' dir='ltr'><strong>toto</strong></span> <span class='ocrx_word' id='word_1_311' title='bbox 392 3563 488 3621; x_wconf 92' lang='lat' dir='ltr'><strong>eorde</strong></span> <span class='ocrx_word' id='word_1_312' title='bbox 509 3578 582 3642; x_wconf 90' lang='lat' dir='ltr'><strong>tuo,</strong></span> <span class='ocrx_word' id='word_1_313' title='bbox 615 3567 694 3624; x_wconf 88' lang='lat' dir='ltr'><strong>etin</strong></span> <span class='ocrx_word' id='word_1_314' title='bbox 719 3578 786 3625; x_wconf 90' lang='lat' dir='ltr'><strong>tota</strong></span> <span class='ocrx_word' id='word_1_315' title='bbox 806 3570 905 3626; x_wconf 88' lang='lat' dir='ltr'><strong>anima</strong></span> <span class='ocrx_word' id='word_1_316' title='bbox 923 3578 996 3640; x_wconf 90' lang='lat' dir='ltr'><strong>tua,</strong></span> <span class='ocrx_word' id='word_1_317' title='bbox 1026 3566 1108 3625; x_wconf 89' lang='lat' dir='ltr'><strong>etin</strong></span> <span class='ocrx_word' id='word_1_318' title='bbox 1129 3574 1197 3622; x_wconf 88' lang='lat' dir='ltr'><strong>tota</strong></span> <span class='ocrx_word' id='word_1_319' title='bbox 1219 3572 1318 3619; x_wconf 87' lang='lat' dir='ltr'><strong>mente</strong></span> 
     </span>
     <span class='ocr_line' id='line_1_40' title="bbox 250 3646 1322 3732; baseline -0.004 -25"><span class='ocrx_word' id='word_1_320' title='bbox 250 3659 324 3707; x_wconf 89' lang='lat' dir='ltr'><strong>tua:</strong></span> <span class='ocrx_word' id='word_1_321' title='bbox 346 3659 377 3706; x_wconf 91' lang='lat' dir='ltr'><strong>et</strong></span> <span class='ocrx_word' id='word_1_322' title='bbox 402 3647 509 3729; x_wconf 84' lang='lat' dir='ltr'><strong>diliges</strong></span> <span class='ocrx_word' id='word_1_323' title='bbox 530 3652 703 3732; x_wconf 86' lang='lat' dir='ltr'><strong>proximum</strong></span> <span class='ocrx_word' id='word_1_324' title='bbox 728 3662 817 3709; x_wconf 88' lang='lat' dir='ltr'><strong>tuum</strong></span> <span class='ocrx_word' id='word_1_325' title='bbox 845 3663 990 3731; x_wconf 88' lang='lat' dir='ltr'><strong>tanquam</strong></span> <span class='ocrx_word' id='word_1_326' title='bbox 1011 3661 1042 3710; x_wconf 89' lang='lat' dir='ltr'><strong>te</strong></span> <span class='ocrx_word' id='word_1_327' title='bbox 1069 3650 1179 3729; x_wconf 91' lang='lat' dir='ltr'><strong>ipsum.</strong></span> <span class='ocrx_word' id='word_1_328' title='bbox 1224 3646 1268 3705; x_wconf 89' lang='lat' dir='ltr'><strong>Ut</strong></span> <span class='ocrx_word' id='word_1_329' title='bbox 1288 3664 1322 3702; x_wconf 89' lang='lat' dir='ltr'><strong>e-</strong></span> 
     </span>
     <span class='ocr_line' id='line_1_41' title="bbox 248 3727 1320 3815; baseline -0.004 -24"><span class='ocrx_word' id='word_1_330' title='bbox 248 3737 313 3792; x_wconf 90' lang='lat' dir='ltr'><strong>nim</strong></span> <span class='ocrx_word' id='word_1_331' title='bbox 337 3730 433 3791; x_wconf 91' lang='lat' dir='ltr'><strong>bomo</strong></span> <span class='ocrx_word' id='word_1_332' title='bbox 457 3754 521 3793; x_wconf 87' lang='lat' dir='ltr'><strong>sese</strong></span> <span class='ocrx_word' id='word_1_333' title='bbox 543 3734 672 3815; x_wconf 78' lang='lat' dir='ltr'><strong>diligere</strong></span> <span class='ocrx_word' id='word_1_334' title='bbox 696 3748 815 3811; x_wconf 89' lang='lat' dir='ltr'><strong>nosset,</strong></span> <span class='ocrx_word' id='word_1_335' title='bbox 844 3739 1032 3795; x_wconf 88' lang='lat' dir='ltr'><strong>constitutus</strong></span> <span class='ocrx_word' id='word_1_336' title='bbox 1053 3745 1098 3792; x_wconf 90' lang='lat' dir='ltr'><strong>est</strong></span> <span class='ocrx_word' id='word_1_337' title='bbox 1119 3752 1146 3789; x_wconf 84' lang='lat' dir='ltr'><strong>ei</strong></span> <span class='ocrx_word' id='word_1_338' title='bbox 1164 3727 1320 3809; x_wconf 84' lang='lat' dir='ltr'><strong>finis,qno</strong></span> 
     </span>
     <span class='ocr_line' id='line_1_42' title="bbox 248 3815 1320 3902; baseline -0.007 -24"><span class='ocrx_word' id='word_1_339' title='bbox 248 3816 381 3878; x_wconf 82' lang='lat' dir='ltr'><strong>referret</strong></span> <span class='ocrx_word' id='word_1_340' title='bbox 410 3820 534 3897; x_wconf 90' lang='lat' dir='ltr'><strong>omnia,</strong></span> <span class='ocrx_word' id='word_1_341' title='bbox 569 3840 649 3899; x_wconf 86' lang='lat' dir='ltr'><strong>quae</strong></span> <span class='ocrx_word' id='word_1_342' title='bbox 676 3831 800 3902; x_wconf 88' lang='lat' dir='ltr'><strong>ageret,</strong></span> <span class='ocrx_word' id='word_1_343' title='bbox 835 3819 995 3879; x_wconf 88' lang='lat' dir='ltr'><strong>utbeatus</strong></span> <span class='ocrx_word' id='word_1_344' title='bbox 1019 3829 1106 3877; x_wconf 88' lang='lat' dir='ltr'><strong>esset.</strong></span> <span class='ocrx_word' id='word_1_345' title='bbox 1150 3815 1221 3875; x_wconf 87' lang='lat' dir='ltr'><strong>Non</strong></span> <span class='ocrx_word' id='word_1_346' title='bbox 1239 3815 1320 3874; x_wconf 91' lang='lat' dir='ltr'><strong>enim</strong></span> 
     </span>
     <span class='ocr_line' id='line_1_43' title="bbox 248 3893 1321 3985; baseline -0.003 -26"><span class='ocrx_word' id='word_1_347' title='bbox 248 3903 303 3983; x_wconf 93' lang='lat' dir='ltr'><strong>qui</strong></span> <span class='ocrx_word' id='word_1_348' title='bbox 327 3921 359 3960; x_wconf 90' lang='lat' dir='ltr'><strong>se</strong></span> <span class='ocrx_word' id='word_1_349' title='bbox 379 3898 497 3982; x_wconf 87' lang='lat' dir='ltr'><strong>diligit,</strong></span> <span class='ocrx_word' id='word_1_350' title='bbox 521 3903 603 3962; x_wconf 90' lang='lat' dir='ltr'><strong>aliud</strong></span> <span class='ocrx_word' id='word_1_351' title='bbox 627 3925 690 3963; x_wconf 87' lang='lat' dir='ltr'><strong>esse</strong></span> <span class='ocrx_word' id='word_1_352' title='bbox 712 3903 779 3963; x_wconf 77' lang='lat' dir='ltr'><strong>vult</strong></span> <span class='ocrx_word' id='word_1_353' title='bbox 803 3926 895 3985; x_wconf 87' lang='lat' dir='ltr'><strong>quam</strong></span> <span class='ocrx_word' id='word_1_354' title='bbox 912 3903 1029 3963; x_wconf 90' lang='lat' dir='ltr'><strong>beatus.</strong></span> <span class='ocrx_word' id='word_1_355' title='bbox 1076 3903 1135 3960; x_wconf 85' lang='lat' dir='ltr'><strong>Hic</strong></span> <span class='ocrx_word' id='word_1_356' title='bbox 1150 3912 1255 3959; x_wconf 86' lang='lat' dir='ltr'><strong>autem</strong></span> <span class='ocrx_word' id='word_1_357' title='bbox 1280 3893 1321 3956; x_wconf 85' lang='lat' dir='ltr'><strong>fi·</strong></span> 
     </span>
     <span class='ocr_line' id='line_1_44' title="bbox 246 3983 1322 4071; baseline -0.007 -23"><span class='ocrx_word' id='word_1_358' title='bbox 246 3989 294 4049; x_wconf 89' lang='lat' dir='ltr'><strong>nis</strong></span> <span class='ocrx_word' id='word_1_359' title='bbox 317 3997 381 4059; x_wconf 89' lang='lat' dir='ltr'><strong>est,</strong></span> <span class='ocrx_word' id='word_1_360' title='bbox 403 3984 572 4046; x_wconf 85' lang='lat' dir='ltr'><strong>adhaerere</strong></span> <span class='ocrx_word' id='word_1_361' title='bbox 602 3989 679 4051; x_wconf 87' lang='lat' dir='ltr'><strong>Deo.</strong></span> <span class='ocrx_word' id='word_1_362' title='bbox 722 3989 788 4047; x_wconf 88' lang='lat' dir='ltr'><strong>Jam</strong></span> <span class='ocrx_word' id='word_1_363' title='bbox 810 3993 904 4071; x_wconf 89' lang='lat' dir='ltr'><strong>igitur</strong></span> <span class='ocrx_word' id='word_1_364' title='bbox 932 3989 1040 4049; x_wconf 89' lang='lat' dir='ltr'><strong>scienti</strong></span> <span class='ocrx_word' id='word_1_365' title='bbox 1064 3985 1193 4067; x_wconf 88' lang='lat' dir='ltr'><strong>diligere</strong></span> <span class='ocrx_word' id='word_1_366' title='bbox 1216 4005 1248 4041; x_wconf 88' lang='lat' dir='ltr'><strong>se</strong></span> <span class='ocrx_word' id='word_1_367' title='bbox 1269 3983 1322 4062; x_wconf 91' lang='lat' dir='ltr'><strong>ip·</strong></span> 
     </span>
     <span class='ocr_line' id='line_1_45' title="bbox 222 4067 1318 4155; baseline -0.007 -23"><span class='ocrx_word' id='word_1_368' title='bbox 222 4067 338 4147; x_wconf 74' lang='lat' dir='ltr'><strong>‘sum,</strong></span> <span class='ocrx_word' id='word_1_369' title='bbox 361 4089 431 4127; x_wconf 88' lang='lat' dir='ltr'><strong>cum</strong></span> <span class='ocrx_word' id='word_1_370' title='bbox 452 4072 615 4131; x_wconf 86' lang='lat' dir='ltr'><strong>mandatur</strong></span> <span class='ocrx_word' id='word_1_371' title='bbox 637 4073 675 4131; x_wconf 90' lang='lat' dir='ltr'><strong>de</strong></span> <span class='ocrx_word' id='word_1_372' title='bbox 701 4076 843 4155; x_wconf 79' lang='lat' dir='ltr'><strong>proximo</strong></span> <span class='ocrx_word' id='word_1_373' title='bbox 868 4072 1026 4154; x_wconf 90' lang='lat' dir='ltr'><strong>diligendo</strong></span> <span class='ocrx_word' id='word_1_374' title='bbox 1051 4074 1131 4130; x_wconf 91' lang='lat' dir='ltr'><strong>sieut</strong></span> <span class='ocrx_word' id='word_1_375' title='bbox 1151 4090 1182 4129; x_wconf 88' lang='lat' dir='ltr'><strong>se</strong></span> <span class='ocrx_word' id='word_1_376' title='bbox 1205 4070 1318 4148; x_wconf 88' lang='lat' dir='ltr'><strong>ipsum,</strong></span> 
     </span>
     <span class='ocr_line' id='line_1_46' title="bbox 246 4151 1320 4239; baseline -0.006 -25"><span class='ocrx_word' id='word_1_377' title='bbox 246 4156 324 4237; x_wconf 89' lang='lat' dir='ltr'><strong>quid</strong></span> <span class='ocrx_word' id='word_1_378' title='bbox 347 4151 432 4214; x_wconf 89' lang='lat' dir='ltr'><strong>aliud</strong></span> <span class='ocrx_word' id='word_1_379' title='bbox 453 4155 634 4231; x_wconf 85' lang='lat' dir='ltr'><strong>mandatur,</strong></span> <span class='ocrx_word' id='word_1_380' title='bbox 658 4159 715 4216; x_wconf 87' lang='lat' dir='ltr'><strong>nisi</strong></span> <span class='ocrx_word' id='word_1_381' title='bbox 738 4171 775 4216; x_wconf 92' lang='lat' dir='ltr'><strong>ut</strong></span> <span class='ocrx_word' id='word_1_382' title='bbox 795 4161 821 4216; x_wconf 88' lang='lat' dir='ltr'><strong>ei</strong></span> <span class='ocrx_word' id='word_1_383' title='bbox 844 4169 993 4237; x_wconf 87' lang='lat' dir='ltr'><strong>quantum</strong></span> <span class='ocrx_word' id='word_1_384' title='bbox 1016 4167 1138 4239; x_wconf 86' lang='lat' dir='ltr'><strong>potest,</strong></span> <span class='ocrx_word' id='word_1_385' title='bbox 1161 4173 1320 4212; x_wconf 87' lang='lat' dir='ltr'><strong>commcn-</strong></span> 
     </span>
     <span class='ocr_line' id='line_1_47' title="bbox 67 4237 1320 4322; baseline -0.005 -20"><span class='ocrx_word' id='word_1_386' title='bbox 67 4242 210 4289; x_wconf 69' lang='lat' dir='ltr'><strong>⁰⁰i‘·¹⁸·¹·</strong></span> <span class='ocrx_word' id='word_1_387' title='bbox 246 4243 299 4304; x_wconf 89' lang='lat' dir='ltr'><strong>det</strong></span> <span class='ocrx_word' id='word_1_388' title='bbox 320 4237 511 4322; x_wconf 84' lang='lat' dir='ltr'><strong>diligendum</strong></span> <span class='ocrx_word' id='word_1_389' title='bbox 533 4240 654 4299; x_wconf 88' lang='lat' dir='ltr'><strong>Deuml</strong></span> <span class='ocrx_word' id='word_1_390' title='bbox 694 4241 756 4304; x_wconf 86' lang='lat' dir='ltr'><strong>Hic</strong></span> <span class='ocrx_word' id='word_1_391' title='bbox 778 4253 824 4301; x_wconf 91' lang='lat' dir='ltr'><strong>est</strong></span> <span class='ocrx_word' id='word_1_392' title='bbox 842 4242 903 4300; x_wconf 85' lang='lat' dir='ltr'><strong>Dei</strong></span> <span class='ocrx_word' id='word_1_393' title='bbox 926 4241 1051 4316; x_wconf 86' lang='lat' dir='ltr'><strong>cultus,</strong></span> <span class='ocrx_word' id='word_1_394' title='bbox 1072 4239 1149 4300; x_wconf 82' lang='lat' dir='ltr'><strong>lraec</strong></span> <span class='ocrx_word' id='word_1_395' title='bbox 1172 4258 1244 4298; x_wconf 82' lang='lat' dir='ltr'><strong>vera</strong></span> <span class='ocrx_word' id='word_1_396' title='bbox 1267 4257 1320 4296; x_wconf 90' lang='lat' dir='ltr'><strong>re-</strong></span> 
     </span>
    </p>
   </div>
   <div class='ocr_carea' id='block_1_4' title="bbox 75 1693 238 1794">
    <p class='ocr_par' dir='ltr' id='par_1_5' title="bbox 75 1693 238 1794">
     <span class='ocr_line' id='line_1_48' title="bbox 98 1693 222 1740; baseline 0.056 -7"><span class='ocrx_word' id='word_1_397' title='bbox 98 1693 154 1737; x_wconf 79' lang='lat' dir='ltr'><strong>Dies</strong></span> <span class='ocrx_word' id='word_1_398' title='bbox 165 1694 222 1740; x_wconf 75' lang='lat' dir='ltr'><strong>lecti</strong></span> 
     </span>
     <span class='ocr_line' id='line_1_49' title="bbox 75 1745 238 1794; baseline 0.049 -13"><span class='ocrx_word' id='word_1_399' title='bbox 75 1755 116 1784; x_wconf 84' lang='lat' dir='ltr'><strong>rur</strong></span> <span class='ocrx_word' id='word_1_400' title='bbox 125 1745 238 1794; x_wconf 84' lang='lat' dir='ltr'><strong>instituti.</strong></span> 
     </span>
    </p>
   </div>
   <div class='ocr_carea' id='block_1_5' title="bbox 0 0 1388 4762">
    <p class='ocr_par' dir='ltr' id='par_1_6' title="bbox 0 0 1388 4762">
     <span class='ocr_line' id='line_1_50' title="bbox 0 0 1388 4762; baseline 0 0"><span class='ocrx_word' id='word_1_401' title='bbox 0 0 1388 4762; x_wconf 95' lang='lat' dir='ltr'><strong> </strong></span> 
     </span>
    </p>
   </div>
  </div>
 </body>
</html>
