2768 4762
408 382 817 464 accensus.
1066 396 1147 472 ιω

566 583 632 662 111.

70 781 192 867 Estne
245 790 470 887 utrumque
522 765 602 851 hoc
651 781 971 881 praeceptorum
1014 794 1145 880 genus

229 950 233 957 ·
328 909 549 995 observatu
572 905 891 991 necessarium?

164 1100 216 1175 ’.Δ
265 1096 335 1173 Est
375 1097 509 1196 plane,
544 1098 577 1172 ai
613 1097 807 1170 doctorem
843 1089 995 1164 Paulum
1019 1094 1143 1193 aequi·

72 1250 155 1298 mur
185 1223 240 1296 ita
270 1222 583 1323 praecipientem.
609 1226 678 1295 'St
664 1233 744 1293 tate
767 1228 804 1290 et
829 1226 951 1288 tenete
969 1218 1141 1290 traditio·
1126 1255 1292 1301 umam,
1366 1246 1376 1253 ·

70 1373 152 1432 nes,
177 1370 272 1441 mana
296 1344 496 1429 didicistis,
534 1346 608 1416 sive
633 1368 698 1436 per
722 1364 952 1424 sermonem,
976 1342 1057 1411 sive
1076 1311 1242 1433 periei,
1244 1307 1324 1398 iii·

1153 1404 1320 1449 raucitant.

70 1471 267 1564 epistolem
305 1478 525 1540 nostram
554 1466 665 1539 Unde
702 1465 828 1539 laudat
868 1454 944 1536 hoc
988 1462 1141 1535 nomine
1188 1412 1320 1457 ΜΗ

71 1592 308 1675 Corinthios,
334 1587 437 1689 quod
462 1588 704 1690 apostolica¹
709 1603 937 1688 praecepta,
971 1609 1067 1684 qnae
1088 1584 1141 1659 vi·
1125 1615 1213 1671 »ιιι
1222 1616 1277 1662 ca.
1258 1628 1320 1671 a,

73 1740 119 1788 va
150 1741 242 1788 voce
269 1714 450 1787 tradita
436 1739 512 1813 Jam
544 1727 788 1812 acceperant,
815 1707 948 1783 sedulo
977 1678 1172 1782 eustodi-

72 1856 166 1912 rent.
245 1841 340 1909 Tum
375 1837 550 1910 edmorm
581 1833 959 1911 Thessalonicenses,
996 1835 1062 1906 ⁸nt
1096 1833 1209 1977 ab3¹
1220 1879 1304 1930 M,

74 1963 174 2039 omni
197 1987 238 2034 se
262 1959 377 2034 fratre
396 1958 626 2038 subducant,
654 1959 719 2057 qui
745 1954 980 2046 inordinate,
1009 1973 1048 2033 et
1068 1936 1204 2031 nonM
1283 1930 1288 1952 Ι

72 2083 276 2156 secundnm
330 2083 569 2154 traditionem
613 2080 662 2153 ab
698 2078 891 2181 Apostolis
940 2096 1146 2179 acceptam,

72 2206 247 2280 ambulat.
701 2201 704 2204 ’
841 2290 848 2303 ,

172 2333 214 2398 Β.
267 2331 390 2425 Atque
414 2331 488 2400 hoc
514 2347 591 2417 est,
627 2329 730 2427 quod
757 2344 998 2402 sacrosancta
1024 2328 1146 2428 Syno-

76 2450 146 2522 dus
164 2451 334 2520 Nicena
361 2450 506 2519 divinae
529 2451 745 2549 Scripturas
771 2477 995 2536 consonans,
1021 2454 1213 2573 verbisoat.
1214 2484 1311 2577 „Nico
1266 2499 1324 2530 aa.

75 2588 149 2643 tam
176 2568 374 2642 luculentis
408 2573 609 2668 expressit:
647 2572 806 2671 Oportet
828 2599 897 2645 nos
915 2546 1209 2672 ecclesiasti-{35¹¹
1187 2537 1290 2678 {dp

75 2720 139 2768 cas
155 2693 397 2785 traditiones,
424 2692 501 2766 sire
527 2693 692 2793 scripto,
727 2696 803 2767 aive
818 2685 1163 2768 consuetudine
1102 2692 1196 2769 mai.
1178 2681 1266 2775 '22⁸'

74 2819 254 2894 Ecclesia
265 2834 463 2900 retentae,
487 2818 709 2891 unanimiter
727 2836 765 2890 et
783 2817 1048 2891 inviolabiliter
1074 2819 1143 2892 ob·

74 2968 234 3016 servare.
271 2946 346 3014 ,Et
369 2943 470 3042 apud
496 2932 729 3042 Cyprianum'
770 2941 951 3041 legimns,
978 2969 1057 3016 non
1076 2943 1145 3015 mi·
1156 2955 1338 3066 afflatus,

21 3148 35 3163 ι
74 3093 146 3138 nus
168 3084 287 3137 ratum
306 3092 405 3156 asse,
433 3064 538 3164 qnod
564 3065 725 3138 dictante
746 3067 888 3165 Spiritu
902 3082 1032 3138 sancto
1048 3069 1148 3168 Apo·

75 3191 163 3262 stoli
189 3188 443 3279 tradiderunt,
481 3213 592 3287 quam
612 3188 714 3287 quod
741 3184 909 3264 Christus
927 3190 1010 3290 ipse
1032 3190 1147 3262 tradi·
1203 3232 1207 3239 ·
1296 3280 1301 3299 ·

75 3312 141 3384 dit.
192 3311 297 3385 Sicut
317 3313 437 3383 ‘enim
467 3336 535 3411 par
563 3329 620 3384 est
642 3312 798 3411 Spiritui
822 3331 950 3387 sancto
975 3331 1015 3386 et
1039 3314 1146 3387 Chri·
1156 3339 1178 3391 st
1194 3301 1321 3382 nnm'
1366 3327 1370 3337 '

75 3454 135 3510 eto
170 3436 366 3509 divinitas:
406 3435 458 3508 ita
491 3433 685 3533 utriusque
712 3436 751 3508 in
777 3437 855 3511 s'uia
880 3437 1058 3513 institutis
1083 3463 1146 3512 ae·

74 3584 150 3659 qua
177 3577 235 3633 est
255 3558 457 3633 auotoritas
483 3575 521 3630 et
541 3575 721 3658 potestas.

1202 2612 1324 2737 tant

338 3790 880 3868 SCRIPTURAE.

155 3963 198 4023 11.
219 3961 366 4026 Thess.
388 3965 451 4025 IL:
474 3963 580 4043 State,
603 3977 634 4026 et
655 3977 754 4026 tenete
776 3977 857 4044 etc,
878 3977 915 4025 nt
934 3967 967 4029 in
988 3979 1080 4031 terte.

157 4071 249 4131 Cor.
281 4073 357 4133 XL:
391 4072 500 4135 Laudo
523 4070 590 4134 'ros
612 4072 744 4148 iratres,
775 4071 861 4154 qnod
881 4094 939 4157 per
960 4079 1063 4137 omnia
1084 4080 1143 4138 mei

68 4197 219 4239 memores
243 4181 331 4238 estis:
354 4191 385 4241 et
405 4182 488 4242 sicut
508 4180 625 4242 tradidi
650 4180 762 4258 vobis,
783 4194 948 4267 praecepta
968 4204 1034 4244 mea
1056 4197 1143 4246 tene-

65 4289 116 4348 tis.
159 4285 204 4347 Et
224 4283 357 4348 ibidem:
389 4286 516 4350 Caetera
537 4300 661 4365 annm,
683 4310 751 4351 eum
772 4309 905 4367 renero,
926 4287 1099 4374 disponam.
