2768 4762
171 358 172 362 ¹
246 360 298 426 93
371 420 375 435 ¹
623 352 693 411 nn
728 351 868 415 rina
900 353 968 413 aa

246 538 308 601 Ubi
338 537 517 616 agnovimus
543 535 701 596 Christum
733 538 765 596 in
791 537 916 599 Psalmo
935 537 978 599 de
1003 557 1036 599 se
1071 536 1334 622 prophetantem

72 646 212 694 mamm
247 624 402 685 Dominus
431 622 508 681 dixit
526 619 566 681 ad
593 642 640 680 me
654 663 664 697 ‚
695 618 779 682 lilius
801 644 887 684 meus
904 643 937 684 es
965 634 1020 698 tu,
1041 642 1099 705 ego
1122 622 1219 686 hodie
1242 633 1335 711 genui

248 723 293 770 te:
316 707 362 767 ibi
384 708 561 790 agnovimus
584 704 754 766 Ecclesiam
785 708 818 768 in
839 728 895 784 ee,
917 702 1005 789 quaed
1024 708 1182 789 sequiturz
1211 709 1334 773 Postu-

249 793 279 854 la
298 808 315 852 e
338 812 402 868 me,
427 803 457 851 ct
478 789 561 850 dabo
588 789 647 849 tibi
669 802 773 873 gentes
786 790 1010 853 haereditatem
1028 802 1132 867 tuam,
1155 804 1187 853 et
1206 816 1334 876 posscs-

249 881 367 939 sionem
391 884 478 936 tuam
496 875 645 935 termines
673 884 785 947 terrae.
829 875 892 936 Ubi
915 876 1098 960 agnovimus
1119 876 1334 942 CHRISTUM

250 964 283 1022 in
305 982 362 1038 eo,
410 959 476 1020 uod
496 960 649 1042 scriptum
674 971 736 1021 est:
767 959 810 1021 Et
835 962 902 1044 ipse
930 972 1077 1042 tanquam
1097 980 1231 1042 sponsus
1252 984 1333 1046 pro-

73 1059 201 1106 mamus.
217 1045 360 1107 &cedens
388 982 427 1104 de
454 1041 590 1104 thalamo
618 1063 697 1119 suo,
730 1044 877 1106 exultavit
910 1056 946 1105 nt
969 1047 1053 1129 gigas
1075 1045 1115 1104 ad
1142 1048 1332 1110 currendum

249 1133 349 1191 viam:
371 1128 417 1189 ibi
441 1129 618 1210 agnovimus
649 1139 682 1188 et
707 1126 878 1190 Ecclesiam
895 1130 927 1188 in
951 1149 1009 1207 eo,
1042 1129 1132 1210 quod
1156 1131 1253 1213 paulo
1275 1154 1332 1193 su-

211 1238 217 1247 ·
250 1219 355 1298 perias
380 1211 521 1273 dicitur:
553 1212 590 1279 la
616 1232 738 1273 omnem
762 1225 878 1273 terram
903 1215 995 1273 exivit
1025 1234 1122 1274 sonus
1144 1235 1269 1294 eorum,
1289 1215 1331 1279 et

251 1303 282 1359 iu
306 1297 384 1359 fines
409 1295 497 1358 erbis
512 1309 615 1358 terrae
634 1296 731 1357 verba
748 1318 866 1358 eorum.
909 1299 947 1358 In
969 1296 1036 1360 sole
1058 1302 1164 1379 posuit
1184 1298 1331 1362 tabesam

99 1383 354 1449 seersstsnculum
378 1403 481 1443 suam:
510 1381 583 1462 Ipsa
602 1393 647 1441 est
679 1381 820 1444 Ecclesia
841 1384 874 1442 in
895 1381 961 1443 sole
976 1384 1099 1466 posita,
1121 1381 1184 1444 hoc
1208 1397 1274 1461 est,
1297 1388 1329 1445 in

74 1459 220 1512 '⁰¹⁰¹’⁰⁵⁵²⁸·
249 1468 499 1529 manifestatione
543 1464 689 1526 omuibus
720 1478 796 1528 nota
827 1487 927 1548 usquc
962 1467 1002 1527 ad
1039 1469 1187 1528 terminos
1216 1481 1329 1530 terrae.

250 1552 364 1613 Adfert
382 1550 494 1612 deinde
512 1548 603 1632 plura
621 1570 656 1609 ex
673 1552 838 1634 scripturis
851 1553 1037 1627 testimonia,
1060 1550 1154 1612 veluti
1166 1573 1201 1613 ex
1220 1552 1330 1637 psalm.

250 1637 337 1698 xxi.
381 1636 611 1697 convertentur
633 1632 673 1693 ad
698 1635 869 1695 Dominum
883 1636 1018 1696 universi
1042 1632 1118 1696 lines
1144 1649 1245 1697 terrae
1269 1649 1328 1697 ete.

251 1723 297 1781 Ex
316 1719 424 1804 psalm.
437 1718 535 1780 CVL:
556 1716 701 1780 Exaltare
721 1741 817 1804 super
846 1719 947 1782 caelos
965 1720 1066 1797 Deus,
1092 1732 1124 1781 et
1144 1743 1179 1782 su
1204 1742 1239 1781 er
1261 1743 1332 1782 om·

250 1828 321 1868 nem
339 1818 456 1866 terram
481 1801 582 1887 gloria
597 1814 661 1863 tua.
705 1802 752 1864 Ex
773 1803 881 1889 psalm
904 1805 1034 1864 Lm:
1056 1805 1099 1865 Et
1117 1742 1332 1867 dordnabitur

252 1891 366 1952 amari
390 1909 493 1971 usque
516 1886 556 1946 ad
584 1907 668 1946 mare
690 1901 751 1950 etc.
795 1889 872 1949 ltcm
889 1909 926 1949 ea
944 1888 1065 1949 Daniel.
1089 1889 1152 1950 IL:
1183 1891 1331 1974 Lapidem

253 1975 411 2050 crevisse,
431 1984 462 2032 et
480 1971 597 2031 factum
615 1983 752 2033 montem
773 1995 820 2034 ma
863 1993 933 2049 um,
969 1985 1001 2034 et
1024 1973 1189 2057 replevisse
1209 1995 1333 2035 omnem

252 2073 377 2119 terram.
428 2057 476 2116 Ex
501 2055 617 2117 Hebae.
645 2054 720 2116 111.=
755 2057 798 2119 Et
822 1995 926 2118 lludis
953 2060 1021 2138 ejus
1046 2057 1136 2140 plena
1167 2070 1212 2116 est
1234 2070 1331 2120 terra.

252 2144 299 2204 Es
324 2142 423 2202 ussa:
446 2138 546 2205 ulva
577 2130 708 2201 Laetare
731 2142 865 2218 sterilis,
903 2162 983 2223 quae
1002 2162 1067 2203 non
1083 2141 1167 2224 paris
1180 2153 1239 2202 etc.
1282 2143 1332 2202 Eu

254 2226 360 2311 psalm.
391 2223 522 2285 XLIX:
556 2224 599 2285 Et
628 2224 751 2288 vocavit
774 2241 890 2289 terram
928 2247 945 2286 a
970 2225 1044 2288 solis
1068 2240 1143 2286 ortu
1163 2247 1264 2308 nsque
1289 2224 1331 2289 ad

255 2331 408 2373 occasum.
452 2309 495 2373 Et
520 2328 555 2369 ex
583 2307 683 2389 Soph.
702 2309 766 2371 IL:
798 2309 990 2374 Adorabunt
1012 2330 1083 2373 eum
1109 2311 1170 2370 viri
1192 2309 1234 2371 de
1256 2310 1356 2395 loco·

255 2417 326 2474 suo,
344 2416 450 2457 omnes
463 2393 581 2454 insulae
600 2395 747 2478 gentium.

337 2537 368 2593 3.
410 2523 521 2586 IDEM
550 2537 652 2587 contr.
690 2527 780 2608 epist.
809 2520 945 2584 Manich.
957 2567 967 2602 ,
1001 2545 1094 2607 quam
1116 2537 1231 2587 vocant
1257 2522 1331 2583 sun-

15 2626 20 2633 “
78 2608 334 2693 Quasnam.
358 2629 425 2692 cap.
445 2617 493 2682 a:
529 2610 572 2670 Ut
600 2608 740 2669 omittam
760 2610 996 2670 sincerissimam
1022 2611 1214 2691 sapientiam,
1233 2608 1341 2669 multa.

79 2683 328 2792 ‘elfjfhfflpffgjsunt
343 2693 422 2770 alia,
445 2713 526 2776 quae
547 2695 580 2754 in
600 2692 789 2790 ‘Catholime'
801 2692 958 2753 Ecclesiae
980 2695 1098 2776 gremio
1124 2715 1172 2755 me
1195 2695 1333 2790 justissi-

79 2785 126 2823 ΙΝ·
140 2788 301 2840 ‘wem-me
332 2789 466 2840 teneant.
515 2778 613 2840 Tenet
651 2798 813 2839 consensio
843 2776 1035 2861 populorum
1066 2788 1160 2860 atque
1182 2792 1329 2863 gentium,

78 2893 203 2941 tonnam.
212 2898 244 2938 η.
254 2875 339 2926 tenet
372 2865 541 2924 aucteritas
574 2861 731 2925 miraculis
757 2860 918 2939 inchoata,
948 2881 1003 2944 spe
1022 2863 1166 2940 nutrita,
1203 2864 1330 2922 caritate

255 2959 360 3024 aucta,
382 2960 535 3008 vetustate
559 2943 690 3008 firmata.
732 2945 831 3006 Tenet
847 2944 886 3006 ab
912 2956 978 3029 ipsa
993 2945 1066 3007 sede
1089 2945 1176 3007 Petri
1191 2948 1331 3029 Aposto-

256 3032 301 3109 li,
333 3032 385 3091 cui
432 3032 577 3093 ascendas
596 3051 668 3092 oves
690 3050 761 3105 suas
787 3042 861 3113 post
889 3033 1149 3094 resurrectionem
1174 3021 1329 3091 Dominus

255 3053 500 3195 commeudhvit,
528 3136 627 3198 usque
655 3114 695 3176 ad
705 3128 909 3199 praesentem
932 3114 1156 3200 Episcopatum
1175 3115 1330 3176 successio

255 3200 462 3264 sacerdotum.
515 3201 614 3262 Tenet
649 3204 810 3285 postremo
849 3201 952 3283 ipsum
982 3198 1161 3261 Catholicae
1198 3219 1331 3273 nomen,

257 3285 345 3369 quod
365 3308 430 3349 non
453 3287 519 3348 sine
548 3305 640 3346 causa
658 3285 739 3347 inter
762 3297 823 3346 tam
844 3283 956 3346 multas
974 3283 1113 3347 haereses
1130 3283 1176 3344 sie
1197 3296 1255 3343 ista
1268 3282 1331 3341 Ec-

256 3370 349 3432 clesia
370 3371 439 3432 sola
459 3369 616 3447 obtinuit,
640 3383 686 3448 ut,
708 3391 778 3431 oum
798 3390 903 3431 omnes
925 3368 1073 3431 haeretici
1100 3390 1133 3429 se
1150 3365 1330 3429 Catholicos

257 3455 320 3513 dici
339 3456 453 3534 velint,
484 3456 646 3537 quaerenti
673 3468 775 3517 manen
807 3453 974 3539 peregrino
988 3453 1118 3531 alicui,
1139 3448 1259 3523 ubiad
1273 3450 1333 3509 Ca-

257 3537 408 3599 tliolicam
442 3542 663 3616 conveniatur,
699 3536 806 3600 nullus
836 3537 1067 3601 haereticorum
1089 3536 1139 3599 vel
1176 3534 1334 3599 basilicam

257 3643 343 3683 suam
354 3666 364 3702 ,
386 3623 435 3685 vel
454 3623 581 3685 domum
600 3625 713 3686 audeat
740 3620 916 3690 ostendere.

342 3767 372 3823 t.
414 3754 524 3817 IDEM
545 3753 585 3816 de
611 3775 684 3816 vera
703 3752 801 3838 Relig.
831 3772 898 3836 cap.
922 3764 972 3828 t‚=
1002 3750 1149 3812 Tenenda
1167 3762 1214 3812 est
1237 3746 1332 3811 nobis

258 3839 436 3903 Christiana
464 3838 596 3925 religio,
627 3851 659 3901 et
692 3840 761 3921 ejus
794 3837 950 3899 Ecclesiae
969 3837 1230 3913 communicatio,
1253 3853 1336 3916 quac

259 3924 424 3986 Catholica
444 3936 508 4004 est,
541 3939 574 3987 et
591 3922 754 3988 Catholica
768 3924 971 3999 nominatur,
1004 3943 1069 3983 non
1096 3920 1199 3983 solum
1224 3920 1339 3992 esuis,

258 4031 366 4072 verum
401 4012 494 4072 etiam
509 4009 558 4071 'ab
590 4008 733 4071 omnibus
764 4008 905 4072 inimicis.
954 4003 1063 4069 Velint
1095 4008 1177 4068 enim
1197 4002 1340 4065 nolintve

259 4096 321 4180 ipsi
348 4093 478 4178 qnoq'ue
499 4095 667 4172 haeretici,
690 4106 722 4155 et
736 4092 935 4156 schismatum
953 4092 1093 4168 alumni,
1127 4088 1252 4173 quande
1272 4108 1340 4150 non

261 4200 331 4239 cnm
361 4183 443 4258 suis,
475 4181 529 4243 sed
556 4200 627 4240 cum
645 4180 797 4242 cananeas
826 4178 1021 4263 loquuntur,
1044 4175 1237 4239 Catholicam
1256 4170 1338 4233 nihil

88 4264 366 4349 esttosscnoaliud,
388 4286 482 4350 quam
503 4264 697 4331 Catholiesm
718 4277 841 4328 vocant.
878 4262 956 4328 lleu
968 4269 1051 4327 euim
1067 4272 1201 4348 pessunt
1220 4256 1340 4322 iutelli-

87 4333 188 4372 ututur
209 4325 240 4369 ad

546 4494 566 4525 θ
