2768 4762
401 387 794 477 Ducobotitl.
1060 398 1143 472 m

63 611 153 672 vens,
187 604 282 675 qnam
303 586 359 652 itta
385 585 437 650 leo
456 585 623 650 mortunsl
677 582 774 646 Recte
800 580 865 646 hoe
893 580 937 663 de
953 580 1141 646 Eoelesiiste
1167 579 1248 643 Μ
1263 580 1319 627 ¹¹⁰¹·

62 686 291 824 proponerem,
331 676 358 736 si
394 673 529 735 Paulum
558 675 590 733 in
621 671 736 755 spiritu
772 681 931 731 mortuum
961 666 1138 730 confiterer.
1150 639 1302 724 wilaf*

97 764 211 845 tnlque
241 761 340 822 sancti
375 778 441 819 non
471 756 668 842 appellantur
698 755 833 831 mortui,
864 740 1319 827 reddormientes·1.‘’ii'iii.¹i.ii.'

64 847 156 908 Unde
169 858 201 907 et
220 847 372 920 Lazarus,
402 844 457 925 qui
474 853 708 905 resurrecturus
732 850 810 916 eret,
824 838 976 900 dormisse
988 828 1318 922 perhibe-{ffl't'gf

63 945 127 997 tur.
175 930 218 991 Et
251 927 424 1016 Apostolus
447 939 531 989 vetat
543 925 830 989 Thessalonicenses
851 921 890 984 de
912 921 1139 986 dormientibus
1149 928 1301 1019 agnilus·-

63 1016 254 1080 msstfiml'l.
1148 1006 1318 1089 debetornmin

145 1111 176 1168 a
220 1093 468 1160 seauaanus
487 1094 581 1181 viga.
600 1096 684 1157 retr.
707 1107 737 1157 a
758 1092 847 1154 rani.
860 1091 940 1176 aps
969 1093 1044 1156 ‘rea
1056 1078 1319 1181 matildi-⁸13⁰

60 1204 143 1268 qnae
173 1184 207 1244 in
240 1181 458 1244 festivitatibus
484 1194 663 1242 sanctorum
690 1180 853 1264 vigilanter
866 1178 1063 1240 considerare
1085 1179 1140 1241 de·

59 1268 188 1330 bemus:
210 1268 356 1329 auxilium
375 1268 493 1343 saneti,
520 1264 690 1348 exemplum
714 1267 799 1345 ejus,
829 1262 1042 1323 confusions·
1064 1282 1140 1323 nos·
1195 1309 1199 1315 .

60 1365 152 1416 tram
212 1351 368 1412 Auxilium
401 1352 488 1432 ejus,
514 1351 609 1431 quia,
631 1352 685 1431 qui
710 1361 821 1431 potens
845 1348 877 1406 in
899 1359 1007 1423 terra,
1026 1359 1142 1429 poten·

59 1440 128 1500 tior
159 1449 205 1498 est
234 1439 267 1496 in
301 1434 392 1496 caelis
424 1446 494 1493 ante
527 1433 636 1493 faeiem
664 1432 792 1492 Domini
817 1431 876 1491 Dei
893 1432 951 1491 sui.
994 1430 1027 1490 si
1048 1432 1139 1508 enirn,

61 1522 139 1583 dum
161 1521 213 1582 bie
234 1524 369 1596 viveret,
397 1519 540 1578 misertus
562 1530 609 1577 est
627 1514 866 1600 peecatoribus,
902 1527 935 1576 et
956 1519 1057 1576 oravit
1078 1535 1139 1599 pro

60 1607 127 1667 eis:
161 1625 244 1664 nune
274 1616 363 1664 tanto
383 1601 532 1683 amplius,
567 1613 685 1683 quanto
714 1603 817 1661 verius
847 1602 988 1683 agnoscit
1003 1600 1140 1661 miserias

60 1703 206 1764 nostras,
230 1700 301 1749 orat
319 1707 379 1770 pro
408 1685 501 1745 nobis
521 1685 664 1746 Patrem:
685 1688 760 1768 quin
780 1684 869 1746 beata
890 1685 943 1745 illa
964 1687 1066 1767 patria
1088 1674 1318 1770 oa-gfffggffffl

62 1776 188 1834 ritatem
208 1775 278 1854 ejus
301 1791 366 1832 non
385 1771 575 1848 immutavit,
604 1772 657 1833 sed
671 1771 884 1854 augmentavit
928 1769 1036 1850 Neque
1048 1770 1139 1845 enim,
1150 1775 1176 1815 n
1184 1776 1259 1818 mlo·

65 1858 139 1937 quia
169 1854 367 1939 impassibilis
396 1856 545 1930 omnino,
582 1855 654 1916 ideo
688 1868 719 1915 et
749 1852 1007 1937 incompassibilis
1042 1853 1140 1914 factus
1307 1862 1311 1873 '

64 1951 134 2000 est:
156 1941 209 2001 sed
226 1955 310 2000 nnnc
328 1943 434 2021 potius
455 1939 557 1999 induit
577 1940 638 2001 sibi
657 1942 774 2000 viseera
796 1937 1046 2013 misericordiae,
1070 1958 1140 1998 eum

61 2035 133 2084 ante
160 2023 276 2084 fontem
307 2022 539 2084 misericordiae
557 2026 682 2084 exsistit.
727 2024 784 2084 Est
803 2036 834 2084 et
852 2023 913 2084 alia
936 2043 1036 2100 eausa,
1059 2042 1139 2105 quae
1216 2070 1221 2084 .

59 2109 155 2191 magis
184 2119 274 2192 urget
296 2120 443 2185 sanctos,
473 2119 510 2168 ut
530 2107 659 2170 solliciti
679 2110 742 2170 sint
761 2108 800 2169 de
820 2107 929 2185 nobis,
954 2109 1029 2190 quia
1050 2109 1140 2188 juxta

60 2213 167 2253 vocem
189 2189 351 2275 Apostoli:
379 2193 466 2253 Dens
499 2195 646 2275 providet
672 2215 734 2276 pro
751 2193 868 2272 nobis,
895 2213 934 2252 ne
955 2195 1020 2254 sine
1043 2191 1137 2253 nobis

62 2289 339 2352 consummentur,
378 2277 460 2337 sient
484 2278 527 2336 ait
568 2291 691 2338 sanctus
721 2278 838 2338 David:
872 2279 923 2337 Me
961 2286 1137 2360 exspectant
1150 2285 1292 2336 Pul-stus·

58 2361 156 2443 justi,
192 2359 292 2419 donee
314 2357 469 2418 retribuas
490 2358 575 2418 mibi.
618 2360 774 2424 Debemus
795 2365 885 2421 etiem
907 2360 1065 2421 attendere
1085 2382 1139 2421 ex·

61 2444 199 2524 emplum
227 2445 314 2522 ejus:
354 2458 428 2520 qum
460 2441 608 2521 quamdiu
644 2445 676 2501 in
692 2448 785 2503 terris
817 2447 898 2503 visus
924 2456 986 2521 est,
1020 2456 1140 2505 etcum

61 2525 244 2586 hominibus
277 2535 474 2583 conversatus
508 2537 573 2599 est,
614 2545 678 2584 non
711 2526 875 2586 declinavit
905 2526 945 2586 nd
974 2527 1139 2604 dexteram,

59 2631 166 2692 neque
197 2607 237 2669 ad
258 2608 428 2669 sinistram:
450 2607 505 2667 sed
527 2609 607 2666 viam
634 2611 748 2692 regiam
767 2615 876 2685 tenuit,
900 2610 999 2670 donec
1021 2614 1140 2675 veniret

60 2695 102 2757 ad
125 2692 228 2768 illum,
250 2693 305 2775 qni
326 2692 417 2752 dicits
439 2693 508 2775 Ego
529 2711 597 2752 sum
617 2694 686 2770 via,
723 2706 754 2754 et
776 2697 888 2754 veritas
909 2707 940 2754 et
962 2696 1033 2754 vita.
1077 2695 1138 2756 Sed
1149 2696 1275 2747 ³⁰⁸²¹·¹l·
1286 2704 1306 2742 ὅ·

61 2791 94 2841 et
125 2777 317 2863 diligentiori
357 2779 473 2837 intuitu
502 2777 717 2839 confusionem
746 2791 883 2839 nostram
927 2779 1141 2862 inspiciamusr

61 2865 138 2948 quia
160 2863 256 2924 bomo
280 2860 342 2922 illis
366 2862 473 2922 similis
497 2861 589 2922 nobis
612 2861 672 2924 fuit
692 2863 867 2946 passibilis,
888 2884 922 2924 ex
944 2863 1052 2923 eodem
1073 2863 1142 2925 luto

62 2949 232 3024 formatus,
267 2966 303 3006 ex
334 2966 399 3027 quo
435 2957 467 3006 et
491 2967 559 3007 nos.
602 2948 689 3024 Quid
712 2961 758 3009 est
775 2970 868 3032 ergo,
893 2948 982 3030 qnod
1003 2969 1067 3009 non
1088 2970 1143 3009 so-

62 3031 129 3094 lum
154 3029 298 3107 difficile,
320 3029 375 3090 sed
393 3042 424 3090 et
437 3030 629 3115 impossibile
649 3033 819 3109 eredimus,
843 3046 878 3093 ut
901 3035 1047 3093 faciamus
1064 3053 1142 3115 ope·

61 3138 123 3195 ra,
162 3136 241 3199 qnae
270 3115 360 3191 fecit,
391 3126 423 3176 et
447 3135 613 3198 sequamur
644 3120 772 3201 vestigio
802 3117 891 3199 ejusl
934 3117 986 3177 Sie
1009 3138 1086 3200 ergo
1109 3119 1141 3177 in

60 3214 241 3264 sanctornm
274 3198 493 3260 festivitatibus
523 3213 555 3262 et
588 3200 721 3284 gaudere
753 3203 959 3264 eteonfundi
979 3201 1140 3262 debe-musa
1255 3265 1262 3278 ⁶

60 3286 218 3372 gaudere,
249 3286 324 3367 quia
354 3297 507 3368 patronos
528 3288 758 3368 praemisimnsi
793 3286 965 3362 confundi,
988 3288 1063 3368 quia
1087 3267 1314 3371 eostfllss‘ssfm

60 3372 178 3433 imitari
209 3388 274 3429 non
307 3389 481 3452 possumus.
526 3369 612 3446 Quid
635 3369 696 3431 illis
722 3377 891 3455 potentius,
918 3372 993 3431 dum
1014 3371 1141 3443 fuerunt

57 3459 92 3517 in
122 3453 237 3516 terrisl
264 3474 400 3536 qnorum
433 3453 522 3514 alteri
552 3453 720 3516 traduntur
740 3457 838 3517 claves
858 3458 944 3538 regni
971 3453 1139 3530 caelorum,

59 3540 152 3602 alteri
183 3540 391 3622 magisterium
417 3541 570 3622 gentium:
603 3538 681 3601 alter
704 3541 851 3602 Ananiam
890 3553 920 3602 et
952 3538 1137 3623 Sapphirem
1147 3530 1314 3630 ᾖζῑῑξῆξέζ

59 3624 179 3689 oceidit
198 3624 230 3683 in
256 3622 367 3685 ,verbis
390 3625 454 3684 oris
476 3625 542 3699 sui,
565 3622 643 3684 alter
661 3624 776 3704 donat,
810 3625 967 3708 quidquid
988 3625 1085 3685 donat
1105 3626 1136 3684 in
1147 3642 1166 3677 ι·
1177 3613 1211 3684 oi·
1224 3611 1253 3677 ἰ
1261 3612 1315 3676 Gor:

59 3728 194 3792 persona
213 3705 350 3782 Christi,
373 3720 405 3768 et
424 3727 492 3767 cum
516 3705 712 3785 infirmatur,
735 3724 810 3770 tunc
831 3712 948 3770 fortior
964 3722 1009 3770 est
1027 3722 1058 3771 et
1076 3690 1167 3793 ρο)
1181 3689 1212 3729 ¹⁰⁸
1226 3690 1258 3733 ω’
1272 3692 1293 3728 ⁹⁰

62 3806 137 3854 tens.
182 3793 285 3869 Quam
313 3795 505 3873 potentiores
538 3806 609 3854 sunt
635 3794 802 3870 incaelis,
836 3797 889 3877 qni
911 3807 973 3855 tam
993 3806 1136 3877 potentes

63 3876 190 3938 fuerunt
214 3878 246 3936 in
268 3875 382 3936 terrisl
424 3877 465 3936 Et
491 3879 546 3958 qui
566 3877 657 3939 nobis
680 3879 875 3961 reliquerunt
896 3882 1017 3961 majora
1037 3901 1139 3940 exem-

62 3960 131 4044 pla,
152 3981 246 4045 qnam
265 3957 334 4038 illi,
379 3962 412 4020 ui
432 3962 463 4020 in
486 3960 564 4022 fame
583 3975 615 4022 et
638 3965 706 4041 siti,
729 3966 761 4024 in
789 3963 908 4047 frigore
931 3976 962 4025 et
985 3965 1138 4042 nuditate,

62 4058 95 4105 et
126 4047 157 4105 in
187 4043 332 4107 omnibns
356 3981 442 4123 illis,
477 4066 556 4127 quae
577 4047 695 4107 Paulus
723 4061 901 4125 enumerat,
930 4049 1048 4132 jugiter
1066 4034 1290 4110 suntmfl’ffi

60 4128 189 4203 afllieti,
226 4143 257 4190 et
284 4129 406 4190 demum
430 4129 511 4190 felici
531 4134 681 4207 martyrio
708 4153 802 4215 regna
825 4133 965 4194 caelestia
987 4155 1138 4194 conscen—

59 4214 199 4276 deruntl
240 4213 323 4274 Vere
343 4213 434 4275 nobis
453 4213 555 4275 rubor
573 4217 767 4277 confusionis
790 4230 882 4296 sunt,
918 4238 997 4300 quos
1014 4221 1063 4278 vix
1079 4214 1137 4279 au-
1157 4252 1269 4295 mmm
1289 4268 1311 4295 ο,

61 4300 171 4363 demus
194 4299 365 4385 respicere,
396 4317 437 4361 ne
468 4297 568 4363 dieam
590 4302 712 4364 imitari.
756 4300 888 4366 oremus
909 4322 984 4388 ergo
1008 4322 1079 4382 eos,
1100 4266 1315 4364 utuouucbs
