2768 4762
250 335 336 454 ἱΜ
386 436 389 443 .
567 373 637 438 DE
669 369 936 436 CARITATE
964 371 1031 434 ΕΤ

254 563 328 625 dum
352 558 526 633 habuistis,
571 559 811 643 quibuscunque
840 580 875 621 ex
905 563 1034 623 nomine
1064 560 1234 625 advocatus
1268 567 1344 653 ipsis

255 649 358 710 adluit
397 644 578 729 operibus,
603 658 765 727 quotquot
799 644 980 707 aberrantes
1021 645 1061 706 nd
1090 650 1170 708 riam
1199 650 1342 732 reduxit,

255 750 472 817 quoscunque
489 731 612 791 sanitati
631 725 798 808 restituit,
844 716 1094 812 'quibuscunque
1130 754 1247 816 pueros
1279 741 1350 821 jam

254 830 398 879 mortuos
417 812 567 876 advitam
592 815 739 875 reductos
759 815 918 892 reddidit,
953 829 1113 898 quotquot
1137 820 1216 881 ritae
1237 827 1352 886 termi-

226 907 355 966 'miuos
376 904 570 985 prorogarit.
615 900 765 961 Collectis
784 902 816 959 in
839 919 936 960 unum
952 899 1001 961 bis
1023 903 1179 980 omnlbus,
1202 926 1238 964 ex
1258 929 1351 969 com-

253 989 340 1050 muni
366 985 511 1062 symbolo
539 988 669 1060 martyri
702 987 875 1046 encomium
898 999 1080 1047 construite.
1126 989 1276 1051 Conferte
1298 996 1353 1053 in-

254 1087 303 1135 ter
318 1091 374 1132 vos
396 1083 529 1146 mutuo,
554 1091 631 1152 quae
658 1073 794 1154 quisque
820 1072 928 1145 novit,
951 1070 1005 1132 illa
1021 1071 1236 1135 subministret
1250 1078 1348 1159 igno·

256 1158 358 1234 nanti,
384 1174 461 1237 quae
480 1157 627 1237 ignorat,
663 1153 715 1214 illa
738 1157 870 1237 accipiat
890 1155 928 1215 ab
955 1176 1010 1232 eo,
1034 1146 1225 1237 quinovit,
1250 1176 1351 1246 atque

257 1246 300 1304 ita
325 1243 412 1323 quasi
446 1239 484 1300 ad
512 1241 705 1306 convivium,
735 1241 822 1320 quod
848 1243 982 1322 quisque
1004 1239 1109 1317 babet,
1131 1244 1342 1326 conferentes,

256 1339 383 1388 nostrae
412 1327 563 1408 ignoscite
596 1323 812 1384 imbecillitati.
868 1327 929 1385 Ista
963 1346 1095 1407 namque
1121 1328 1247 1389 demum
1270 1347 1346 1393 sunt

257 1412 403 1487 martyris
429 1411 583 1484 encomia,
622 1409 832 1489 spiritualium
859 1409 1075 1470 cbar‘smutnrn
1108 1412 1243 1474 divitiae.
1301 1419 1345 1479 Et

98 1513 140 1575 'aa
161 1509 248 1552 ruriam
259 1501 332 1580 post
351 1513 472 1578 pauca:
505 1492 554 1552 nd
577 1494 724 1569 Martyris
740 1515 813 1554 vcro
833 1497 1011 1555 memoriam
1030 1508 1061 1555 ct
1079 1508 1147 1558 tota
1165 1501 1253 1582 regio
1273 1524 1344 1563 mo·

80 1562 291 1654 ssssssasstssiita
319 1594 382 1657 est,
413 1578 507 1638 etad
532 1577 616 1637 illius
647 1579 757 1638 sestum
782 1579 863 1639 diem
894 1578 987 1655 urbs,
1017 1583 1160 1642 universa
1183 1586 1342 1663 immutata

79 1658 237 1752 ffl‘wfflu·
260 1667 360 1749 gestit.
402 1664 511 1744 Neque
534 1665 657 1746 cognati
684 1662 816 1722 divitum
845 1664 884 1725 ad
905 1665 1064 1744 Majorum
1084 1688 1210 1727 suorum
1231 1671 1339 1752 sepul·

8 1738 13 1757 ¹
127 1736 134 1752 ⁸
248 1771 314 1817 ,cra
336 1749 514 1823 declinant,
536 1749 589 1806 scd
613 1768 717 1807 omnes
739 1749 778 1808 ad
791 1751 915 1830 pietatis
933 1748 1037 1809 locum
1058 1753 1200 1818 tendunt.
1243 1755 1284 1815 Et
1307 1758 1338 1815 in

261 1834 344 1895 fine=
374 1835 458 1893 Deus
484 1830 654 1891 Ecclesiam
676 1832 756 1892 banc
780 1836 937 1895 immotam
958 1855 994 1894 ao
1025 1840 1141 1919 magnis
1170 1851 1341 1915 martyrum

79 1915 249 2017 {33¹3ssss
260 1917 403 1980 turribus
431 1918 579 1975 munitam
609 1930 794 1995 conservet,
836 1931 866 1979 et
886 1939 990 1979 omncs
1014 1921 1183 1983 furentium
1202 1923 1343 1985 baereti-

80 2019 152 2105 τᾶξω
168 2011 369 2063 man-corum
407 2000 535 2060 insidias
571 2013 601 2060 et
636 2003 780 2062 incursus
813 2005 846 2062 in
882 2005 1110 2086 tranquillitate
1142 2027 1177 2065 ac
1211 2008 1342 2070 silentio

130 2087 138 2102 ⁶
259 2099 385 2150 avertat.
475 2111 478 2119 ¹

345 2184 377 2240 [ι.
420 2168 663 2230 GREGORIUS
684 2169 757 2230 Nan.
780 2184 859 2232 orat.
883 2173 916 2232 in
938 2173 971 2232 S.
993 2174 1156 2259 Cypriam:
1186 2173 1233 2232 Tu
1260 2196 1342 2235 vcro

81 2257 321 2346 ¹³7⁰⁰¹*⁸·2{·nos
355 2254 395 2315 ab
426 2253 489 2315 alto
518 2256 676 2338 propitius
714 2258 848 2338 respice,
882 2272 1084 2342 nostrumque
1104 2278 1276 2319 sermonem
1306 2282 1343 2320 ac

79 2322 253 2419 liii'lilinm
264 2345 358 2402 vitam
374 2341 491 2424 dirige,
514 2351 545 2400 et
562 2351 699 2400 sanctum
724 2340 807 2402 ovile
824 2342 886 2402 boo
903 2365 1011 2425 pasce,
1034 2357 1088 2406 aut
1103 2333 1277 2435 un‘aqrcge,
1306 2366 1338 2403 ac

80 2406 200 2462 ¹¹⁰P¹⁰¹⁸⁸
263 2427 407 2508 reliqua,
429 2435 580 2506 quantum
601 2424 752 2507 possibile
769 2440 832 2504 est,
860 2427 899 2488 ad
923 2428 1052 2490 meliora
1072 2429 1217 2512 dispone,
1243 2429 1341 2488 mole·

259 2525 388 2594 stosque
418 2509 510 2593 lupos
533 2509 724 2585 syllabarum
754 2532 789 2572 ac
807 2511 976 2572 verborum
996 2529 1157 2575 venatores
1178 2512 1249 2573 illos
1271 2514 1341 2577 abi·

256 2618 309 2681 ge:
332 2617 367 2656 ac
383 2607 507 2656 sanetae
526 2595 709 2671 Trinitatis,
732 2599 782 2656 eui
807 2618 888 2657 nunc
908 2598 1026 2676 adstas,
1058 2599 1256 2681 splendorem
1280 2620 1340 2657 no-

228 2683 305 2768 ·bis
333 2681 555 2764 perfectiorem
588 2692 619 2740 et
639 2680 802 2740 clariorem
819 2682 1014 2766 gratificare,
1044 2705 1136 2767 quam
1160 2682 1336 2757 adoramus,

74 2757 349 2849 fffssffifflgquam
368 2763 598 2850 glorificamus,
619 2764 657 2825 de
681 2770 845 2846 cujusnos
873 2768 1036 2850 republica
1057 2790 1178 2844 sumus,
1202 2768 1339 2828 adorau-

77 2857 215 2910 cyprinum.
255 2865 301 2912 tes
333 2865 453 2933 patrem
482 2850 513 2907 in
540 2847 628 2926 filio,
659 2847 758 2909 filium
789 2856 913 2912 veroin
935 2854 1056 2935 Spiritu
1076 2865 1202 2929 sancto,
1238 2853 1339 2911 cuict

280 2933 350 2995 aulo
375 2945 450 3019 post
465 2935 661 3012 assistemus,
694 2937 879 2995 sinceriores
898 2922 937 2999 'et
956 2939 1052 2998 illaesi
1073 2941 1104 2998 in
1123 2941 1192 3020 ipso
1208 2936 1337 2996 Christo

254 2957 393 3081 bomine
422 3016 543 3078 uostlo.
595 3019 637 3077 Et
656 3018 752 3102 paulo
778 3033 865 3080 ante:
888 3024 1012 3105 Corpus
1034 3023 1182 3106 Cypriani
1206 3020 1337 3095 latebat,

123 3174 128 3184 ¹
163 3174 168 3184 .
256 3118 385 3187 eratque
418 3102 566 3165 thesurus
588 3103 641 3163 ille
670 3104 754 3186 apud
784 3104 997 3167 mulierculam
1032 3107 1187 3189 quandam
1221 3111 1336 3188 pictate

77 3173 235 3274 ξξιξξξῐζξζξζῗ
257 3189 428 3264 fervidam,
462 3188 558 3268 idque
589 3200 729 3272 tempore
760 3188 872 3273 longo:
896 3195 958 3252 sive
994 3195 1067 3273 quia
1088 3195 1174 3251 Deus
1195 3189 1340 3249 devotam

76 3274 207 3315 ⁸¹¹⁶·²⁰‘¹²⁸·
254 3273 339 3335 illam
362 3273 520 3335 bonorare
548 3272 684 3333 voluerit
698 3318 708 3350 ,
744 3295 779 3334 ao
812 3276 884 3337 idco
912 3276 958 3336 illi
988 3289 1154 3352 martyrem
1173 3296 1340 3336 concesse*

253 3361 316 3419 rit:
337 3359 400 3419 sive
420 3358 492 3439 quia
514 3356 701 3418 desiderium
717 3372 860 3419 nostrum
878 3382 1018 3421 exercerc
1036 3362 1245 3434 destinaverit,
1258 3379 1335 3417 nuni

252 3463 344 3527 aegre
381 3442 475 3502 laturi
506 3463 660 3518 essemus,
701 3446 726 3504 si
753 3458 924 3520 martyrum
961 3449 1155 3528 privaremur
1179 3443 1334 3523 reliquiis.

252 3530 359 3605 Quum
379 3548 456 3588 vero
478 3539 650 3604 martyrum
673 3528 758 3588 Deus
781 3550 976 3611 nequaquam
994 3532 1101 3608 serret,
1137 3542 1174 3589 ut
1197 3529 1334 3588 omnium

251 3611 387 3690 bonum,
419 3613 510 3672 unius
546 3611 646 3672 solum
672 3615 828 3696 privatum
858 3629 954 3691 esset,
994 3636 1094 3698 neque
1121 3633 1281 3675 commune
1304 3615 1337 3669 in

252 3697 336 3758 illius
360 3700 489 3782 gratiam
511 3695 624 3757 damnd
647 3696 772 3758 afficere
797 3698 909 3774 vellet,
930 3721 987 3782 per
1004 3699 1241 3760 ‘revelationem
1262 3718 1339 3756 cor-

251 3803 310 3866 pus
331 3781 523 3864 publicavit,
547 3781 642 3863 idque
675 3782 826 3842 foeminae
855 3785 978 3845 cuidam
996 3786 1050 3845 tali
1073 3786 1197 3847 honore
1221 3783 1334 3863 dignae

251 3867 478 3940 manifestavit,
504 3887 567 3946 quo
599 3880 630 3927 et
664 3865 807 3927 mulieres
834 3869 1104 3930 sanctificarentur
1136 3881 1195 3929 etc.
1251 3868 1337 3926 llaec

252 3950 350 4036 igitur
375 3950 513 4009 breviter
540 3952 770 4033 percurrimus,
789 3965 825 4013 ut
842 3953 983 4014 debitum
999 3955 1083 4014 illius
1111 3954 1265 4014 honorem
1291 3951 1340 4010 vel

74 4031 241 4091 ⁰¹⁰¹¹i¹1³⁰l⁰⁸l
253 4055 421 4119 parumper
445 4033 671 4110 delibarcmns,
696 4037 816 4119 reliqua
841 4060 916 4099 vero
948 4061 965 4098 a
981 4039 1071 4100 vobis
1090 4041 1165 4122 ipsis
1180 4037 1340 4116 adjician-

74 4081 239 4174 clllii'lllln‘l
254 4134 322 4191 tur,
350 4138 415 4198 quo
436 4129 466 4176 et
484 4141 539 4179 vos
555 4121 675 4202 aliquid
698 4124 826 4197 martyri
849 4123 1006 4184 offeratis:
1027 4123 1124 4184 veluti
1151 4122 1340 4183 daemonum

72 4126 127 4223 tlt.

252 4205 488 4299 purgationem,
517 4205 702 4266 morborum
730 4205 984 4284 dissolutionem,
1013 4209 1198 4271 futurorum
1226 4208 1340 4289 cogni·

252 4288 391 4350 tionemz
410 4290 512 4352 omnia
528 4302 634 4377 potest
655 4291 845 4377 Cyprianus,
867 4302 900 4357 et
915 4292 1019 4378 pulvis
1034 4314 1105 4357 cnm
1128 4292 1204 4374 lide,
1226 4311 1340 4376 queni-
