2768 4762
396 405 801 473 ecciesiae.
847 410 858 435 ³
1051 410 1130 487 455

54 599 191 661 tbolieae
215 595 424 659 sacerdotibus
459 595 636 656 universalis
666 594 786 656 concilii
810 598 990 659 auctoritate
1023 595 1130 659 decre-

55 696 132 744 tum.
174 682 312 756 Deinde,
335 683 433 763 siqua
455 701 534 740 nova
558 694 731 765 exsurgeret
753 685 910 762 quaestio,
932 682 987 742 ubi
1014 681 1046 741 id
1071 686 1131 742 mi-

58 773 138 829 nime
158 768 358 849 reperiretur,
395 764 612 825 recurrendum
640 765 679 825 ad
704 780 876 827 sanctorum
908 779 1030 869 patrum
1060 788 1132 827 sen·

56 855 172 926 tentiae,
197 872 307 911 eornm
326 850 484 926 duntaxat,
506 852 559 933 qui
573 855 634 913 suis
657 852 771 934 quique
790 852 983 937 temporibus
1006 863 1035 910 ct
1055 852 1130 912 loeis

54 938 87 997 in
113 939 229 996 unitate
254 936 475 995 communionis
498 948 528 994 et
547 933 619 996 lidei
645 949 871 1022 permanentes,
895 938 1029 1022 magistri
1054 958 1131 1019 pro-

53 1020 170 1081 babiles
186 1023 371 1081 exstitissent.
424 1019 465 1079 Et
486 1020 638 1102 quidquid
667 1040 730 1079 uno
754 1040 844 1079 sensu
864 1033 955 1102 atque
979 1042 1130 1081 consensu

53 1107 187 1166 tenuisse
202 1108 423 1182 invenirentur,
447 1104 478 1163 id
500 1104 654 1167 Ecclesiae
676 1125 780 1164 rernm
804 1116 833 1163 et
854 1104 1038 1164 catholicum
1058 1104 1132 1165 abs-

57 1211 115 1272 que
144 1190 208 1248 ullo
243 1190 389 1273 scrupulo
422 1188 622 1268 judicaretur.
667 1188 722 1248 ET
752 1191 783 1248 in
812 1186 890 1249 fine:
926 1188 1054 1250 Necesse
1087 1200 1130 1249 cst
1140 1195 1305 1238 remansero.

57 1275 197 1357 prolecto
222 1274 364 1334 omnibus
384 1274 527 1358 deinceps
547 1272 720 1349 catholicis,
743 1275 795 1356 qui
816 1292 881 1333 sese
899 1271 1054 1334 Ecclesiae
1066 1249 1306 1336 ma-llbafililh?

54 1361 110 1419 tris
132 1358 278 1440 legitimos
303 1357 382 1418 filios
407 1358 542 1441 probare
567 1360 706 1434 student,
741 1371 776 1419 ut
803 1370 924 1419 sanctae
955 1370 1131 1417 sanctorum

55 1455 177 1528 patrum
203 1441 274 1503 fidei
300 1442 495 1520 inhaereant,
521 1442 769 1527 adglutinenttu·,
802 1444 1025 1503 immoriantur:
1048 1441 1132 1501 Pro-

55 1529 140 1587 i'anas
165 1547 238 1585 vero
272 1528 473 1610 profanorum
505 1538 652 1589 novitates
686 1529 891 1605 detestentur,
930 1526 1132 1601 horrescant,

60 1614 259 1687 insectentur,
282 1626 513 1694 persequantur.

150 1707 196 1759 11.
238 1696 495 1758 AUGUSTINUS
524 1697 559 1756 L.
584 1695 610 1758 l.
644 1709 723 1759 cont.
747 1697 858 1757 Julian.
890 1694 993 1779 Pelag.
1027 1716 1052 1754 c.
1080 1706 1133 1770 20,

62 1778 247 1839 adducturus
272 1785 443 1841 testimonia
466 1793 640 1841 sanctormn
668 1783 807 1841 Patrnm·
824 1780 862 1840 de
895 1778 1036 1863 originali
1058 1800 1134 1860 pee-

66 1874 150 1935 mto,
183 1865 225 1922 sic
248 1865 309 1923 ait:
341 1864 402 1926 Sed
423 1878 456 1925 tu
479 1868 532 1949 qui
555 1877 617 1925 tam
637 1865 747 1927 erebro
770 1866 860 1924 nobis
880 1863 1134 1923 Manichaeorum

63 1966 169 2004 amanen
183 1949 335 2029 opponis,
358 1971 435 2031 quos
456 1963 485 2009 et
507 1950 610 2031 quales
631 1953 712 2009 viros
733 1962 762 2009 et
784 1960 913 2030 quantos
930 1947 1003 2007 fidei
1023 1945 1133 2005 catho-

61 2028 132 2089 lirae
146 2030 339 2106 defensores,
363 2044 424 2092 tarn
437 2033 613 2094 exsecrabili
634 2034 867 2092 criminationea
890 2043 995 2114 petere
1012 2030 1138 2106 audeas,

61 2114 87 2172 si
112 2114 254 2195 evigilas,
288 2115 415 2176 intuere.
458 2115 528 2176 Non
551 2116 675 2198 quidem
695 2117 834 2176 omnium
881 2114 979 2173 ehae
1005 2134 1038 2173 rc
1064 2135 1289 2189 sen-angustinus

58 2197 185 2271 turtius,
207 2219 263 2257 nec
285 2219 389 2259 omnes
415 2220 535 2275 eorum,
555 2222 634 2282 quos
650 2199 914 2275 commemorabo,
933 2220 981 2258 me
1003 2187 1310 2288 congre-fflssfflh'

61 2293 198 2364 gaturum
222 2302 285 2340 csse
304 2282 476 2361 polliceor,
509 2286 583 2363 quia
606 2288 694 2344 nimis
720 2284 846 2365 longum
871 2296 938 2358 est,
960 2295 990 2342 et
1014 2291 1311 2372 ¹¹⁸⁰⁰⁵⁵⁰ffilffi¹²22„,

63 2385 206 2424 essenon
229 2364 380 2437 arbitror,
402 2364 455 2423 sed
481 2385 593 2445 ponam
615 2387 713 2447 pauca
734 2386 925 2446 pancorum,
948 2366 1063 2446 quibus
1086 2376 1235 2424 ta-temm.

61 2466 129 2505 men
160 2447 257 2504 nostri
289 2447 528 2505 contradictores
561 2461 709 2531 cogantur
732 2449 913 2508 erubescere
941 2461 970 2506 et
1003 2448 1134 2522 cedere,

61 2532 88 2589 si
106 2528 184 2587 nllus
212 2530 242 2587 in
271 2529 313 2587 eis
338 2527 385 2613 rel
407 2529 466 2588 Ilei
488 2530 605 2608 timor,
635 2531 682 2589 vel
709 2529 867 2590 hominum
891 2531 994 2612 pudor
1018 2542 1136 2589 tantum

58 2611 173 2673 malum
191 2612 377 2698 pervicaciae
396 2615 593 2694 superaverit.
639 2612 693 2675 ET
708 2626 817 2697 postea
841 2616 871 2672 in
897 2612 1003 2672 eodem
1022 2616 1133 2695 capite:

60 2698 151 2758 Absit
178 2709 212 2757 ut
243 2697 597 2781 Constantinopolitanus
623 2699 753 2758 loannes
781 2698 820 2758 de
853 2697 1031 2780 baptismate
1058 2719 1133 2780 par-

54 2782 224 2855 vulorum,
256 2802 425 2865 eorumque
450 2794 478 2842 'a
502 2783 619 2866 paterni
645 2781 843 2865 chirographi
876 2781 1053 2841 liberatione
1076 2802 1133 2862 pce

60 2866 271 2926 CllltlS'l'UM
297 2877 343 2925 tot
369 2887 403 2935 ac
427 2869 517 2927 tantis
540 2869 730 2950 eoipiscopis
753 2888 832 2942 snas,
856 2867 1041 2946 maximeque
1066 2865 1133 2923 Ro-

57 2972 150 3013 rnano
176 2952 373 3026 Innocentio,
400 2950 628 3036 Carthaginensi
650 2953 824 3035 Cypriane,
847 2950 1024 3034 Cappadoci
1045 2948 1311 3012 Bari-5⁸⁰‘²³P³l¹⁰¹⁹

1144 3001 1259 3052 inquibus
1277 3010 1311 3035 re-

58 3036 121 3109 tto,
144 3036 297 3119 Gregorio
320 3034 521 3111 Nazianzeno,
551 3035 641 3097 Gallo
665 3036 801 3113 Hilario,
833 3034 1054 3094 Mediolanensi
1082 3053 1186 3093 ream
1205 3049 1310 3106 aliquan.

57 3122 147 3181 sistat
171 3118 346 3178 Arnbrosio.
402 3118 469 3180 Alia
486 3131 573 3197 sunt,
598 3123 630 3181 in
660 3121 773 3203 quibus
804 3121 882 3179 inter
911 3141 943 3179 se
970 3098 1286 3200 aliquandoli‘ssnl,“⁵⁰²¹'

55 3206 151 3264 etiam
173 3203 338 3263 doctissimi
360 3216 454 3287 ,atque
475 3206 583 3287 optimi
613 3204 738 3289 regulae
760 3204 928 3265 catholicae
949 3203 1135 3281 defensores,

51 3287 142 3363 salva
167 3287 239 3348 fidei
265 3309 432 3373 compage,
462 3309 525 3349 non
554 3301 745 3367 consonant,
780 3300 809 3349 et
828 3290 905 3349 alius
925 3288 986 3348 alio
1014 3288 1052 3347 de
1076 3306 1138 3345 nna

52 3395 95 3436 re
120 3373 225 3433 melius
248 3372 365 3456 aliquid
393 3365 468 3433 dicit
497 3384 527 3433 et
547 3377 657 3434 verius.
713 3375 780 3434 lloc
803 3386 921 3449 antem,
948 3369 1030 3434 unde
1056 3390 1138 3430 neure

54 3460 198 3542 agimus,
221 3457 260 3517 ad
286 3460 351 3542 ipsa
372 3455 445 3516 fidei
464 3457 596 3540 pertinet
615 3459 821 3519 fundamenta.

150 3555 197 3609 12.
240 3542 350 3601 IDEM
365 3541 431 3600 adv.
454 3542 544 3601 eund.
567 3544 603 3601 L.
619 3524 659 3603 ll.
683 3545 714 3602 in
741 3542 809 3627 epil.
830 3544 925 3626 ip'sins
944 3540 1038 3601 libri:
1059 3540 1138 3615 Hoc,

55 3628 164 3705 inquit
176 3671 185 3701 ,
206 3625 404 3711 probavimus
421 3624 645 3687 catholicorum
666 3630 849 3689 auctoritate
872 3637 1061 3701 sanctorum,
1084 3626 1138 3706 qui

59 3721 92 3770 et
118 3710 178 3770 hoc
203 3723 356 3788 asserunt,
380 3711 465 3793 quod
493 3710 531 3772 dc
556 3715 601 3772 ori
625 3712 695 3771 inali
720 3723 847 3795 peccato
871 3711 1016 3787 dicamuS,
1039 3722 1067 3768 ct
1087 3708 1139 3767 illa

62 3796 202 3877 quinque
227 3818 291 3858 esse
315 3817 385 3855 vera
414 3797 515 3855 anania
536 3736 728 3857 conlltcntnr.
771 3794 816 3854 Ac
840 3818 896 3880 per
921 3794 981 3855 boc
1007 3815 1068 3853 non
1096 3804 1140 3851 est

65 3898 271 3961 terrrscquens,
302 3892 337 3940 ut
362 3879 422 3939 hoc
448 3880 554 3940 falsum
579 3885 637 3958 sit,
670 3883 741 3963 quia
765 3891 926 3940 rerasunt
951 3881 1008 3940 illa.
1052 3878 1313 3953 'rates-natam-

64 3966 180 4047 qrippe
201 3988 236 4026 ac
258 3968 332 4026 tanti
353 3967 410 4023 viri
436 3968 602 4026 secundum
626 3966 805 4025 catholicam
837 3962 946 4043 fidem,
970 3987 1047 4049 quae
1069 3943 1314 4033 ubi-Lffid'iii'ss.

110 4062 216 4110 etoto
242 4051 319 4110 orbe
344 4050 547 4128 dill'nnditnr,
582 4064 611 4112 et
634 4050 713 4128 hoc,
744 4063 772 4110 ct
797 4049 847 4110 illa
874 4072 946 4111 vera
976 4071 1039 4109 esse
1065 4039 1313 4131 con-{32¹2u2ssg,

69 4066 208 4208 ζωή,
242 4148 276 4195 ut
299 4156 370 4195 vcra
405 4135 538 4221 fragilis,
576 4148 604 4197 ot
637 4138 724 4217 qnasi
757 4135 896 4219 argutula
929 4136 1045 4193 novitas
1074 4130 1197 4228 solarrte
1214 4135 1314 4178 wrm&

65 4221 246 4280 anctoritate
281 4232 458 4280 conteratur
483 4221 625 4296 illorum,
657 4231 870 4302 praeterquam
905 4220 991 4301 quod
1027 4238 1062 4277 ea
1091 4215 1141 4272 di·
1162 4202 1213 4243 ¹¹¹⁹

64 4316 160 4383 cunt,
191 4316 227 4365 ut
248 4324 280 4366 se
303 4325 361 4388 per
387 4325 441 4365 eos
474 4304 562 4391 loqui
588 4307 699 4367 veritas
727 4304 801 4390 ipsa*
810 4314 948 4369 testetur.
1002 4303 1042 4362 Et
1069 4308 1142 4383 post
