2768 4762
406 392 803 473 DECALOGQ
883 406 887 417 “
1068 394 1148 469 335

67 606 98 655 te
120 589 196 674 quid
218 586 340 664 dicam,
361 585 418 671 qui
451 581 621 646 immolavit
642 580 748 659 filiam,
771 601 850 665 qnae
864 576 1062 654 sibivictori
1078 580 1149 665 pri-

70 698 156 739 mum
178 685 381 748 occurrerat,
405 690 470 752 quo
499 681 605 729 votum
628 667 790 750 impleret,
813 665 901 749 qnod
921 666 1147 749 spoponderat,

71 775 109 822 ut
141 758 295 842 quidquid
327 757 387 816 sibi
415 756 550 838 primum
577 754 784 827 occurrisset,
807 750 933 812 offerret
948 752 1038 812 Deol
1079 751 1149 811 Me·

74 846 132 906 lius
154 844 254 903 suerat
275 839 354 900 nihil
388 840 448 899 tale
471 841 674 920 promittere,
706 858 798 917 quam
819 838 1006 919 promissum
1026 835 1150 896 solvere

69 928 249 1014 parricidio.
293 926 371 985 Item
402 926 434 982 in
454 922 538 982 libro
559 924 670 983 tertio:
693 921 812 979 Parum
835 918 908 1002 ergo
935 942 970 979 ac
993 923 1149 981 sincerum

73 1016 202 1096 oportet
218 1031 283 1071 esse
305 1009 465 1082 allectum,
489 1020 523 1066 ut
544 1007 759 1087 unusquisqne
783 1003 951 1085 simplicem
975 1027 1149 1066 sermonem

69 1097 233 1182 proferat,
265 1115 316 1154 vas
347 1113 437 1153 sunm
474 1093 505 1149 in
537 1094 698 1150 sanctitate
730 1088 906 1171 possideat,
938 1109 995 1168 nec
1020 1091 1148 1152 fratrem

69 1181 360 1260 circumscriptione
392 1175 508 1235 verbor
530 1196 561 1233 m
581 1176 716 1236 seducat.
761 1170 848 1255 nihil
868 1175 1033 1254 promittat
1054 1174 1149 1237 inho-

68 1277 198 1327 nestum.
244 1264 285 1321 At
307 1264 331 1321 si
355 1261 549 1344 promiserit,
586 1257 781 1319 tolerabilius
805 1267 850 1315 est
872 1260 1059 1338 promissum
1083 1278 1148 1321 non

72 1353 195 1425 facere,
222 1368 312 1429 quam
337 1346 457 1419 facere,
480 1343 567 1424 quod
590 1356 683 1425 turpe
706 1344 756 1402 sit.
799 1340 1149 1423 Saepeupleriquecon-

74 1437 231 1516 stringunt
266 1453 297 1491 se
325 1429 533 1509 jurisjurandi
556 1440 769 1503 sacramento,
792 1437 823 1485 et
850 1445 920 1484 cum
944 1427 1004 1508 ipsi
1030 1448 1150 1510 cogno-

28 1534 33 1543 '
71 1521 194 1594 verint,
228 1516 472 1598 promittendum
504 1533 567 1570 non
592 1511 705 1586 luisse,
741 1512 922 1570 sacramenti
948 1522 1049 1570 tamen
1073 1533 1150 1572 con-

74 1602 275 1684 templatione
299 1600 437 1672 faciunt,
461 1596 546 1677 quod
570 1595 807 1677 spoponderint
853 1595 943 1655 Sicut
963 1596 1001 1653 de
1023 1597 1148 1663 Herode
1159 1580 1291 1684 29¹1?ssss
1305 1587 1335 1675 {J

72 1708 168 1768 supra
191 1686 391 1765 scripsimus,
415 1683 469 1761 qui
496 1679 642 1739 saltatrici
663 1681 831 1760 praemium
844 1681 1191 1762 turpiter‘promisitw·
1208 1691 1242 1734 ‘t-

73 1768 245 1830 erudeliter
266 1767 372 1826 solvit:
393 1765 501 1847 Turpe
523 1776 588 1841 est,
624 1763 710 1845 quod
740 1783 867 1845 regnum
900 1776 963 1843 pro·
987 1764 1150 1825 saltatione

72 1854 292 1936 promittitur:
326 1848 473 1925 crudele,
507 1838 595 1929 quod
624 1869 708 1908 mors
733 1847 907 1930 prophetae
930 1868 991 1930 pro
1014 1851 1152 1931 jurisjn-
1180 1892 1183 1899 ·

74 1937 165 1996 randi
190 1936 339 2018 religione
352 1934 454 1994 datur.
499 1934 626 2009 Quanto
650 1930 844 1993 tolerabilius
865 1930 926 1992 tale
949 1933 1060 1994 suisset
1076 1956 1151 2017 per·
1190 1946 1192 1951 '
1224 1940 1228 1945 '
1330 1931 1336 1939 ’

70 2023 192 2102 jurium
223 2016 438 2079 sacramento?
480 2016 521 2077 Et
538 2029 613 2101 post
641 2036 742 2100 pauca
767 2015 805 2075 de
825 2014 937 2099 lephte
966 2014 1212 2100 disputansa'l'-
1306 2040 1309 2047 ·

71 2103 248 2181 Mirabilis,
289 2105 410 2185 inquit,
443 2105 628 2177 necessitas,
672 2121 751 2183 quae
793 2099 940 2161 solvitur·
964 2105 1147 2187 parricidio.
1158 2078 1327 2176 sslllfffl'm'

73 2189 181 2248 Melius
203 2203 248 2249 est
268 2206 486 2263 non-vovere,
510 2207 602 2268 quam
624 2207 735 2246 vovere
757 2185 806 2263 id,
840 2187 928 2267 qnod
949 2188 1010 2248 sibi
1032 2191 1074 2266 is,
1097 2184 1326 2250 cbi¹⁸⁴·¹¹¹⁶⁰·⁸³·

74 2274 289 2354 promittitur,
321 2270 403 2333 nolit
425 2270 548 2330 exsolvi.
606 2264 647 2331 Et
671 2283 744 2353 post
767 2269 947 2352 paululum:
976 2272 1048 2333 Non
1070 2295 1150 2334 sem·

73 2377 131 2439 per
167 2357 262 2434 igitur
293 2357 445 2434 promissa
474 2353 621 2412 solvenda
650 2357 753 2414 omnia
780 2366 860 2414 sunt.
916 2356 1060 2437 Denique
1082 2361 1148 2441 ipse

73 2442 181 2513 Deus,
204 2440 284 2497 sicut
303 2439 458 2515 scriptura
481 2437 618 2511 indicat,
640 2438 821 2518 frequenter
841 2452 940 2499 mutat
969 2462 1054 2499 suam
1078 2433 1261 2501 sen-¹⁰⁰¹*
1355 2452 1357 2457 ⁴

76 2525 213 2582 tentiam.
256 2519 337 2578 Haec
361 2517 405 2576 ibi
434 2540 468 2576 ex
487 2517 663 2578 Ambrosio.
707 2521 827 2578 Deinde
850 2542 883 2579 ex
905 2523 1048 2582 Isidoro:
1076 2525 1147 2586 Non
1172 2517 1330 2561 ³¹¹⁸³³⁰¹·¹·

76 2618 124 2666 cst
147 2602 391 2663 conservandum
415 2617 653 2667 sacramentum.
676 2603 764 2684 quod
787 2603 863 2662 male
887 2573 1330 2690 et1ncautepp0.i·⁸ii¹⁸idimi¹i

75 2691 230 2764 mittitur,
263 2687 349 2747 velut
369 2689 394 2747 si
423 2689 576 2768 quispiam
612 2686 770 2747 adulterae
805 2700 986 2769 perpetuam
1017 2714 1086 2751 cum
1114 2670 1332 2759 eaiiii'oiirils

75 2770 275 2858 permanendi
298 2769 403 2852 ,fidem
438 2771 632 2853 polliceatur.
686 2771 895 2832 Tolerabilius
919 2787 964 2835 est
985 2780 1064 2834 enim
1087 2770 1333 2857 noufflffiffiiis

77 2857 206 2939 implere
230 2868 476 2931 sacramentum,
509 2876 599 2938 quam
625 2876 805 2938 permanere
838 2860 867 2915 in
899 2863 1001 2941 stupri
1023 2858 1151 2944 flagitio.

76 2942 227 3001 Similiter
255 2962 290 2999 er
312 2941 514 3014 synonymis:
545 2942 579 3000 ln
601 2940 687 3002 malis
707 2944 866 3023 promissis
885 2945 1024 3005 rescinde
1048 2946 1152 3025 iidem,

75 3028 110 3088 in
142 3028 227 3108 turpi
250 3037 324 3083 voto
349 3038 433 3083 muta
462 3025 629 3086 decretum.
675 3027 772 3102 Quod
795 3028 916 3087 incaute
938 3032 1066 3107 vovisti,
1089 3053 1154 3092 non

77 3112 181 3170 facias.
225 3110 322 3189 Impia
345 3121 390 3166 ost
413 3112 596 3190 promissio,
620 3120 700 3191 quae
722 3111 837 3170 scelere
860 3113 1056 3195 adimpletur.
1087 3118 1154 3177 lbi·

76 3196 148 3257 dem
169 3197 211 3252 sie
233 3195 324 3272 ajunt
341 3192 445 3250 eadem
476 3195 514 3252 de
538 3215 571 3252 re
590 3194 722 3254 Concilii
744 3195 872 3255 Patres:
905 3198 985 3257 Dum
1008 3204 1155 3284 perjura-

77 3299 164 3351 mus,
188 3289 358 3335 creatorem
380 3275 505 3358 quidem
534 3278 734 3354 offendimus,
764 3281 819 3339 sed
851 3300 907 3341 nos
936 3277 1152 3346 tantummodo

76 3360 273 3423 maculamus.
319 3361 395 3419 Cum
422 3382 496 3421 vero
518 3365 606 3420 noxia
630 3366 780 3445 promissa
806 3365 1010 3448 complemus:
1044 3369 1152 3429 etDei
1211 3414 1214 3419 ,

76 3449 161 3529 jussa
191 3442 326 3527 superbe
356 3447 600 3519 contemnimus,
634 3460 664 3506 et
684 3451 831 3530 proximis
854 3452 947 3531 impia
969 3452 1152 3514 crudelitate

76 3549 246 3604 nocemus,
270 3541 300 3589 et
323 3550 379 3589 nos
394 3532 479 3611 ipsos
505 3531 674 3591 crudeliori
695 3532 798 3614 gladio
823 3535 1023 3595 trucidamus.

113 3666 119 3679 ,
160 3614 195 3673 Β.
239 3613 469 3673 CONClLlUM
491 3615 578 3674 Trid.
608 3636 678 3675 sess.
709 3616 763 3676 lV.
786 3621 817 3677 in
840 3619 932 3679 Deer.
964 3619 1003 3679 de
1024 3620 1097 3682 edit.
1121 3633 1152 3684 et

77 3718 136 3759 usu
161 3718 238 3759 sacr.
273 3697 362 3758 libna
397 3697 551 3758 Posthaec
574 3701 773 3759 temeritatem
800 3700 882 3761 illam
912 3707 1079 3785 reprimere
1095 3685 1329 3790 vo·,v,⁶,{{1¹„{2{'”

81 3782 145 3841 lens
166 3794 270 3842 sancta
299 3781 465 3858 Synodus,
496 3803 558 3864 qua
587 3783 625 3843 nd
645 3784 778 3865 profana
803 3807 943 3868 quaeque
966 3787 1283 3876 conversan-”⁰552
1302 3779 1331 3821 “¹

79 3877 133 3924 tur
157 3878 188 3926 et
216 3879 409 3947 torquentur
426 3867 520 3927 verba
533 3880 574 3927 et
596 3871 763 3928 sententiae
782 3892 884 3931 sacrae
902 3874 1094 3954 scripturae,
1113 3876 1152 3937 ad
1161 3848 1305 3927 {isinum

80 3949 224 4010 scurrilia
239 3952 372 4029 scilicet,
394 3950 555 4030 fabulosa,
578 3974 670 4029 vana,
692 3952 902 4033 adulationes,
933 3956 1150 4038 detractiones,

80 4037 332 4112 superstitiones,
363 4037 471 4117 impias
507 4051 538 4097 et
570 4036 740 4098 diabolicas
766 4041 1008 4121 incantationes,
1032 4045 1154 4107 divina-

76 4118 197 4190 tiones,
219 4132 335 4196 sortes,
358 4118 480 4180 libellos
505 4123 595 4181 ctiam
618 4123 767 4183 famosos:
790 4125 914 4186 mandat
934 4138 965 4187 ct
987 4133 1153 4213 praecipit,

77 4198 122 4260 ad
148 4201 316 4264 tollendam
338 4201 519 4284 hujusmodi
544 4207 773 4267 irreverentiam
799 4221 830 4271 et
859 4223 1093 4296 contemptum,
1115 4234 1155 4275 ne

75 4284 261 4351 decaetero
290 4288 455 4371 quisquam
480 4289 720 4371 quomodolibet
743 4292 838 4356 verba
855 4299 1030 4381 scripturae
1050 4319 1156 4363 sacrae
