2768 4762
334 350 761 456 accusasa-
823 428 861 489 4
974 345 1085 470 'aas

83 576 232 646 Psalm.
254 577 365 644 ms
399 575 495 661 Apud
514 589 548 640 te
568 576 634 641 leus
656 596 724 667 mea
746 577 778 639 in
799 573 939 642 Ecclesia
959 599 1078 666 magna,

39 705 78 754 sta
98 710 164 752 mea
185 686 312 748 reddam
334 687 366 746 in
391 699 560 770 conspectu
579 687 750 746 timentium
772 706 851 747 eum.
896 686 939 749 Et
964 670 1078 751 adora·

39 812 87 862 ant
116 801 148 860 in
169 770 341 878 codapectu
362 794 430 875 ejus
459 795 619 854 universae
641 791 774 853 famiiiae
794 795 941 877 gentium.
984 795 1078 873 Quo-

39 928 85 969 am
106 905 233 966 Domini
254 914 300 962 est
322 920 469 984 reguum,
492 913 523 961 et
544 902 609 984 ipae
629 898 844 961 dominabitur
864 904 1013 987 gentium.

85 1037 111 1098 1.
132 1024 276 1096 J'oann'.
299 1031 359 1092 11..·
400 1028 447 1092 Ex
467 1029 574 1092 nobis'
591 1029 797 1114 prodierunt,
824 1030 879 1092 aed
900 1052 965 1093 non
986 1045 1092 1096 erant.

59 1142 161 1204 uobis.
219 1138 296 1200 Nam
320 1139 345 1199 si
367 1136 498 1199 fuissent
519 1158 554 1199 ex
573 1136 682 1215 nobis,
704 1139 942 1221 permansissent
964 1140 1074 1223 utique

39 1251 183 1313 ibiscum:
208 1245 260 1309 sed
280 1256 318 1307 nt
337 1245 491 1307 manifesti
510 1245 573 1307 sint
584 1287 595 1324 ,
622 1246 770 1328 quoniam
789 1265 854 1307 non
874 1255 949 1307 saut
968 1266 1074 1312 omues

56 1357 160 1421 nobis.

83 1482 379 1548 Matth.XX1V.=
401 1482 491 1544 Tunc
513 1482 539 1545 ai
559 1483 630 1567 quis
650 1478 741 1546 robis
762 1481 893 1545 dixerite
913 1480 998 1548 ane
1019 1481 1072 1549 laia
1146 1472 1150 1481 ¹

39 1607 48 1656 t
72 1592 230 1669 Christus,
261 1603 314 1653 aut
340 1570 421 1652 illic:
444 1588 542 1652 nolite
563 1579 709 1663 credere}
730 1603 857 1674 surgent
878 1594 959 1656 euim
979 1614 1075 1678 pseu·

39 1700 158 1762 »christi
189 1711 219 1759 et
253 1695 569 1784 pseudoprophetae,
601 1710 632 1759 et
653 1697 774 1759 dabunt
794 1699 879 1783 sigua
900 1720 1009 1785 magna
1041 1713 1074 1767 et

42 1810 164 1892 odigia,
208 1806 250 1867 ita
279 1818 317 1868 ut
348 1807 381 1866 in
416 1794 555 1866 errdrem
588 1803 778 1867 inducantur
809 1809 844 1884 (si
866 1801 935 1867 fieri
955 1814 1071 1893 potest)

43 1936 90 1976 am
111 1915 209 1976 eiecti.
251 1913 335 1976 Ecce
355 1912 495 1998 praedixi
515 1910 616 1974 vobis.
659 1911 693 1971 si
714 1932 789 1996 ergo
811 1912 947 1977 dixerint
966 1914 1072 1981 rohiae
1176 1984 1179 1991 ,

39 2042 79 2082 =ce
112 2022 145 2081 in
180 2019 303 2083 deserto
332 2030 395 2097 est,
428 2016 528 2079 nolite
561 2019 665 2079 exires
699 2036 774 2079 ecce
795 2020 827 2079 in
847 2021 1070 2113 penetralibus,

41 2128 94 2190 lite
125 2127 260 2189 eredere.
280 2195 283 2199 ⁴
304 2124 393 2186 Sicut
414 2123 496 2184 enim
509 2120 615 2207 fulgur
635 2123 697 2184 exit
717 2121 757 2184 ab
778 2120 919 2207 Oriente,
939 2141 1073 2215 etparet

39 2258 96 2320 que
129 2238 162 2295 in
195 2231 413 2296 Occidentem}
444 2231 488 2291 ita
519 2229 581 2290 erit
612 2241 644 2290 et
674 2229 823 2294 adrentus
844 2230 902 2296 {ilii
923 2233 1070 2302 hominis.

39 2346 183 2423 riennque
216 2339 312 2398 suerit
332 2354 470 2416 corpus,
504 2334 571 2395 illio
591 2337 866 2422 congregabuntur
887 2353 919 2402 et
939 2343 1071 2426 aquilae.

80 2451 117 2507 F.
140 2448 244 2505 Cant.
268 2440 338 2502 lV.:
359 2440 440 2500 Tota
468 2439 600 2523 pulchra
624 2460 656 2500 es
676 2444 773 2503 amica
793 2464 880 2522 mea,
902 2456 935 2508 et
952 2449 1073 2511 macula

39 2575 63 2613 .u
94 2565 140 2613 est
165 2553 198 2611 in
227 2561 267 2610 te.
320 2543 501 2608 vulnerasti
523 2566 719 2631 cormeum,
748 2569 841 2610 soror
861 2571 929 2612 mea
949 2574 1072 2638 sponsa.

39 2673 118 2722 artus
154 2657 320 2720 conclusus
356 2673 451 2716 soror
484 2673 552 2714 mea
571 2672 708 2738 sponsa,
747 2653 860 2718 hortus
894 2659 1072 2744 conclusus,

39 2790 70 2829 ns
92 2772 238 2851 signetur.

81 2877 182 2937 Item
215 2874 323 2934 Cant
357 2868 431 2932 Vi:
472 2869 541 2931 Una
572 2880 621 2933 est
646 2867 900 2952 columbanae,
932 2861 1101 2960 perfecta.

39 3005 80 3060 ea,
102 3004 164 3043 uua
189 2993 236 3042 est
254 2980 346 3041 matri
366 2998 457 3056 snae,
491 2975 589 3039 electa
608 2978 751 3062 genitrici
774 2998 854 3041 anae.

82 3088 228 3173 Ephes.
251 3086 314 3150 Vn
344 3085 499 3147 Mundam
528 3104 593 3146 eam
626 3083 751 3146 lavacro
779 3100 879 3170 aquae
913 3085 946 3150 in
972 3088 1070 3151 verbo

39 3218 77 3258 ae
100 3209 158 3257 etc.

82 3304 101 3363 J
108 3325 220 3365 oann.
241 3303 317 3364 XL:
337 3300 545 3386 Prophetarit
568 3297 724 3385 Caiphae,
752 3302 841 3385 qnod
859 3304 981 3367 JEsus
1002 3328 1073 3369 mo·

39 3434 118 3473 urus
140 3424 207 3473 erat
233 3432 294 3495 pro
317 3423 427 3496 geute,
460 3420 492 3471 et
511 3428 575 3470 non
595 3420 715 3469 tantum
735 3431 796 3493 pro
818 3425 928 3494 gente,
960 3412 1016 3477 sed
1037 3394 1073 3478 nt

39 3522 81 3581 ios
111 3518 193 3595 Dei,
216 3520 270 3602 qui
293 3532 382 3580 erant
404 3518 534 3601 dispersi
546 3560 557 3595 ,
581 3530 784 3601 congregaret
806 3520 837 3578 in
859 3540 965 3582 unum,

83 3624 237 3688 Coloss.
260 3628 309 3687 I.:
356 3626 399 3688 Et
425 3629 490 3709 ipse
523 3609 579 3686 est'
597 3636 693 3708 caput
725 3628 869 3710 corporis
903 3629 1070 3708 Ecclesiae,

42 3735 52 3792 i
86 3745 133 3792 cst
162 3735 373 3818 principiam,
408 3733 632 3818 primogenitus
664 3751 700 3791 ex
720 3736 877 3795 mortuis:
906 3748 944 3798 ut
974 3739 1015 3799 sit
1037 3759 1069 3799 an

39 3837 145 3899 auibus
187 3842 252 3923 ipse
281 3843 448 3925 primatum
483 3854 598 3901 tenens.
648 3836 788 3900 Ibidem.-
824 3839 990 3928 Adimpleo
1024 3867 1070 3925 ee,

39 3967 81 4008 ae
110 3947 221 4008 desunt
245 3952 425 4033 passionum
446 3946 609 4009 CHRLSTI
628 3948 660 4007 in
682 3966 877 4029 cernentes,
909 3972 971 4037 pro
997 3975 1073 4016 cor-

39 4075 81 4114 ·re
106 4057 192 4136 ejus,
221 4058 309 4138 qnod
331 4069 377 4118 est
395 4055 543 4116 Ecclesia.

85 4161 231 4247 Ephes.
265 4141 341 4224 Νι
376 4163 447 4247 Ipse
475 4160 563 4222 dedit
593 4161 743 4244 quosdam
778 4163 904 4249 quidem
932 4139 1073 4253 Aposto-

39 4293 43 4331 ε
73 4281 136 4334 ete.
160 4269 194 4331 iu
214 4264 459 4334 aedificationem
476 4275 622 4356 corporis
644 4271 828 4337 CHRISTI..
