2768 4762
412 362 805 445 nacaeoeo
1069 390 1207 465 aa·

66 566 343 664 Qui-respondite
378 565 451 630 Non
482 567 541 629 ivit
574 584 682 628 servus
705 579 778 631 tuns
810 591 980 657 quoquam.
1029 567 1073 634 At
1093 570 1147 655 5¹1⁶

64 683 132 745 aits
160 676 271 740 Nonne
293 695 354 739 cor
376 682 477 736 areum
502 678 535 736 in
560 677 714 758 praesenti
738 689 822 755 erat,
851 680 979 762 quando
1004 699 1145 744 reversus

64 800 114 850 est
139 785 235 849 homo
259 783 300 846 de
325 803 423 845 amru
443 801 501 844 suo
522 780 554 844 in
571 803 737 845 occursum
761 774 830 847 tui?
871 838 875 847 ,

148 915 200 997 Et
218 913 293 978 VL:
329 913 394 973 Rex
418 924 520 975 autem
554 913 662 992 Syriae
696 915 856 1000 pugnabat
889 931 1000 981 contra
1028 902 1143 998 Israei,

65 1022 295 1105 coasiliumque
316 1022 387 1081 iniit
412 1040 484 1081 cum
511 1024 605 1084 serris
634 1024 708 1101 suis,
733 1024 859 1089 diceus:
885 1026 924 1086 In
942 1024 1014 1087 loco
1037 1026 1093 1088 illo
1111 1038 1145 1093 et

64 1129 121 1192 itlo
136 1149 289 1214 ponamus
306 1126 442 1189 insidias.
485 1129 571 1190 Misit
588 1131 692 1212 itaque
709 1132 758 1190 vir
782 1129 843 1190 Dei
864 1131 905 1191 ad
918 1153 1019 1216 regem
1035 1134 1143 1216 lsrael,

65 1237 191 1299 dicens:
221 1237 310 1314 Care,
335 1256 373 1296 ne
389 1247 524 1297 transeas
550 1236 706 1298 inlocum
725 1236 835 1317 illum,
861 1239 935 1320 quia
959 1238 1003 1298 ibi
1020 1240 1091 1317 Syri
1111 1243 1145 1302 in

63 1340 185 1408 insidiis
202 1358 284 1407 sunt
327 1345 414 1407 Misit
440 1345 545 1425 itaque
567 1364 620 1404 rex
641 1343 736 1407 Israel
759 1337 800 1405 ad
829 1342 955 1419 locum,
983 1366 1075 1428 quem
1094 1348 1146 1410 dia
1238 1346 1242 1350 ’
1304 1370 1312 1393 ·

62 1467 151 1517 xerat
173 1455 201 1514 ei
233 1454 281 1513 vir·
311 1454 386 1530 Dei,
430 1462 461 1512 et
482 1454 738 1535 praeoccupavit
747 1472 856 1539 eum,
867 1463 899 1514 et
920 1437 1095 1516 observavit
1111 1462 1145 1518 se'

62 1562 110 1624 ibi
142 1583 205 1623 non
229 1559 329 1622 semel
358 1576 460 1643 neque
490 1558 550 1619 bis.
607 1527 900 1642 conturbatumque
925 1573 971 1621 est
989 1582 1046 1623 cor
1063 1564 1145 1647 regis

63 1671 174 1748 Syriae
194 1688 255 1751 pro
277 1663 337 1726 hac
358 1685 413 1746 re,
445 1676 476 1726 et
494 1667 672 1728 convocatis
700 1667 796 1755 serris
825 1668 906 1744 suis,
942 1670 1004 1729 ait:
1036 1653 1144 1747 Quare

63 1788 131 1837 'non
151 1774 292 1837 indicatis
316 1770 402 1847 mihi,
428 1793 483 1856 qur
475 1771 647 1856 proditor
668 1776 728 1835 mei
746 1776 787 1836 sit
803 1774 889 1861 apud
906 1796 1008 1859 regem
1025 1766 1143 1838 Israeli
1177 1850 1183 1857 ι

65 1881 213 1963 Dixitque
235 1901 312 1943 unus
332 1896 494 1951 servorum
524 1880 607 1961 ejusr
636 1878 840 1962 Nequaquam
860 1868 995 1944 Domine
1016 1884 1058 1943 ιιιὶ
1076 1892 1140 1970 rer}

61 1986 118 2049 sed
147 1987 269 2048 Eiiseus
292 1984 467 2075 propheta,
495 1987 550 2067 qui
565 1997 611 2051 est
629 1986 662 2046 in
683 1985 798 2064 Israel,
826 1988 944 2050 indicat
956 1991 1023 2074 regi
1042 1986 1141 2053 Israel

61 2095 164 2157 omnia
181 2094 294 2172 verba,
320 2099 525 2177 quaecunque
552 2081 676 2154 locutus
697 2082 794 2156 fueris
821 2082 854 2157 in
869 2095 1012 2158 conclavi
1029 2110 1095 2160 tuo.

143 2202 169 2262 1.
195 2203 282 2263 Cor.
312 2198 417 2261 xlva
454 2197 488 2259 Si
521 2219 626 2261 ornnes
651 2201 861 2286 prophetent,
906 2205 1002 2266 intret
1034 2205 1139 2271 anterii

61 2311 133 2392 quis
150 2306 283 2368 infidelis
312 2304 362 2366 vel
385 2305 502 2365 idiotae
531 2309 727 2369 convincitur
753 2297 792 2370 ab
824 2302 987 2392 omnibus,
1016 2314 1139 2399 dijudia

61 2430 153 2477 catur
166 2413 205 2472 ab
226 2409 379 2472 omnibus.
424 2404 555 2470 Occulta
581 2394 686 2473 cordis
714 2417 782 2494 ejus
804 2418 966 2479 manifesta
984 2411 1085 2483 fiunt:
1106 2435 1139 2484 et

61 2527 106 2583 ita
125 2510 259 2583 cadens
253 2539 285 2577 ιιι
303 2516 430 2591 sociem,
461 2501 608 2576 adorabit
637 2517 762 2598 Deum,
787 2526 1013 2603 pronuncians,
1048 2516 1139 2610 quod

57 2650 132 2691 vere
146 2625 256 2687 Deus'
248 2644 280 2683 ιιι
304 2621 394 2684 tobis
417 2622 467 2683 sit

143 2736 236 2795 Dan.
258 2731 319 2792 X·:
351 2729 394 2790 Et
415 2730 459 2791 ait
479 2726 520 2790 ad
541 2742 590 2790 me
612 2730 671 2811 (vir
691 2719 780 2831 lineip
797 2733 926 2796 tesiitus
949 2743 1033 2816 etur]
1062 2736 1136 2807 Noli

57 2856 197 2908 metuere
228 2837 362 2903 Danieli
398 2839 473 2921 quia
503 2857 539 2899 ex
572 2837 622 2899 die
655 2841 777 2927 primo,
811 2856 876 2923 quo
909 2846 1042 2931 posuisti
1080 2862 1138 2914 cot·

57 2967 149 3015 tuum
177 2947 217 3011 ad
253 2943 505 3028 intelligendum,
536 2957 574 3007 ut
606 2959 637 3007 te
659 2946 838 3032 affligeres
830 2973 862 3012 ru
886 2968 1056 3038 conspectu
1076 2958 1136 3019 Dei

47 3045 124 3137 tui,
156 3054 298 3118 exaudita
325 3064 398 3113 sunt
423 3051 517 3114 verba
538 3065 609 3132 tua,
641 3067 672 3117 et
693 3071 749 3139 ego
772 3061 842 3119 veni
863 3074 996 3144 propter
1016 3085 1137 3135 sermo-
1215 3085 1218 3095 ⁴

58 3188 113 3229 nea
134 3179 216 3227 tuos.
258 3161 408 3243 Princeps
429 3171 530 3223 eutem
549 3163 636 3246 regni
660 3152 826 3226 Persarum
859 3171 973 3232 restitit
994 3170 1070 3235 milri
1091 3177 1139 3235 vi-·

55 3273 134 3358 giuti
163 3282 280 3332 etune
312 3267 440 3329 diebus:
475 3279 506 3329 et
527 3287 599 3330 ecce
620 3257 753 3332 Michael
775 3293 855 3335 unus
877 3274 916 3336 de
937 3266 1138 3364 prineiprbus

55 3379 166 3466 primia
187 3379 272 3438 venit
294 3378 326 3436 in
346 3375 543 3459 adjutorium
563 3395 681 3453 meum,
710 3390 742 3440 et
765 3401 822 3465 ego
844 3387 976 3444 remansi
997 3385 1043 3447 ibi
1062 3389 1138 3470 jux-a

53 3501 87 3551 ta
123 3506 225 3571 regem
254 3483 430 3546 Persarum.
483 3480 565 3544 Veni
592 3495 713 3562 autem,
743 3499 780 3548 nt
808 3487 953 3551 docerem
973 3505 1022 3572 te,
1053 3510 1134 3578 quaa

53 3605 187 3656 ventura
206 3604 285 3653 sunt
311 3589 433 3676 populo
462 3600 520 3651 tuo
551 3588 584 3649 in
614 3591 786 3654 novissimis
819 3584 948 3676 diebus,
983 3605 1131 3683 quonian't

54 3700 159 3763 adhuc
179 3701 258 3760 visio
281 3700 313 3759 in
337 3697 402 3758 dies
426 3696 486 3758 etc.
529 3687 690 3778 Numquid
709 3692 791 3778 scis,
814 3724 910 3785 quare
933 3711 1068 3770 venerim
1090 3713 1130 3773 ad

52 3808 106 3870 tei
127 3819 161 3869 et·
179 3827 263 3867 nunc
282 3819 441 3884 revertar,
463 3815 500 3865 ut
520 3804 654 3889 praelier
675 3806 838 3870 adversum
858 3813 1031 3898 principem
1049 3816 1130 3879 Per-

52 3935 165 3982 sarum.
214 3903 292 3975 Cum
318 3920 393 3997 eigo
423 3911 607 3996 egrederer,
640 3917 787 3998 apparuit
822 3919 967 4004 princeps
989 3923 1129 3986 Graeco.-

52 4044 124 4085 runr
152 4023 285 4084 veniens·
349 4019 569 4081 Verumtamen
602 4019 794 4084 annuntiabo
828 4015 908 4102 tibi,
953 4026 1039 4111 quod
1075 4053 1129 4093 ομ

49 4151 192 4214 pressum
220 4141 265 4189 est
294 4130 327 4188 in
360 4130 518 4211 scriptura
551 4129 712 4189 veritatis:
747 4136 779 4191 et
808 4151 898 4194 neruo
929 4150 975 4197 est
996 4138 1128 4221 adjutor

47 4258 135 4301 meua
157 4239 189 4298 in
211 4237 355 4298 omnibus
375 4235 424 4298 his
431 4278 442 4314 ‚
479 4236 536 4298 nisi
565 4233 697 4296 Michael
720 4238 865 4323 princeps
885 4255 996 4307 vester.

869 4363 914 4424 1⁷
