2768 4762
316 459 329 483 ο
446 363 812 430 ancan1ca.
1044 336 1160 443 '190‘
1253 428 1259 444 „

82 551 211 641 perdita
238 549 321 614 data.
370 549 423 614 Sic
437 554 649 637 potentissima
679 565 711 616 et
732 553 869 636 piissima
886 551 996 615 caritas
1014 562 1047 613 et
1065 549 1156 612 affec·

82 655 121 703 tu
147 636 380 723 compatiendi,
427 651 458 700 et
480 637 681 701 subveniendi
717 636 855 699 abundat
894 637 1022 717 effectu,
1056 656 1154 719 aeque
1286 714 1289 719 .

84 723 224 808 locuples
258 725 291 788 in
324 734 470 803 utroque.
519 723 570 783 Ad
601 725 686 785 hunc
716 724 814 806 igitur
846 722 963 785 fontem
994 720 1154 785 sitibunda

84 820 235 895 properet
258 808 359 867 anima
393 820 517 881 nostra,
552 808 592 868 ad
620 808 705 869 huno
735 807 964 870 misericordiae
995 807 1153 869 cumulum

82 907 153 955 tota
173 891 377 965 solicitudine
394 893 514 952 miseria
541 905 648 954 nostra
678 904 828 953 recurrat
871 893 918 954 Sit
938 893 1061 978 pietatis
1080 904 1152 952 tuae

83 978 181 1060 ipsam
210 997 306 1060 qnam
340 975 423 1058 apud
457 977 554 1037 Deum
586 981 714 1057 gratiam
747 976 908 1053 invenisti,
930 976 1148 1040 notamiacere

81 1060 220 1123 mundos
250 1065 312 1122 rcis
335 1062 470 1128 veniam,
507 1058 653 1125 medelam
687 1082 721 1123 ae
742 1061 800 1135 ris,
853 1061 951 1121 usillis
980 1061 1077 1123 corde
1096 1082 1153 1122 ro-

80 1146 145 1208 bur
157 1189 168 1223 ,
198 1145 322 1207 afflictis
348 1144 613 1224 consolationem,
640 1081 887 1231 periciitantibus
908 1146 1101 1226 adjutorium
1121 1156 1153 1206 et

82 1228 300 1292 liberationem
323 1231 434 1289 sanctis
464 1229 526 1289 tuis
544 1230 690 1311 precibus
710 1227 893 1291 obtinendo.
935 1230 973 1289 In
991 1229 1048 1289 hac
1070 1251 1153 1311 qno·

82 1336 147 1396 que
171 1313 221 1376 die
246 1312 446 1375 solemnitatis
477 1325 509 1373 et
528 1310 658 1374 laetitiae
677 1314 888 1374 dulcissimum
909 1311 1069 1373 MARIAE
1092 1334 1153 1373 no-

81 1420 153 1459 men
173 1420 243 1489 cum
261 1398 351 1459 laude
373 1395 590 1463 invocantibus
608 1398 753 1473 servulis,
768 1417 833 1541 per
851 1408 882 1455 te
902 1398 1007 1480 regina
1021 1396 1152 1457 clemens

82 1485 202 1566 gratiae
228 1502 300 1543 suae
336 1503 465 1544 munera
492 1481 644 1565 largiatur
670 1482 768 1545 tuso
830 1479 1027 1541 CHRISTUS
1066 1478 1150 1541 lilius
1161 1484 1285 1531 1¹⁰¹·225·

81 1579 161 1629 tuus
183 1567 482 1713 Βοωίἓιὲηοεωτε
514 1568 571 1650 qui
593 1578 641 1631 est
665 1586 760 1652 super
780 1567 885 1628 omnia
898 1565 985 1629 Deus
1003 1563 1153 1629 benedie-

81 1662 137 1712 tus
166 1653 201 1712 io
224 1670 273 1712 sae

558 1876 667 1957 XIX.

176 2062 342 2143 Petrum
367 2057 419 2144 dc
446 2060 582 2146 Maria
604 2060 773 2178 Virgine
803 2060 1054 2186 testimonia,

179 2247 225 2319 a.
277 2250 568 2322 ansuinus:
596 2248 702 2323 sieut
724 2253 803 2323 nra
824 2250 979 2325 seducta
999 2266 1069 2335 est,
1106 2229 1321 2322 areatat*

78 2364 262 2462 effugeret
286 2370 432 2443 Deum,
467 2370 523 2439 sio
555 2371 713 2440 titula
749 2398 859 2445 suasa
893 2391 952 2446 est
991 2362 1148 2445 obediie

78 2490 189 2573 Deo,
224 2485 280 2557 uti
306 2485 459 2582 virginis
480 2489 581 2557 Erae
599 2488 704 2584 virgo
723 2491 841 2562 Maria
862 2490 968 2564 lieret
988 2494 1148 2565 advoca·

78 2627 143 2682 ta:
175 2624 213 2681 et
245 2606 554 2709 quemadmodum
575 2592 794 2682 adstrictum
817 2627 874 2683 est
895 2612 1006 2683 morti
1032 2639 1147 2711 genus

78 2734 279 2807 humanum
311 2756 382 2834 per
416 2734 615 2832 virginem,
659 2731 824 2807 solvatur
850 2758 918 2834 per
950 2734 1142 2833 virginem,

78 2881 199 2954 aequa
222 2857 330 2930 lance
350 2857 534 2958 disposita
561 2836 755 2960 iirginalis
782 2858 1060 2934 inobedientiae
1078 2881 1148 2960 per

77 2981 296 3073 virginalem
315 2981 576 3057 obedientiam.

175 3129 219 3202 B.
274 3130 725 3208 CHRYSOSTOMUSt
774 3130 826 3204 Ut
856 3153 943 3205 rere
994 3116 1301 3227 dignnm¹'“‘¹'‘¹‘

77 3264 117 3319 et
139 3249 275 3348 justum
310 3270 384 3338 est,
419 3252 627 3353 glorificare
646 3272 686 3326 te
712 3255 912 3358 Deiparam
934 3269 973 3326 et
998 3275 1146 3351 semper

74 3368 326 3446 beatissimam
372 3392 410 3448 et
445 3381 593 3478 penitus
635 3380 958 3451 incontaminatam
989 3392 1144 3449 matrem

72 3495 148 3566 Dei
175 3498 316 3599 nostri,
343 3500 623 3576 honoratiorem
646 3503 859 3592 Cherubim,
891 3518 929 3573 et
943 3500 1142 3602 gloriosio-

71 3642 152 3690 rem
184 3621 526 3723 incomparabiliter
557 3626 777 3726 Seraphim,
817 3651 913 3726 quae
942 3625 1036 3699 citra
1056 3648 1141 3698 cor·

71 3742 284 3837 ruptionem
300 3748 420 3825 Deum
435 3728 639 3851 peperisti:
660 3775 747 3822 rere
764 3750 965 3850 Deiparam
987 3766 1025 3820 te
1040 3772 1140 3846 mag·
1180 3768 1184 3774 ·

71 3862 276 3942 nificamue·
339 3877 416 3944 Ave
452 3876 583 3970 gratio
618 3875 731 3968 pleno
762 3876 912 3955 Maria,
954 3872 1140 3945 Dominus

72 3996 216 4082 tecum,
251 3996 444 4070 benedicto
461 4009 512 4070 tu
531 4000 573 4071 in
593 3999 834 4087 mulieribus,
866 4008 902 4075 et
930 3998 1139 4068 benedictus

59 4107 218 4209 fructus
251 4124 393 4194 ventris
426 4126 504 4212 tui,
534 4123 712 4219 quoniam
742 4121 964 4224 saltatorem
1000 4121 1139 4194 anima·

63 4259 150 4360 tum
185 4258 396 4338 nostrarum
421 4244 614 4350 peperisti.
716 4293 732 4317 a
