2752 4770
354 399 595 463 Anmomra
615 395 676 461 Ao
699 394 932 461 Leenoueu.
1165 391 1278 461 xm

64 600 115 655 re
136 604 231 674 quae
251 580 302 647 ab
326 580 407 664 ipsis
436 581 628 646 auctoribus
645 588 735 645 reete
753 601 815 661 per
832 598 991 647 numeros
1009 584 1171 645 annotato
1186 576 1273 666 fue·

60 708 114 777 rot,
131 699 189 760 uel
205 676 495 765 ascribentium,
512 692 565 753 vel
581 691 868 775 typographorum
887 689 1017 751 incuria
1037 698 1272 769 permutaren-

54 816 97 882 tn,
111 824 170 865 nec
193 819 289 863 sane
300 796 447 874 mirum,
469 817 545 859 cum
555 792 723 881 facillime
740 797 928 880 contingat,
951 805 990 858 ut
1008 814 1169 858 numerus
1182 796 1272 859 nlius

51 933 88 995 po
103 913 166 973 alio
182 906 440 979 substituatur,
464 911 522 966 out
540 911 676 985 propter
699 901 897 988 formarum
917 902 1190 977 similitudinem,
1210 908 1274 965 aut

48 1024 95 1081 nlo
105 1018 311 1103 figurarum
333 1011 520 1073 inversione
536 1006 649 1093 facto.
701 1011 820 1092 itaque
845 1019 882 1074 ut
904 1033 946 1077 ne
964 1028 1092 1075 errores
1109 1007 1273 1096 ejusmodi

47 1128 205 1188 irriderent
239 1131 319 1184 tum
349 1119 386 1181 in
414 1118 583 1181 scribendo
609 1117 680 1180 sioe
711 1118 951 1197 imprimendo,
985 1127 1059 1182 tum
1085 1117 1115 1179 si
1140 1134 1273 1181 necesse

43 1230 148 1317 fuerit,
173 1230 265 1292 elias
286 1225 500 1300 recudenda,
520 1223 702 1286 maluimus
723 1224 860 1310 integris
882 1224 1079 1297 dictionibus
1101 1221 1167 1301 uti,
1189 1241 1274 1307 quas

46 1349 235 1403 commutare
259 1354 330 1396 non
350 1333 400 1394 ita
411 1325 520 1414 facile
532 1325 636 1414 foret.
681 1331 833 1395 Fecimus
853 1331 894 1394 id·
910 1333 951 1394 ob
974 1352 1048 1394 eom
1068 1330 1170 1393 etium
1192 1350 1274 1393 cau·

44 1468 121 1523 sam,
153 1454 193 1508 ut
226 1463 273 1504 ex
295 1442 358 1503 hoc
389 1438 472 1500 libro
496 1432 635 1521 facilius
662 1438 794 1501 restitui
823 1448 856 1501 et
883 1439 1005 1522 corrigi
1037 1441 1109 1503 loca
1128 1437 1274 1519 possint,

43 1574 112 1637 qaae
139 1554 177 1613 in
198 1549 309 1628 ipsius
334 1542 527 1609 catechismi
549 1549 701 1631 margine
728 1553 953 1622 annotentur,
972 1547 1003 1608 si
1023 1546 1059 1607 in
1080 1565 1116 1606 eo
1140 1542 1275 1625 saepius

44 1659 288 1741 imprimendo,
314 1671 437 1717 errores
467 1652 504 1713 in
531 1653 678 1715 numeris
699 1653 991 1715 committerentur.
1032 1653 1186 1715 Alterum
1206 1657 1275 1729 est,

42 1770 167 1848 dequo
192 1762 413 1823 admonendus
441 1758 616 1836 videbere,
653 1767 691 1821 ut
712 1760 742 1821 si
759 1760 1007 1823 animadvertas
1026 1758 1062 1819 in
1084 1757 1276 1839 Scriptores

39 1871 154 1935 verbis
179 1865 339 1947 quaedam
365 1866 462 1927 aliter
486 1866 574 1949 legi,
602 1886 702 1948 quom
732 1868 767 1929 in
798 1867 965 1930 nonnullis
984 1866 1100 1931 Bibliis
1119 1870 1277 1950 vulgatas

41 1975 196 2041 editionis
222 1972 397 2050 habeatur,
426 1973 616 2035 memineris
643 1993 702 2035 nos
726 1974 825 2037 iniis
847 1973 1067 2035 describendis
1089 1974 1277 2039 Louanien-

44 2087 123 2147 uum
166 2080 409 2163 Tlreologorum
445 2079 696 2162 castigationem
731 2082 776 2142 od
812 2080 1032 2143 uetustissima
1066 2082 1277 2165 exemplario

44 2188 184 2279 factam,
206 2194 336 2249 secutos
355 2205 434 2248 esse.
483 2187 633 2249 Tertium
644 2194 717 2264 est,
732 2188 1128 2272 quod-‘nauignoremuc
1151 2191 1279 2270 pleros·

50 2317 103 2382 que
114 2292 218 2381 fore,
241 2293 299 2375 qui
320 2292 562 2356 sententiarum
585 2301 619 2356 et
643 2294 880 2357 auctoritatum
912 2298 1155 2381 longitudinem
1179 2316 1286 2381 aegre.

47 2400 163 2486 ferent.
215 2399 335 2462 Verum
357 2420 434 2462 cum
455 2419 474 2461 e
496 2401 625 2465 diverso
650 2401 718 2463 sint
743 2422 810 2463 non
833 2402 951 2480 pauci,
972 2404 1030 2485 qui
1053 2404 1172 2467 malint
1193 2404 1279 2466 inte·

51 2530 126 2594 gras
158 2510 299 2577 Petrum
330 2507 525 2582 sententias,
562 2527 664 2590 quum
686 2508 743 2570 ita
772 2507 913 2571 breuiter
937 2513 1115 2585 adductos:
1136 2529 1203 2573 nan
1220 2530 1280 2591 po·

53 2618 173 2680 luimus
192 2614 325 2693 utrique
354 2612 444 2693 parti
474 2614 676 2678 commodius
696 2611 909 2698 satisfacere,
930 2619 1075 2696 quamsi
1100 2616 1191 2679 oium
1212 2636 1282 2678 me·

56 2727 138 2787 diam
161 2732 367 2795 teneremus,
388 2726 427 2780 ut
451 2739 491 2781 ea
514 2723 623 2783 solum
644 2716 892 2805 proferrentur,
914 2741 999 2804 quae
1015 2726 1059 2784 od
1079 2743 1151 2785 rem
1174 2722 1283 2803 ipsam

56 2831 256 2912 potissimum
271 2821 392 2910 facere
418 2826 637 2889 uidebantur:
658 2847 862 2910 quamquam
879 2849 1063 2906 vereamur,
1088 2848 1130 2890 ne
1160 2827 1283 2891 alicubi

57 2939 216 3022 longiores
240 2941 300 2997 out
329 2953 431 3015 aequo
463 2933 630 2997 breviores
647 2931 839 3019 fuerimus:
869 2938 963 3024 cujus
986 2938 1089 2999 errati
1098 2931 1225 3020 facile,
1245 2939 1285 2997 ut

58 3063 161 3125 spero,
179 3042 314 3105 venium
335 3040 438 3103 debis.
486 3039 567 3102 Utut
587 3049 652 3119 est,
674 3061 748 3103 meo
774 3043 906 3125 quidem
918 3042 1061 3129 judicio,
1085 3046 1285 3109 Sanctorum

59 3151 195 3214 Petrum
221 3148 406 3212 sententiae
416 3142 557 3230 facilius
573 3148 823 3234 intelliguntur,
850 3153 981 3234 quondo
1002 3161 1034 3214 et
1055 3150 1285 3215 antecedentia

60 3256 330 3340 etconsequentia
353 3255 454 3316 simul
472 3260 646 3331 ponuntur
670 3256 710 3319 ob
737 3261 867 3320 oculos:
890 3267 926 3318 ut
949 3263 1093 3335 taceam,
1115 3259 1202 3338 quad
1220 3277 1288 3320 non

61 3386 135 3428 roro
161 3365 291 3449 quanda
311 3362 411 3431 verbe
435 3360 568 3444 longius
586 3363 811 3442 adnotentur,
842 3364 944 3427 simul
968 3367 1069 3430 etiam
1089 3367 1235 3429 rationes
1254 3369 1288 3427 et

63 3462 253 3557 ergument'u
289 3468 404 3532 lectori
431 3469 698 3549 suppeditentur,
728 3472 856 3548 partim
886 3491 930 3533 ex
957 3472 1138 3553 scripturis
1162 3470 1289 3548 sceris,

64 3582 178 3657 partim
197 3576 335 3641 abunde
352 3573 467 3652 petita.
511 3574 631 3657 Neque.
643 3575 732 3638 enim
748 3581 836 3641 nude
855 3578 1111 3664 simpliciterque
1131 3582 1172 3645 de
1190 3579 1289 3644 rebus

66 3684 132 3765 idei
151 3705 251 3748 suom
280 3681 478 3744 sententium
509 3690 681 3765 exponunt
715 3683 853 3763 Patres,
886 3686 943 3749 sed
977 3707 1215 3771 nonnunquam
1246 3704 1292 3747 ex

71 3788 206 3876 perfuso
227 3810 302 3853 eom
324 3786 472 3866 probunt
489 3796 522 3853 et
540 3789 746 3871 confirmant.
787 3792 864 3854 lom
881 3791 956 3873 quis
974 3795 1122 3872 dubitet,
1144 3794 1224 3877 quin
1238 3812 1293 3854 ea·
1367 3830 1369 3837 ι

27 3976 32 3985 Ι
73 3916 134 3961 nim
161 3905 366 3982 argumento
390 3896 496 3957 multa
538 3885 698 3982 mojorem
726 3897 956 3963 auctoritatem
983 3899 1071 3987 fidei
1105 3899 1295 3965 Catholicae

27 3992 31 4085 ζ
77 4006 308 4093 confirmandae
337 4002 500 4084 roburque
525 4003 697 4081 tribuant,
725 4023 827 4082 quom
854 4007 889 4069 si'
902 4007 1101 4087 ¹simpliciter
1123 4026 1295 4073 assevera-

26 4176 32 4197 ,
80 4124 145 4191 rm,
173 4113 264 4197 quod
274 4105 449 4175 sentiunt?
472 4110 571 4173 Nune
589 4112 635 4173 od
652 4109 737 4172 illud
757 4111 930 4179 veniemus
940 4158 951 4193 ,
972 4118 1014 4179 de
1032 4134 1096 4199 quo
1112 4113 1211 4181 tertio
1229 4114 1299 4175 loeo

26 4262 29 4269 ·
80 4219 237 4283 &ardum
258 4226 343 4283 erut.
385 4216 472 4281 Sunt
502 4223 653 4281 auctores
679 4216 777 4287 multi
802 4227 877 4283 tum
911 4223 1033 4289 Graeci
1062 4231 1139 4296 tum
1169 4216 1305 4292 Latini,

82 4328 123 4405 u·
139 4324 270 4413 roura
294 4342 319 4387 a
340 4320 479 4407 nnn
501 4323 674 4405 omui,
704 4324 1116 4454 menusanum.
1132 4323 1212 4407 nn
1234 4342 1304 4389 ων.
