2768 4762
207 369 361 428 xxxvlu.
398 443 399 447 ἵ
456 367 628 427 ΕΝΟΟΜῙΔ
652 365 824 431 Putavit,
842 365 1002 447 Quonim
1069 374 1081 382 ¹·
1111 406 1114 415 .

282 638 537 698 GAELESTINUS
554 641 686 700 Pontifex
706 641 790 715 epist.
814 649 840 698 1·.
857 637 896 694 ad
915 635 1018 712 quood.
1041 634 1162 693 Gelliar.
1180 636 1276 710 episc.

212 753 239 792 s·
258 744 305 795 dn
333 735 522 810 Augustinurn
546 749 659 794 sanctae
684 735 898 793 recordationis
921 734 1033 798 virum,
1060 749 1116 804 pro
1139 727 1200 786 vita
1226 749 1277 788 sua

213 841 300 904 etque
317 830 429 886 meritis
444 831 475 885 in
487 843 587 888 nostra
608 833 809 889 communione
827 847 940 904 semper
958 827 1131 892 habuimus,
1149 843 1203 881 nec
1225 845 1277 881 un·

214 943 301 1000 quarn
320 926 396 981 hune
416 926 549 983 sinistrae
571 928 744 1002 suspicionis
766 927 865 981 saitem
888 940 990 979 rumor
1012 922 1171 994 adspersit,
1191 939 1278 996 quem

214 1031 311 1077 tantae
328 1021 466 1077 scientiae
489 1023 558 1078 olins
574 1024 663 1079 fuisso
679 1022 874 1082 meminimus.
893 1030 926 1075 ut
944 1020 1020 1074 iuter
1036 1019 1188 1093 magistros
1204 1017 1280 1091 opti·
1330 1044 1333 1050 ·

214 1133 278 1173 suos
301 1118 388 1174 etiam
407 1135 425 1172 a
448 1118 520 1174 meis
542 1136 656 1193 semper
677 1116 949 1190 praedecessoribus
966 1114 1133 1205 haberetur.

280 1309 542 1367 CASSIODORUS
567 1310 691 1366 Senator
708 1311 825 1386 prolog.
852 1328 939 1385 super
965 1310 1108 1370 Psalter.s
1125 1309 1187 1391 ‚Est
1204 1308 1281 1364 enirn

215 1395 366 1461 literarum
386 1407 513 1461 omnium
531 1407 664 1481 egregius
684 1407 837 1482 megistos,
862 1418 897 1465 et
914 1406 1007 1481 (quod
1030 1408 1060 1461 in
1080 1404 1212 1461 ubertsts
1234 1423 1282 1460 rs-

215 1517 282 1556 rum
304 1503 360 1568 est)
378 1502 556 1558 cautissimus
574 1502 748 1576 disputator.
784 1502 923 1558 Decurrit
941 1503 1049 1576 quippe
1066 1512 1200 1575 tauquam
1214 1499 1282 1556 fons

216 1596 402 1669 purissimus,
422 1597 501 1652 nulla
528 1598 609 1654 tseso
630 1598 773 1672 pollutus:
805 1597 864 1653 Sed
883 1599 913 1653 in
940 1598 1104 1671 integritate
1125 1595 1193 1650 fidei
1216 1614 1283 1670 per-

216 1707 373 1758 seversns‚
399 1693 490 1748 nescit
506 1694 659 1749 haereticis
675 1695 770 1749 losum
790 1693 881 1759 dsro,
911 1692 988 1748 unde
1012 1698 1073 1748 ses'e
1100 1692 1212 1764 possint
1233 1692 1287 1746 ali.

219 1803 274 1859 que
295 1787 499 1842 colluctatione
520 1789 699 1844 defendero·
734 1792 824 1843 Totus
845 1789 1025 1852 catholicus,
1045 1798 1122 1842 totus
1139 1786 1285 1842 Orthcdo·

219 1898 271 1933 xus
292 1881 456 1936 inveniturt
477 1876 564 1936 Et'in
583 1885 711 1938 Ecclesia
728 1885 845 1939 Domini
858 1883 1140 1940 suavissimoaenitore
1157 1883 1286 1956 resplon·

222 1968 313 2040 deus,
332 1977 451 2048 superni
474 1975 589 2033 luminis
606 1978 736 2035 claritute
755 1979 860 2034 radiat.

294 2169 391 2225 IDEM
415 2171 446 2224 L.
468 2169 505 2226 de
523 2170 613 2230 divin.
634 2171 701 2228 lect.
723 2134 750 2226 ο.Ι
765 2179 828 2233 22.ε
852 2174 919 2247 lpse
938 2177 1048 2231 Doctcr
1074 2171 1192 2230 esinrius
1219 2171 1288 2229 bes·

223 2263 350 2320 tissimus
358 2264 548 2339 Augustinus,
569 2267 730 2344 debellator
742 2269 968 2338 haereticorum,
986 2270 1130 2326 *defensor
1148 2267 1287 2336 fidelium,

225 2371 254 2418 st
268 2360 445 2418 famosorum
463 2362 560 2435 palma
578 2365 781 2431 certaminum,
798 2376 854 2427 etc,

296 2579 548 2638 venuntntms
566 2581 645 2638 Beda
658 2582 721 2643 defi
734 2582 945 2649 nundinetur,
965 2601 1017 2639 sou
1032 2582 1062 2636 in
1075 2580 1203 2641 chronic.
1214 2595 1285 2634 suo:

224 2678 261 2734 B.
278 2675 453 2750 Augustinus
476 2678 673 2752 Hipponensis
697 2680 866 2753 opiscopus,
892 2679 1018 2733 omniurn
1038 2680 1149 2734 Doctor
1168 2675 1288 2731 eximius

226 2771 431 2840 eeclesiarum,
452 2783 506 2830 etc.
542 2776 639 2830 lDEM
660 2773 693 2834 L.
714 2782 742 2834 ⁸2.
765 2774 801 2829 de
821 2773 1006 2830 tabernaculo
1025 2783 1055 2827 et
1073 2772 1148 2828 vasis
1174 2771 1236 2839 ejus
1257 2783 1290 2822 ac

224 2869 353 2922 vestibus
368 2850 564 2935 incuriosum,
584 2885 647 2942 cap.
660 2879 707 2930 aa
728 2870 902 2945 Augustinus
914 2868 1021 2936 omnis,
1039 2884 1113 2942 quse
1128 2865 1214 2923 fidem
1230 2875 1288 2920 tur·

224 2959 299 3019 bore
313 2973 464 3036 poterent,
481 2963 693 3021 haereticorum
710 2984 822 3022 venena
838 2975 967 3022 evacuat.

298 3174 483 3238 REMIGIUS
507 3178 677 3238 Antisiodor
700 3185 795 3257 Episc.
819 3184 850 3240 in
871 3185 1031 3269 comment.
1054 3180 1124 3252 Sup.
1146 3179 1184 3236 ll.
1202 3176 1291 3234 Cora

227 3273 310 3331 Siout
325 3273 368 3330 sol
386 3277 417 3330 in
436 3277 545 3332 lumine
563 3278 791 3337 excedisomnes
811 3281 962 3347 Planctus,
982 3278 1023 3335 ita
1039 3273 1213 3350 Augustinus
1232 3290 1291 3327 om·

227 3386 279 3427 nes
295 3370 415 3427 excessit
431 3372 461 3428 in
481 3373 653 3447 exponendo
672 3391 766 3430 sacras
786 3375 953 3449 scripturas.

300 3588 526 3648 BERNARDUS
550 3592 643 3653 Serus.
661 3601 706 3655 80.
736 3609 799 3667 sup.
825 3591 924 3651 Cautr
956 3589 1131 3666 Augustinus
1157 3597 1200 3643 est
1219 3581 1291 3640 vali·

229 3683 362 3742 dissimus
381 3685 499 3741 mallens
522 3687 744 3748 haereticorum.

301 3861 341 3916 lii
356 3860 444 3915 Cous.
462 3859 592 3916 Floreut·
612 3877 681 3919 sess.
698 3869 721 3920 7.
747 3858 877 3914 Andreas
896 3857 1024 3914 Prsesul:
1040 3855 1150 3914 coloss.
1167 3869 1222 3925 pro
1236 3849 1294 3903 Ro·

229 3973 312 4011 mauu
334 3954 460 4011 Ecclesia
485 3955 686 4029 respondens:
714 3953 882 4021 sedunus,
904 3954 1013 4030 inquit,
1039 3963 1201 4009 sanctorum
1223 3948 1297 3998 Doc·

229 4064 324 4108 torum
346 4052 531 4106 auctoritates
557 4050 586 4104 in
607 4051 732 4107 medium
758 4049 924 4118 efferemus,
957 4066 990 4104 ac
1014 4048 1042 4102 iu
1069 4041 1172 4120 priscis
1200 4038 1297 4110 Augu,

149 4182 154 4196 ι
229 4148 296 4203 stini
326 4147 510 4202 iilsutrissimi
535 4147 701 4201 Latinorum
733 4145 889 4213 vectoris,
924 4161 1006 4220 quens
1033 4141 1135 4221 quinta
1164 4131 1297 4208 synodus

229 4243 420 4300 consecravit.
460 4238 535 4298 Vide
556 4242 642 4297 etiam
665 4239 755 4303 conc.
771 4242 865 4300 Tolet.
888 4240 969 4299 Vlll.
993 4224 1108 4299 ss'rM.
