2768 4762
749 88 761 115 l

370 338 780 445 'sanantes
1050 368 1130 445 aar

55 565 167 633 andire
183 584 247 629 non
265 562 431 642 sustinens,
451 560 597 650 magnoin
618 561 699 625 illud
711 563 830 624 'nomen
852 558 1041 638 theotocos,
1071 559 1132 620 im·

54 654 190 740 piissime
204 651 409 737 suggillabat:
431 653 485 712 sed
507 651 635 711 contriti
658 660 733 709 sunt
751 647 965 725 insidiatores,
999 644 1155 707 concul-'

55 745 117 802 cati
135 739 403 823 supplantatores,
440 736 598 799 confutati
623 732 843 817 derogatores,
869 744 902 794 et
919 732 1041 793 beatam
1064 720 1266 790 eam¹⁴¹'⁰·¹'l⁸·

57 825 167 887 dicunt
194 844 300 885 omnes
335 823 559 905 generationes.
606 816 838 900 Amplectamur
867 816 984 878 Mariae
1002 816 1129 899 vestigia
1139 816 1306 918 {adapsili-

56 909 169 972 fratres
190 911 269 984 mei,
293 918 324 966 et
343 907 538 966 devotissima
558 903 786 987 supplicatione
809 901 906 962 beatis
931 903 1015 963 illius
1039 900 1247 984 pedi-auam.

55 994 115 1056 bus
146 992 377 1075 provolvamur.
428 990 595 1073 Teneamus
613 1008 693 1065 earn,
724 1007 781 1046 nec
801 985 1005 1064 dimittamus,
1028 989 1156 1084 donec?
1225 1046 1230 1057 ,
1269 1047 1275 1058 ‚

55 1077 248 1140 benedixerit
266 1077 368 1137 nobis.
411 1073 527 1137 Potens
546 1085 592 1135 est
609 1075 698 1133 caim.
742 1070 859 1154 Nempe
877 1072 975 1133 vellus
998 1083 1044 1131 est
1063 1052 1306 1155 me-mliiilill'si

20 1171 29 1186 ⁶
57 1164 144 1225 dium
167 1164 249 1223 iuter
279 1172 383 1221 rorem
410 1173 442 1221 ct
464 1179 579 1234 arcam,
614 1157 725 1217 mulier
740 1154 942 1216 ‘inter-solem
963 1167 995 1216 et
1013 1154 1128 1233 lunam,
1140 1143 1306 1239 {Qgssffijl

56 1249 158 1310 Maria
183 1249 264 1308 inter
286 1245 445 1308 Christum
474 1256 505 1304 et
520 1241 690 1303 Ecclesiam
712 1242 890 1301 constituta.
932 1239 975 1300 Et
999 1236 1132 1320 quibus-

56 1333 128 1393 dam
161 1332 348 1412 interjcctis':
389 1331 466 1406 Quis
498 1328 601 1388 stellas
628 1327 785 1402 nominet,
808 1323 922 1405 quibus
943 1324 1061 1411 Mariae
1081 1328 1132 1382 r'c-
1179 1332 1181 1337 '

78 1420 143 1477 inm
174 1417 313 1477 diadema
333 1426 518 1497 conpactum
537 1411 598 1472 est?
630 1410 745 1491 »Supra
762 1407 918 1468 homiuem
935 1420 981 1469 est
996 1428 1132 1468 coronae

56 1440 156 1583 hujus
168 1504 319 1561 rationem
332 1518 495 1580 exponere,
516 1496 654 1554 indicare
668 1495 933 1575 compositionem.
955 1490 1020 1552 Nos
1032 1504 1133 1552 tamen

57 1605 120 1668 pro
135 1584 263 1644 modulo
276 1592 401 1643 nostrae
420 1582 592 1664 exiguitatis
605 1577 789 1639 abstinentes
799 1599 815 1637 a
827 1576 1006 1661 periculoso
1020 1577 1135 1641 scruti-2

57 1672 113 1730 nio
128 1681 331 1743 secretorum,
347 1684 415 1726 ‘non
429 1666 614 1747 [incongrue
623 1664 754 1723 forsitan
766 1663 930 1723 duodecim
939 1660 1041 1723 stellas
1050 1662 1132 1742 istas,
1143 1650 1307 1745 {glss‘ffissgj

59 1751 228 1813 duodecim
244 1753 472 1834 praerogativas
486 1756 652 1832 gratiarum
661 1747 832 1830 intelligere
841 1746 1009 1822 videamur,
1017 1744 1133 1827 quibus
1145 1763 1202 1839 ξω
1212 1752 1236 1791 fl·
1242 1754 1306 1840 llll

58 1838 160 1896 Maria
175 1835 577 1918 singulariterpadornatur.
614 1832 772 1915 Siquidem
782 1834 921 1905 invenire
936 1831 1021 1891 estin
1034 1831 1133 1913 Maria
1144 1812 1307 1906 ,lihidinu'
1342 1883 1345 1895 .

58 1925 287 2003 praerogativas
297 1920 382 1997 caeli,
404 1919 632 2003 praerogativas
644 1921 755 1999 carnis,
769 1922 999 2000 praerogativas
1012 1915 1133 1977 cordis:

58 2005 135 2062 etsi
156 2004 423 2065 fueritternarius
452 2006 528 2065 istae
556 2023 614 2085 per
638 2004 872 2085 quaternarium
897 2000 1132 2082 multiplicatus,

56 2084 205 2148 habemus
230 2089 313 2149 forte
347 2089 448 2151 stellas
481 2087 670 2166 duodecim,
704 2090 819 2170 quibus
848 2087 982 2171 Reginae
1008 2099 1134 2148 nostrae

61 2170 199 2233 diadema
228 2173 422 2258 praefulgeat
444 2175 605 2245 universis.
665 2173 745 2234 Mihi
771 2193 844 2255 sane
868 2172 1033 2256 singularis
1052 2184 1135 2232 rutr-

58 2254 104 2315 lat
129 2257 254 2339 fulgor,
283 2258 543 2342 primoquidem
561 2260 593 2317 in
614 2259 729 2318 Mariae
744 2261 957 2341 generatione:
993 2256 1132 2319 secundo

57 2344 91 2398 iu
118 2341 256 2421 angelica
288 2344 481 2401 visitatione:
522 2343 619 2400 tertio
652 2344 685 2400 in
711 2345 840 2423 spiritus
876 2343 1131 2425 superventiones
1216 2342 1218 2347 ’

58 2436 176 2503 quarto
210 2426 240 2480 in
269 2421 327 2481 lilii
350 2424 408 2482 Dei
426 2422 627 2483 inenarrabili
646 2428 863 2505 conceptione.
925 2426 976 2485 Sic
992 2437 1022 2484 et
1037 2428 1067 2483 in
1079 2426 1133 2486 his

59 2526 189 2585 quoque
224 2506 379 2571 sidercum
412 2506 504 2588 plane
542 2504 672 2564 irradiat
703 2500 815 2582 decus,
840 2507 928 2586 quod
949 2509 1134 2588 virginitatis

57 2591 261 2673 primiceria,
295 2589 383 2670 quod
413 2591 479 2650 sine
514 2589 720 2670 corruptione
743 2590 915 2666 foecunda,
949 2587 1037 2674 quod
1069 2595 1135 2654 sine

58 2676 234 2759 gravamine
258 2673 403 2758 gravida,
431 2673 519 2756 quod
550 2675 614 2734 sine
631 2671 743 2733 dolore
761 2695 924 2757 puerpera.
967 2676 1135 2738 Nihilomi-

57 2780 119 2820 nus
152 2761 242 2818 etiam
277 2760 409 2842 speciali
432 2755 569 2843 quodam
598 2757 765 2841 splendore
800 2757 832 2819 in
851 2761 950 2821 Maria
970 2775 1135 2822 coruscant

60 2843 267 2906 mansuetudo
283 2844 437 2927 pudoris,
458 2845 586 2921 devotio
604 2843 803 2921 humilitatis,
825 2848 1054 2928 magnanimitas
1065 2867 1134 2906 cre·
1143 2839 1262 2882 mmm
1282 2857 1307 2885 ⁰·

1142 2891 1203 2930 ratio
1216 2891 1245 2931 ad
1262 2905 1307 2932 rna·

34 2930 219 3005 'dulitatis,
251 2933 434 3005 martyrium
459 2931 573 2990 cordis.
617 2928 659 2989 Et
679 2931 710 2988 in
733 2928 795 2990 fine
816 2936 986 2992 sermonis:
1014 2934 1081 2992 lam
1103 2941 1307 3032 lelffin'ssl'ssfl'

57 3024 157 3075 mater
189 3015 419 3077 misericordiae
449 3034 506 3100 per
545 3014 646 3098 ipsum
675 3015 894 3078 sincerissimae
924 3029 995 3078 tuae
1024 3031 1300 3078 mentasmsaaraeem

57 3097 223 3174 allectum,
245 3103 307 3160 tuis
327 3103 433 3181 jacens
457 3105 624 3183 provoluta
647 3101 779 3182 pedibus
808 3103 900 3179 luna,
924 3104 1132 3165 mediatricem
1143 3087 1295 3187 {Ralssssf‘l'

59 3181 123 3242 sibi
151 3184 233 3264 apud
258 3184 353 3244 solem
371 3186 511 3266 justitiae
536 3187 736 3244 constitutam
750 3186 870 3246 devotis
893 3187 1134 3270 supplicationi-

59 3263 121 3326 bus
148 3268 347 3350 interpellat,
380 3271 473 3330 utin
502 3268 616 3328 lumine
639 3280 693 3328 tuo
719 3270 821 3332 videat
848 3270 972 3349 lumen,
1012 3286 1043 3334 st
1056 3271 1132 3332 solis
1178 3279 1182 3284 ⁴

59 3353 190 3433 gratiam
207 3367 264 3413 tuo
287 3361 440 3414 mereatur
460 3354 607 3426 obtentu,
642 3373 732 3434 quam
746 3377 818 3416 rere
839 3359 949 3418 amarit
965 3378 1041 3439 prae
1064 3377 1133 3417 omr-
1232 3378 1236 3399 ¹

59 3434 170 3509 nibus,
204 3450 234 3496 et
257 3440 394 3516 ornavit,
427 3438 507 3500 stola
530 3438 648 3521 gloriae
667 3440 818 3516 induens,
840 3453 871 3500 et
891 3461 1039 3502 coronam
1058 3440 1133 3524 pul·
1224 3473 1228 3477 ·
1261 3481 1267 3494 ·

60 3517 249 3580 claritudinis
269 3543 387 3604 ponens
408 3526 439 3582 in
460 3526 560 3605 capite
577 3535 644 3583 tuo.
688 3523 784 3584 Plena
802 3545 832 3585 es
853 3527 1039 3607 gratiarnm,
1063 3524 1132 3609 ple·

59 3623 99 3661 na
132 3624 207 3664 rore
241 3606 381 3682 caelesti,
415 3610 517 3668 innixa
541 3628 633 3689 super
651 3607 821 3686 dilectum,
855 3609 976 3671 deliciis
993 3611 1159 3706 all'lueus.c
1202 3667 1209 3679 ,
1276 3664 1288 3709 5

60 3687 137 3748 Ciba
165 3686 259 3749 hodic
289 3712 442 3774 pauperes
466 3705 535 3753 tuos
554 3692 696 3769 domina,
734 3695 792 3775 ipsi
819 3710 944 3778 quoque
967 3696 1068 3756 catelli
1093 3672 1306 3763 dett'allll‘slln'.

57 3776 146 3833 micis
165 3773 275 3851 edant,
298 3796 354 3836 nec
373 3797 471 3859 puero
492 3775 635 3838 Abrahae
656 3789 794 3853 tantum,
816 3778 870 3840 sed
894 3792 925 3841 et
939 3781 1060 3840 camelis
1070 3801 1131 3863 po·
1141 3765 1306 3816 ⁰“'⁸·²⁸'¹⁸·
1372 3820 1376 3829 .

58 3869 126 3916 tum
143 3852 262 3919 tribuas
279 3859 317 3921 de
339 3860 542 3943 superfluenti
569 3862 680 3937 hydria
700 3875 772 3939 tua,
793 3865 868 3944 quia
883 3877 918 3925 tu
939 3886 1009 3926 vere
1026 3864 1130 3948 puella

59 3961 92 3999 es
112 3944 284 4023 praeelecta
302 3957 333 4004 ct
346 3960 529 4029 praeparata
555 3947 692 4007 altissimi
710 3946 777 4007 filio
799 3960 855 4011 tuo
865 3991 877 4027 ,
899 3951 955 4033 qui
975 3964 1020 4012 est
1036 3968 1236 4034 supernam.
1247 3973 1280 4024 5.,

58 4028 161 4087 omnia
178 4029 267 4087 Dens
286 4029 466 4107 benedictus
485 4034 516 4091 in
538 4031 666 4093 saecula
709 4033 817 4092 Amen.
1140 4018 1296 4106 1223'2'2.

143 4123 173 4179 a.
215 4113 325 4175 lDllhI
346 4115 444 4180 Serm.
462 4116 501 4177 de
517 4120 608 4176 nativ.
624 4119 721 4178 Man:
744 4117 844 4178 Altius
853 4139 927 4204 ergo
941 4123 1132 4201 intueamini,
1143 4115 1187 4156 “ll
1197 4115 1270 4157 ⁰⁸⁸³·

56 4194 187 4275 quando
207 4196 383 4261 devotionis
409 4201 556 4261 affectus
578 4201 669 4262 nobis
688 4202 817 4263 Mariam
836 4203 972 4268 voluerit
990 4207 1133 4270 honora-

50 4281 102 4357 ri,
141 4282 197 4364 qui
220 4283 320 4345 totius
336 4283 415 4347 boni
435 4285 661 4370 plenitudinem
678 4288 786 4371 posuit
805 4291 836 4352 in
859 4291 974 4357 Maria:
996 4307 1033 4358 ut
1051 4314 1131 4380 pro·
