<?xml version="1.0" encoding="UTF-8"?>
<!DOCTYPE html PUBLIC "-//W3C//DTD XHTML 1.0 Transitional//EN"
    "http://www.w3.org/TR/xhtml1/DTD/xhtml1-transitional.dtd">
<html xmlns="http://www.w3.org/1999/xhtml" xml:lang="en" lang="en">
 <head>
  <title>
</title>
<meta http-equiv="Content-Type" content="text/html;charset=utf-8" />
  <meta name='ocr-system' content='tesseract 3.04.00' />
  <meta name='ocr-capabilities' content='ocr_page ocr_carea ocr_par ocr_line ocrx_word'/>
</head>
<body>
  <div class='ocr_page' id='page_1' title='image "./summadoctrinaec00kanigoog_0439.png"; bbox 0 0 2768 4762; ppageno 0'>
   <div class='ocr_carea' id='block_1_1' title="bbox 189 366 1097 491">
    <p class='ocr_par' dir='ltr' id='par_1_1' title="bbox 189 366 1097 491">
     <span class='ocr_line' id='line_1_1' title="bbox 189 366 1097 491; baseline -0.003 -36"><span class='ocrx_word' id='word_1_1' title='bbox 189 434 197 455; x_wconf 80' lang='grc'><em>,</em></span> <span class='ocrx_word' id='word_1_2' title='bbox 262 410 376 480; x_wconf 67' lang='lat'>330,</span> <span class='ocrx_word' id='word_1_3' title='bbox 486 366 1097 491; x_wconf 52' lang='lat' dir='ltr'>‹na&#39;raaacnrrts</span> 
     </span>
    </p>
   </div>
   <div class='ocr_carea' id='block_1_2' title="bbox 178 566 1380 1649">
    <p class='ocr_par' dir='ltr' id='par_1_2' title="bbox 348 566 1347 662">
     <span class='ocr_line' id='line_1_2' title="bbox 348 566 1347 662; baseline -0.005 -14"><span class='ocrx_word' id='word_1_4' title='bbox 348 580 489 649; x_wconf 78' lang='lat' dir='ltr'>Matth.</span> <span class='ocrx_word' id='word_1_5' title='bbox 510 579 651 643; x_wconf 60' lang='lat' dir='ltr'>mua</span> <span class='ocrx_word' id='word_1_6' title='bbox 673 566 829 662; x_wconf 75' lang='lat' dir='ltr'>Magister</span> <span class='ocrx_word' id='word_1_7' title='bbox 845 587 948 640; x_wconf 79' lang='lat' dir='ltr'>vester</span> <span class='ocrx_word' id='word_1_8' title='bbox 959 595 1040 637; x_wconf 88' lang='lat' dir='ltr'>unus</span> <span class='ocrx_word' id='word_1_9' title='bbox 1052 585 1115 656; x_wconf 88' lang='lat' dir='ltr'>est,</span> <span class='ocrx_word' id='word_1_10' title='bbox 1136 573 1347 647; x_wconf 67' lang='lat' dir='ltr'>eumerus</span> 
     </span>
    </p>

    <p class='ocr_par' dir='ltr' id='par_1_3' title="bbox 178 682 1380 1201">
     <span class='ocr_line' id='line_1_3' title="bbox 351 682 1380 795; baseline -0.004 -41"><span class='ocrx_word' id='word_1_11' title='bbox 351 688 494 754; x_wconf 83' lang='lat' dir='ltr'>Mattb.</span> <span class='ocrx_word' id='word_1_12' title='bbox 524 687 630 749; x_wconf 66' lang='lat' dir='ltr'>xlxe</span> <span class='ocrx_word' id='word_1_13' title='bbox 671 684 705 746; x_wconf 90' lang='lat' dir='ltr'>Si</span> <span class='ocrx_word' id='word_1_14' title='bbox 736 687 783 746; x_wconf 84' lang='lat' dir='ltr'>vis</span> <span class='ocrx_word' id='word_1_15' title='bbox 813 682 964 744; x_wconf 85' lang='lat' dir='ltr'>advitam</span> <span class='ocrx_word' id='word_1_16' title='bbox 989 682 1129 767; x_wconf 79' lang='lat' dir='ltr'>ingredi,</span> <span class='ocrx_word' id='word_1_17' title='bbox 1155 705 1254 748; x_wconf 86' lang='lat' dir='ltr'>serva</span> <span class='ocrx_word' id='word_1_18' title='bbox 1273 710 1346 750; x_wconf 86' lang='lat' dir='ltr'>man·</span> <span class='ocrx_word' id='word_1_19' title='bbox 1377 728 1380 795; x_wconf 49' lang='lat'>4</span> 
     </span>
     <span class='ocr_line' id='line_1_4' title="bbox 268 791 1346 867; baseline -0.006 -3"><span class='ocrx_word' id='word_1_20' title='bbox 268 803 349 864; x_wconf 89' lang='lat' dir='ltr'>data.</span> <span class='ocrx_word' id='word_1_21' title='bbox 410 798 498 857; x_wconf 86' lang='lat' dir='ltr'>Dicit</span> <span class='ocrx_word' id='word_1_22' title='bbox 529 793 576 853; x_wconf 92' lang='lat' dir='ltr'>illi</span> <span class='ocrx_word' id='word_1_23' title='bbox 605 792 798 854; x_wconf 81' lang='lat' dir='ltr'><strong>adolescens:</strong></span> <span class='ocrx_word' id='word_1_24' title='bbox 837 791 945 867; x_wconf 87' lang='lat' dir='ltr'>Quael</span> <span class='ocrx_word' id='word_1_25' title='bbox 996 791 1084 852; x_wconf 87' lang='lat' dir='ltr'>Jesus</span> <span class='ocrx_word' id='word_1_26' title='bbox 1117 805 1229 854; x_wconf 88' lang='lat' dir='ltr'>autem</span> <span class='ocrx_word' id='word_1_27' title='bbox 1269 795 1346 859; x_wconf 80' lang='lat' dir='ltr'>dixit:</span> 
     </span>
     <span class='ocr_line' id='line_1_5' title="bbox 267 896 1347 975; baseline -0.006 -4"><span class='ocrx_word' id='word_1_28' title='bbox 267 911 341 971; x_wconf 86' lang='lat' dir='ltr'>Non</span> <span class='ocrx_word' id='word_1_29' title='bbox 362 903 565 966; x_wconf 87' lang='lat' dir='ltr'>homicidium</span> <span class='ocrx_word' id='word_1_30' title='bbox 600 902 722 975; x_wconf 82' lang='lat' dir='ltr'>facies:¹</span> <span class='ocrx_word' id='word_1_31' title='bbox 740 899 810 961; x_wconf 87' lang='lat' dir='ltr'>Non</span> <span class='ocrx_word' id='word_1_32' title='bbox 835 896 1040 960; x_wconf 80' lang='lat' dir='ltr'>adulterabis:</span> <span class='ocrx_word' id='word_1_33' title='bbox 1074 896 1150 959; x_wconf 90' lang='lat' dir='ltr'>Non</span> <span class='ocrx_word' id='word_1_34' title='bbox 1171 900 1271 964; x_wconf 82' lang='lat' dir='ltr'>facies</span> <span class='ocrx_word' id='word_1_35' title='bbox 1292 904 1347 964; x_wconf 85' lang='lat' dir='ltr'>iur-</span> 
     </span>
     <span class='ocr_line' id='line_1_6' title="bbox 178 1006 1347 1092; baseline -0.003 -16"><span class='ocrx_word' id='word_1_36' title='bbox 178 1086 184 1092; x_wconf 39' lang='grc'><strong>,</strong></span> <span class='ocrx_word' id='word_1_37' title='bbox 269 1029 354 1077; x_wconf 83' lang='lat' dir='ltr'>tum:</span> <span class='ocrx_word' id='word_1_38' title='bbox 383 1012 455 1072; x_wconf 86' lang='lat' dir='ltr'>Non</span> <span class='ocrx_word' id='word_1_39' title='bbox 478 1009 590 1069; x_wconf 84' lang='lat' dir='ltr'>falsum</span> <span class='ocrx_word' id='word_1_40' title='bbox 612 1010 823 1070; x_wconf 83' lang='lat' dir='ltr'>testimonium</span> <span class='ocrx_word' id='word_1_41' title='bbox 846 1006 950 1067; x_wconf 84' lang='lat' dir='ltr'>dices:</span> <span class='ocrx_word' id='word_1_42' title='bbox 972 1006 1103 1066; x_wconf 80' lang='lat' dir='ltr'><strong>Honora</strong></span> <span class='ocrx_word' id='word_1_43' title='bbox 1126 1020 1258 1090; x_wconf 83' lang='lat' dir='ltr'>patrem</span> <span class='ocrx_word' id='word_1_44' title='bbox 1275 1023 1347 1073; x_wconf 85' lang='lat' dir='ltr'>tuan</span> 
     </span>
     <span class='ocr_line' id='line_1_7' title="bbox 271 1115 1345 1201; baseline -0.001 -20"><span class='ocrx_word' id='word_1_45' title='bbox 271 1136 303 1184; x_wconf 90' lang='lat' dir='ltr'>et</span> <span class='ocrx_word' id='word_1_46' title='bbox 335 1131 464 1180; x_wconf 88' lang='lat' dir='ltr'>matrem</span> <span class='ocrx_word' id='word_1_47' title='bbox 492 1129 596 1176; x_wconf 88' lang='lat' dir='ltr'>tuam.-</span> <span class='ocrx_word' id='word_1_48' title='bbox 628 1116 747 1200; x_wconf 77' lang='lat' dir='ltr'>Diliges</span> <span class='ocrx_word' id='word_1_49' title='bbox 768 1115 945 1198; x_wconf 83' lang='lat' dir='ltr'>proximum</span> <span class='ocrx_word' id='word_1_50' title='bbox 971 1124 1060 1187; x_wconf 80' lang='lat' dir='ltr'>tuum</span> <span class='ocrx_word' id='word_1_51' title='bbox 1083 1115 1227 1177; x_wconf 86' lang='lat' dir='ltr'>sicutte</span> <span class='ocrx_word' id='word_1_52' title='bbox 1252 1120 1345 1201; x_wconf 84' lang='lat' dir='ltr'>ipsun</span> 
     </span>
    </p>

    <p class='ocr_par' dir='ltr' id='par_1_4' title="bbox 223 1219 1344 1649">
     <span class='ocr_line' id='line_1_8' title="bbox 355 1219 1344 1300; baseline 0.001 -14"><span class='ocrx_word' id='word_1_53' title='bbox 355 1224 654 1290; x_wconf 76' lang='lat' dir='ltr'>loann.XX.·et</span> <span class='ocrx_word' id='word_1_54' title='bbox 683 1222 804 1300; x_wconf 83' lang='lat' dir='ltr'>xv11.‚</span> <span class='ocrx_word' id='word_1_55' title='bbox 846 1222 938 1287; x_wconf 79' lang='lat' dir='ltr'>Luc.</span> <span class='ocrx_word' id='word_1_56' title='bbox 966 1219 1023 1298; x_wconf 88' lang='lat' dir='ltr'>X.,</span> <span class='ocrx_word' id='word_1_57' title='bbox 1062 1220 1344 1287; x_wconf 68' lang='lat' dir='ltr'>Mactaxvlli</span> 
     </span>
     <span class='ocr_line' id='line_1_9' title="bbox 270 1335 430 1396; baseline -0.025 0"><span class='ocrx_word' id='word_1_58' title='bbox 270 1335 332 1396; x_wconf 82' lang='lat' dir='ltr'>vid.</span> <span class='ocrx_word' id='word_1_59' title='bbox 357 1345 430 1393; x_wconf 85' lang='lat' dir='ltr'>text.</span> 
     </span>
     <span class='ocr_line' id='line_1_10' title="bbox 223 1435 1343 1522; baseline 0.003 -21"><span class='ocrx_word' id='word_1_60' title='bbox 223 1504 226 1515; x_wconf 70' lang='grc'>,</span> <span class='ocrx_word' id='word_1_61' title='bbox 357 1437 526 1522; x_wconf 77' lang='lat' dir='ltr'>111.1teg.</span> <span class='ocrx_word' id='word_1_62' title='bbox 558 1437 696 1499; x_wconf 71' lang='lat' dir='ltr'>xvim:</span> <span class='ocrx_word' id='word_1_63' title='bbox 737 1435 960 1519; x_wconf 78' lang='lat' dir='ltr'>convertitque</span> <span class='ocrx_word' id='word_1_64' title='bbox 987 1456 1040 1496; x_wconf 85' lang='lat' dir='ltr'>rex</span> <span class='ocrx_word' id='word_1_65' title='bbox 1062 1435 1177 1498; x_wconf 79' lang='lat' dir='ltr'>faeiem</span> <span class='ocrx_word' id='word_1_66' title='bbox 1197 1454 1343 1520; x_wconf 82' lang='lat' dir='ltr'>suam,t</span> 
     </span>
     <span class='ocr_line' id='line_1_11' title="bbox 272 1542 1342 1649; baseline -0.001 -37"><span class='ocrx_word' id='word_1_67' title='bbox 272 1549 431 1612; x_wconf 81' lang='lat' dir='ltr'>benedixit</span> <span class='ocrx_word' id='word_1_68' title='bbox 471 1545 555 1649; x_wconf 70' lang='lat' dir='ltr'>ompi</span> <span class='ocrx_word' id='word_1_69' title='bbox 595 1544 752 1607; x_wconf 84' lang='lat' dir='ltr'>Ecclesiae</span> <span class='ocrx_word' id='word_1_70' title='bbox 792 1543 898 1607; x_wconf 74' lang='lat' dir='ltr'>lsrael.</span> <span class='ocrx_word' id='word_1_71' title='bbox 952 1542 1060 1606; x_wconf 83' lang='lat' dir='ltr'>Omnis</span> <span class='ocrx_word' id='word_1_72' title='bbox 1092 1547 1181 1607; x_wconf 87' lang='lat' dir='ltr'>euim</span> <span class='ocrx_word' id='word_1_73' title='bbox 1222 1548 1342 1611; x_wconf 78' lang='lat' dir='ltr'>Ecclesia</span> 
     </span>
    </p>
   </div>
   <div class='ocr_carea' id='block_1_3' title="bbox 164 1653 589 1723">
    <p class='ocr_par' dir='ltr' id='par_1_5' title="bbox 164 1653 589 1723">
     <span class='ocr_line' id='line_1_12' title="bbox 164 1653 589 1723; baseline -0.009 0"><span class='ocrx_word' id='word_1_74' title='bbox 164 1718 168 1723; x_wconf 93' lang='lat'>.</span> <span class='ocrx_word' id='word_1_75' title='bbox 273 1657 370 1722; x_wconf 89' lang='lat' dir='ltr'>lsrael</span> <span class='ocrx_word' id='word_1_76' title='bbox 396 1653 505 1716; x_wconf 75' lang='lat' dir='ltr'>stabat</span> <span class='ocrx_word' id='word_1_77' title='bbox 585 1710 589 1719; x_wconf 91' lang='grc'><em>,</em></span> 
     </span>
    </p>
   </div>
   <div class='ocr_carea' id='block_1_4' title="bbox 275 1755 1343 2488">
    <p class='ocr_par' dir='ltr' id='par_1_6' title="bbox 275 1755 1342 2166">
     <span class='ocr_line' id='line_1_13' title="bbox 358 1755 1336 1843; baseline 0.001 -20"><span class='ocrx_word' id='word_1_78' title='bbox 358 1763 448 1823; x_wconf 82' lang='lat' dir='ltr'>Act.</span> <span class='ocrx_word' id='word_1_79' title='bbox 470 1759 561 1822; x_wconf 81' lang='lat' dir='ltr'>XV.:</span> <span class='ocrx_word' id='word_1_80' title='bbox 594 1758 712 1823; x_wconf 89' lang='lat' dir='ltr'>Paulus</span> <span class='ocrx_word' id='word_1_81' title='bbox 747 1778 845 1839; x_wconf 87' lang='lat' dir='ltr'>vero,</span> <span class='ocrx_word' id='word_1_82' title='bbox 877 1756 976 1820; x_wconf 87' lang='lat' dir='ltr'>electo</span> <span class='ocrx_word' id='word_1_83' title='bbox 999 1755 1087 1834; x_wconf 85' lang='lat' dir='ltr'>Sila,</span> <span class='ocrx_word' id='word_1_84' title='bbox 1109 1759 1281 1843; x_wconf 77' lang='lat' dir='ltr'>profectur</span> <span class='ocrx_word' id='word_1_85' title='bbox 1302 1775 1336 1837; x_wconf 73' lang='lat' dir='ltr'>est</span> 
     </span>
     <span class='ocr_line' id='line_1_14' title="bbox 275 1860 1339 1952; baseline -0.003 -18"><span class='ocrx_word' id='word_1_86' title='bbox 275 1871 410 1935; x_wconf 88' lang='lat' dir='ltr'>traditus</span> <span class='ocrx_word' id='word_1_87' title='bbox 435 1868 553 1952; x_wconf 81' lang='lat' dir='ltr'>gratiae</span> <span class='ocrx_word' id='word_1_88' title='bbox 570 1866 646 1926; x_wconf 88' lang='lat' dir='ltr'>DEI</span> <span class='ocrx_word' id='word_1_89' title='bbox 668 1887 684 1925; x_wconf 91' lang='lat' dir='ltr'>a</span> <span class='ocrx_word' id='word_1_90' title='bbox 705 1865 877 1928; x_wconf 83' lang='lat' dir='ltr'>fratribus:</span> <span class='ocrx_word' id='word_1_91' title='bbox 911 1860 1159 1930; x_wconf 84' lang='lat' dir='ltr'>Perambulabat</span> <span class='ocrx_word' id='word_1_92' title='bbox 1175 1883 1281 1931; x_wconf 89' lang='lat' dir='ltr'>autem</span> <span class='ocrx_word' id='word_1_93' title='bbox 1299 1870 1339 1946; x_wconf 72' lang='lat' dir='ltr'>Sy·</span> 
     </span>
     <span class='ocr_line' id='line_1_15' title="bbox 275 1970 1342 2060; baseline 0 -21"><span class='ocrx_word' id='word_1_94' title='bbox 275 1980 354 2040; x_wconf 89' lang='lat' dir='ltr'>riam</span> <span class='ocrx_word' id='word_1_95' title='bbox 387 1990 417 2036; x_wconf 89' lang='lat' dir='ltr'>et</span> <span class='ocrx_word' id='word_1_96' title='bbox 438 1973 602 2050; x_wconf 79' lang='lat' dir='ltr'>Ciliciam,</span> <span class='ocrx_word' id='word_1_97' title='bbox 633 1971 819 2034; x_wconf 83' lang='lat' dir='ltr'>confirmans</span> <span class='ocrx_word' id='word_1_98' title='bbox 838 1970 1009 2050; x_wconf 83' lang='lat' dir='ltr'>Ecclesiae,</span> <span class='ocrx_word' id='word_1_99' title='bbox 1028 1975 1226 2060; x_wconf 76' lang='lat' dir='ltr'>praecipiens</span> <span class='ocrx_word' id='word_1_100' title='bbox 1249 1991 1342 2039; x_wconf 83' lang='lat' dir='ltr'>custo·</span> 
     </span>
     <span class='ocr_line' id='line_1_16' title="bbox 277 2077 1143 2166; baseline -0.005 -21"><span class='ocrx_word' id='word_1_101' title='bbox 277 2083 346 2144; x_wconf 83' lang='lat' dir='ltr'>dir&#39;c</span> <span class='ocrx_word' id='word_1_102' title='bbox 359 2093 524 2166; x_wconf 86' lang='lat' dir='ltr'>praecepta</span> <span class='ocrx_word' id='word_1_103' title='bbox 547 2077 775 2162; x_wconf 82' lang='lat' dir='ltr'>Apostolorum</span> <span class='ocrx_word' id='word_1_104' title='bbox 797 2091 828 2140; x_wconf 92' lang='lat' dir='ltr'>et</span> <span class='ocrx_word' id='word_1_105' title='bbox 850 2080 1016 2141; x_wconf 86' lang='lat' dir='ltr'>seniorum.</span> <span class='ocrx_word' id='word_1_106' title='bbox 1140 2096 1143 2102; x_wconf 83' lang='lat'>&#39;</span> 
     </span>
    </p>

    <p class='ocr_par' dir='ltr' id='par_1_7' title="bbox 275 2172 1343 2488">
     <span class='ocr_line' id='line_1_17' title="bbox 361 2172 1343 2269; baseline 0.001 -19"><span class='ocrx_word' id='word_1_107' title='bbox 361 2190 452 2250; x_wconf 82' lang='lat' dir='ltr'>Act.</span> <span class='ocrx_word' id='word_1_108' title='bbox 472 2184 578 2248; x_wconf 72' lang='lat' dir='ltr'>xvi:</span> <span class='ocrx_word' id='word_1_109' title='bbox 600 2185 678 2251; x_wconf 79' lang='lat' dir='ltr'>cum</span> <span class='ocrx_word' id='word_1_110' title='bbox 697 2172 797 2247; x_wconf 88' lang='lat' dir='ltr'>autem</span> <span class='ocrx_word' id='word_1_111' title='bbox 813 2187 1041 2269; x_wconf 76' lang='lat' dir='ltr'>pertransirent</span> <span class='ocrx_word' id='word_1_112' title='bbox 1059 2186 1194 2249; x_wconf 79' lang='lat' dir='ltr'>civitates</span> <span class='ocrx_word' id='word_1_113' title='bbox 1216 2186 1343 2269; x_wconf 75' lang='lat' dir='ltr'>(Paulae</span> 
     </span>
     <span class='ocr_line' id='line_1_18' title="bbox 277 2292 1333 2379; baseline -0.003 -18"><span class='ocrx_word' id='word_1_114' title='bbox 277 2299 395 2361; x_wconf 88' lang='lat' dir='ltr'>scilicet</span> <span class='ocrx_word' id='word_1_115' title='bbox 413 2307 444 2357; x_wconf 89' lang='lat' dir='ltr'>et</span> <span class='ocrx_word' id='word_1_116' title='bbox 463 2293 568 2373; x_wconf 87' lang='lat' dir='ltr'>Silas),</span> <span class='ocrx_word' id='word_1_117' title='bbox 588 2292 756 2357; x_wconf 84' lang='lat' dir='ltr'>tradebant</span> <span class='ocrx_word' id='word_1_118' title='bbox 766 2295 802 2354; x_wconf 89' lang='lat' dir='ltr'>iis</span> <span class='ocrx_word' id='word_1_119' title='bbox 818 2293 975 2356; x_wconf 88' lang='lat' dir='ltr'>custodire</span> <span class='ocrx_word' id='word_1_120' title='bbox 990 2293 1147 2379; x_wconf 73' lang='lat' dir='ltr'>dogmata,</span> <span class='ocrx_word' id='word_1_121' title='bbox 1165 2316 1253 2379; x_wconf 85' lang='lat' dir='ltr'>quae</span> <span class='ocrx_word' id='word_1_122' title='bbox 1271 2308 1333 2359; x_wconf 71' lang='lat' dir='ltr'>erat</span> 
     </span>
     <span class='ocr_line' id='line_1_19' title="bbox 275 2400 1293 2488; baseline -0.003 -18"><span class='ocrx_word' id='word_1_123' title='bbox 275 2407 400 2471; x_wconf 88' lang='lat' dir='ltr'>decreta</span> <span class='ocrx_word' id='word_1_124' title='bbox 412 2403 452 2465; x_wconf 87' lang='lat' dir='ltr'>ab</span> <span class='ocrx_word' id='word_1_125' title='bbox 465 2400 626 2488; x_wconf 86' lang='lat' dir='ltr'>Apostolis</span> <span class='ocrx_word' id='word_1_126' title='bbox 638 2414 670 2463; x_wconf 90' lang='lat' dir='ltr'>et</span> <span class='ocrx_word' id='word_1_127' title='bbox 679 2400 872 2480; x_wconf 85' lang='lat' dir='ltr'>Senioribus,</span> <span class='ocrx_word' id='word_1_128' title='bbox 892 2403 945 2485; x_wconf 90' lang='lat' dir='ltr'>qni</span> <span class='ocrx_word' id='word_1_129' title='bbox 956 2402 1293 2481; x_wconf 73' lang='lat' dir='ltr'>erantliierosolym&#39;m.</span> 
     </span>
    </p>
   </div>
   <div class='ocr_carea' id='block_1_5' title="bbox 259 2584 1302 2727">
    <p class='ocr_par' dir='ltr' id='par_1_8' title="bbox 259 2584 1302 2727">
     <span class='ocr_line' id='line_1_20' title="bbox 259 2584 1302 2727; baseline -0.003 -26"><span class='ocrx_word' id='word_1_130' title='bbox 259 2584 265 2591; x_wconf 69' lang='grc'><strong>’</strong></span> <span class='ocrx_word' id='word_1_131' title='bbox 325 2623 561 2701; x_wconf 77' lang='lat' dir='ltr'>cannas</span> <span class='ocrx_word' id='word_1_132' title='bbox 596 2622 675 2694; x_wconf 83' lang='lat' dir='ltr'>au</span> <span class='ocrx_word' id='word_1_133' title='bbox 714 2621 1036 2727; x_wconf 73' lang='lat' dir='ltr'>usnemun</span> <span class='ocrx_word' id='word_1_134' title='bbox 1077 2623 1302 2699; x_wconf 76' lang='lat' dir='ltr'>maara</span> 
     </span>
    </p>
   </div>
   <div class='ocr_carea' id='block_1_6' title="bbox 275 2788 1336 3050">
    <p class='ocr_par' dir='ltr' id='par_1_9' title="bbox 275 2788 1336 3050">
     <span class='ocr_line' id='line_1_21' title="bbox 363 2788 1334 2864; baseline 0.004 -14"><span class='ocrx_word' id='word_1_135' title='bbox 363 2808 391 2864; x_wconf 75' lang='lat'>1.</span> <span class='ocrx_word' id='word_1_136' title='bbox 414 2792 449 2855; x_wconf 90' lang='lat' dir='ltr'>B.</span> <span class='ocrx_word' id='word_1_137' title='bbox 491 2788 819 2851; x_wconf 85' lang='lat' dir='ltr'>CHRYSOSTOMUS</span> <span class='ocrx_word' id='word_1_138' title='bbox 842 2788 926 2851; x_wconf 91' lang='lat' dir='ltr'>hom.</span> <span class='ocrx_word' id='word_1_139' title='bbox 938 2801 988 2858; x_wconf 78' lang='lat'>61.</span> <span class='ocrx_word' id='word_1_140' title='bbox 1002 2791 1034 2849; x_wconf 93' lang='lat' dir='ltr'>in</span> <span class='ocrx_word' id='word_1_141' title='bbox 1050 2791 1190 2855; x_wconf 68' lang='lat' dir='ltr'>Mattlm</span> <span class='ocrx_word' id='word_1_142' title='bbox 1213 2793 1247 2855; x_wconf 87' lang='lat' dir='ltr'>si</span> <span class='ocrx_word' id='word_1_143' title='bbox 1258 2805 1334 2855; x_wconf 75' lang='lat' dir='ltr'>aaa·</span> 
     </span>
     <span class='ocr_line' id='line_1_22' title="bbox 276 2871 1336 2961; baseline -0.002 -18"><span class='ocrx_word' id='word_1_144' title='bbox 276 2902 329 2945; x_wconf 85' lang='lat' dir='ltr'>eos</span> <span class='ocrx_word' id='word_1_145' title='bbox 350 2899 415 2939; x_wconf 91' lang='lat' dir='ltr'>non</span> <span class='ocrx_word' id='word_1_146' title='bbox 432 2875 585 2951; x_wconf 89' lang='lat' dir='ltr'>audierit,</span> <span class='ocrx_word' id='word_1_147' title='bbox 624 2873 675 2934; x_wconf 89' lang='lat' dir='ltr'>dic</span> <span class='ocrx_word' id='word_1_148' title='bbox 699 2871 871 2952; x_wconf 87' lang='lat' dir='ltr'>Ecclesiae,</span> <span class='ocrx_word' id='word_1_149' title='bbox 897 2873 1092 2960; x_wconf 88' lang='lat' dir='ltr'>praesulibus</span> <span class='ocrx_word' id='word_1_150' title='bbox 1121 2878 1250 2940; x_wconf 86' lang='lat' dir='ltr'>scilicet</span> <span class='ocrx_word' id='word_1_151' title='bbox 1266 2892 1336 2961; x_wconf 77' lang='lat' dir='ltr'>atque</span> 
     </span>
     <span class='ocr_line' id='line_1_23' title="bbox 275 2961 535 3050; baseline -0.031 -24"><span class='ocrx_word' id='word_1_152' title='bbox 275 2961 535 3050; x_wconf 81' lang='lat' dir='ltr'>praesidentibus.</span> 
     </span>
    </p>
   </div>
   <div class='ocr_carea' id='block_1_7' title="bbox 181 3062 1342 3489">
    <p class='ocr_par' dir='ltr' id='par_1_10' title="bbox 181 3062 1342 3489">
     <span class='ocr_line' id='line_1_24' title="bbox 263 3062 1336 3137; baseline 0.009 -13"><span class='ocrx_word' id='word_1_153' title='bbox 263 3088 270 3096; x_wconf 69' lang='lat'><strong><em>¹</em></strong></span> <span class='ocrx_word' id='word_1_154' title='bbox 360 3084 391 3137; x_wconf 73' lang='lat'>2.</span> <span class='ocrx_word' id='word_1_155' title='bbox 432 3062 619 3130; x_wconf 82' lang='lat' dir='ltr'>BASILIUS</span> <span class='ocrx_word' id='word_1_156' title='bbox 650 3083 677 3123; x_wconf 89' lang='lat' dir='ltr'>c.</span> <span class='ocrx_word' id='word_1_157' title='bbox 700 3076 750 3132; x_wconf 69' lang='lat'>30.</span> <span class='ocrx_word' id='word_1_158' title='bbox 782 3063 949 3126; x_wconf 78' lang='lat' dir='ltr'>constitut.</span> <span class='ocrx_word' id='word_1_159' title='bbox 985 3079 1138 3129; x_wconf 78' lang='lat' dir='ltr'>monast:</span> <span class='ocrx_word' id='word_1_160' title='bbox 1164 3069 1223 3131; x_wconf 82' lang='lat' dir='ltr'>sin</span> <span class='ocrx_word' id='word_1_161' title='bbox 1244 3088 1336 3133; x_wconf 74' lang='lat' dir='ltr'>meno</span> 
     </span>
     <span class='ocr_line' id='line_1_25' title="bbox 181 3147 1337 3239; baseline 0.001 -23"><span class='ocrx_word' id='word_1_162' title='bbox 181 3176 184 3180; x_wconf 67' lang='grc'><strong><em>’</em></strong></span> <span class='ocrx_word' id='word_1_163' title='bbox 275 3158 378 3216; x_wconf 89' lang='lat' dir='ltr'>curari</span> <span class='ocrx_word' id='word_1_164' title='bbox 409 3151 564 3226; x_wconf 88' lang='lat' dir='ltr'>noluerit,</span> <span class='ocrx_word' id='word_1_165' title='bbox 602 3147 771 3208; x_wconf 91' lang='lat' dir='ltr'>adhibendi</span> <span class='ocrx_word' id='word_1_166' title='bbox 801 3150 839 3209; x_wconf 92' lang='lat' dir='ltr'>de</span> <span class='ocrx_word' id='word_1_167' title='bbox 858 3150 1009 3212; x_wconf 85' lang='lat' dir='ltr'>fratribus</span> <span class='ocrx_word' id='word_1_168' title='bbox 1031 3166 1126 3213; x_wconf 89' lang='lat' dir='ltr'>erunt</span> <span class='ocrx_word' id='word_1_169' title='bbox 1151 3158 1269 3233; x_wconf 86' lang='lat' dir='ltr'>etiam,</span> <span class='ocrx_word' id='word_1_170' title='bbox 1295 3154 1337 3239; x_wconf 72' lang='lat' dir='ltr'>qui</span> 
     </span>
     <span class='ocr_line' id='line_1_26' title="bbox 275 3233 1337 3318; baseline -0.006 -15"><span class='ocrx_word' id='word_1_171' title='bbox 275 3241 405 3304; x_wconf 84' lang='lat' dir='ltr'>caeteris</span> <span class='ocrx_word' id='word_1_172' title='bbox 443 3233 645 3316; x_wconf 81' lang='lat' dir='ltr'>intelligentia</span> <span class='ocrx_word' id='word_1_173' title='bbox 674 3234 837 3293; x_wconf 88' lang='lat' dir='ltr'>videantur</span> <span class='ocrx_word' id='word_1_174' title='bbox 866 3249 1043 3317; x_wconf 83' lang='lat' dir='ltr'>praestare:</span> <span class='ocrx_word' id='word_1_175' title='bbox 1085 3239 1337 3318; x_wconf 78' lang='lat' dir='ltr'>quemadmodum</span> 
     </span>
     <span class='ocr_line' id='line_1_27' title="bbox 275 3316 1338 3400; baseline -0.001 -14"><span class='ocrx_word' id='word_1_176' title='bbox 275 3338 320 3388; x_wconf 88' lang='lat' dir='ltr'>est</span> <span class='ocrx_word' id='word_1_177' title='bbox 342 3326 373 3384; x_wconf 93' lang='lat' dir='ltr'>in</span> <span class='ocrx_word' id='word_1_178' title='bbox 394 3330 590 3382; x_wconf 89' lang='lat' dir='ltr'>sacrosancto</span> <span class='ocrx_word' id='word_1_179' title='bbox 610 3316 802 3400; x_wconf 78' lang='lat' dir='ltr'>Evangelio:</span> <span class='ocrx_word' id='word_1_180' title='bbox 825 3317 858 3378; x_wconf 86' lang='lat' dir='ltr'>si</span> <span class='ocrx_word' id='word_1_181' title='bbox 883 3333 984 3380; x_wconf 90' lang='lat' dir='ltr'>autem</span> <span class='ocrx_word' id='word_1_182' title='bbox 1004 3332 1034 3380; x_wconf 90' lang='lat' dir='ltr'>te</span> <span class='ocrx_word' id='word_1_183' title='bbox 1046 3339 1111 3382; x_wconf 90' lang='lat' dir='ltr'>aon</span> <span class='ocrx_word' id='word_1_184' title='bbox 1128 3325 1273 3391; x_wconf 81' lang='lat' dir='ltr'>audierit</span> <span class='ocrx_word' id='word_1_185' title='bbox 1286 3338 1338 3397; x_wconf 78' lang='lat' dir='ltr'>etc,</span> 
     </span>
     <span class='ocr_line' id='line_1_28' title="bbox 276 3401 1342 3489; baseline 0.003 -21"><span class='ocrx_word' id='word_1_186' title='bbox 276 3408 364 3489; x_wconf 92' lang='lat' dir='ltr'>quod</span> <span class='ocrx_word' id='word_1_187' title='bbox 385 3410 450 3467; x_wconf 91' lang='lat' dir='ltr'>sine</span> <span class='ocrx_word' id='word_1_188' title='bbox 467 3404 543 3486; x_wconf 87' lang='lat' dir='ltr'>ipsis</span> <span class='ocrx_word' id='word_1_189' title='bbox 562 3401 688 3481; x_wconf 86' lang='lat' dir='ltr'>quidem</span> <span class='ocrx_word' id='word_1_190' title='bbox 710 3403 942 3482; x_wconf 86' lang='lat' dir='ltr'>auscultaverit,</span> <span class='ocrx_word' id='word_1_191' title='bbox 961 3417 1028 3465; x_wconf 86' lang='lat' dir='ltr'>tum</span> <span class='ocrx_word' id='word_1_192' title='bbox 1049 3405 1180 3469; x_wconf 75' lang='lat' dir='ltr'>danum</span> <span class='ocrx_word' id='word_1_193' title='bbox 1204 3410 1247 3470; x_wconf 86' lang='lat' dir='ltr'>ad</span> <span class='ocrx_word' id='word_1_194' title='bbox 1268 3409 1342 3469; x_wconf 78' lang='lat' dir='ltr'>Anti·</span> 
     </span>
    </p>
   </div>
   <div class='ocr_carea' id='block_1_8' title="bbox 276 3487 1340 3656">
    <p class='ocr_par' dir='ltr' id='par_1_11' title="bbox 276 3487 1340 3656">
     <span class='ocr_line' id='line_1_29' title="bbox 276 3487 1256 3573; baseline 0.003 -21"><span class='ocrx_word' id='word_1_195' title='bbox 276 3495 377 3553; x_wconf 88' lang='lat' dir='ltr'>stitem</span> <span class='ocrx_word' id='word_1_196' title='bbox 411 3495 511 3573; x_wconf 87' lang='lat' dir='ltr'>ipsum</span> <span class='ocrx_word' id='word_1_197' title='bbox 534 3487 624 3545; x_wconf 80' lang='lat' dir='ltr'>animi</span> <span class='ocrx_word' id='word_1_198' title='bbox 645 3487 742 3568; x_wconf 90' lang='lat' dir='ltr'>ipsius</span> <span class='ocrx_word' id='word_1_199' title='bbox 760 3487 903 3548; x_wconf 87' lang='lat' dir='ltr'>morbum</span> <span class='ocrx_word' id='word_1_200' title='bbox 924 3489 1046 3548; x_wconf 87' lang='lat' dir='ltr'>deferre</span> <span class='ocrx_word' id='word_1_201' title='bbox 1069 3511 1089 3551; x_wconf 88' lang='lat' dir='ltr'>o</span> <span class='ocrx_word' id='word_1_202' title='bbox 1114 3493 1256 3559; x_wconf 77' lang='lat' dir='ltr'>ortebit.</span> 
     </span>
     <span class='ocr_line' id='line_1_30' title="bbox 360 3511 1340 3656; baseline 0.001 -24"><span class='ocrx_word' id='word_1_203' title='bbox 360 3587 390 3644; x_wconf 80' lang='lat'>3.</span> <span class='ocrx_word' id='word_1_204' title='bbox 432 3568 787 3632; x_wconf 80' lang='lat' dir='ltr'>THEOPHYLACTUS</span> <span class='ocrx_word' id='word_1_205' title='bbox 814 3574 845 3630; x_wconf 94' lang='lat' dir='ltr'>in</span> <span class='ocrx_word' id='word_1_206' title='bbox 868 3572 985 3634; x_wconf 89' lang='lat' dir='ltr'>XVlIl.</span> <span class='ocrx_word' id='word_1_207' title='bbox 1018 3511 1152 3638; x_wconf 65' lang='lat' dir='ltr'>Manlia</span> <span class='ocrx_word' id='word_1_208' title='bbox 1199 3576 1296 3656; x_wconf 85' lang='lat' dir='ltr'>Quod</span> <span class='ocrx_word' id='word_1_209' title='bbox 1322 3574 1340 3633; x_wconf 86' lang='lat' dir='ltr'>si</span> 
     </span>
    </p>
   </div>
   <div class='ocr_carea' id='block_1_9' title="bbox 110 3655 1339 3733">
    <p class='ocr_par' dir='ltr' id='par_1_12' title="bbox 110 3655 1339 3733">
     <span class='ocr_line' id='line_1_31' title="bbox 110 3655 1339 3733; baseline -0.001 -12"><span class='ocrx_word' id='word_1_210' title='bbox 110 3673 164 3711; x_wconf 81' lang='lat'>0··</span> <span class='ocrx_word' id='word_1_211' title='bbox 243 3698 253 3718; x_wconf 61' lang='grc' dir='ltr'><strong><em>ι</em></strong></span> <span class='ocrx_word' id='word_1_212' title='bbox 276 3674 306 3722; x_wconf 93' lang='lat' dir='ltr'>te</span> <span class='ocrx_word' id='word_1_213' title='bbox 336 3681 399 3721; x_wconf 92' lang='lat' dir='ltr'>non</span> <span class='ocrx_word' id='word_1_214' title='bbox 424 3656 578 3730; x_wconf 86' lang='lat' dir='ltr'>audierit,</span> <span class='ocrx_word' id='word_1_215' title='bbox 610 3667 641 3714; x_wconf 91' lang='lat' dir='ltr'>et</span> <span class='ocrx_word' id='word_1_216' title='bbox 668 3657 780 3733; x_wconf 70' lang='lat' dir='ltr'>¹&#39;)cum</span> <span class='ocrx_word' id='word_1_217' title='bbox 801 3655 924 3718; x_wconf 90' lang='lat' dir='ltr'>duobus</span> <span class='ocrx_word' id='word_1_218' title='bbox 949 3657 998 3718; x_wconf 85' lang='lat' dir='ltr'>vel</span> <span class='ocrx_word' id='word_1_219' title='bbox 1023 3657 1125 3719; x_wconf 90' lang='lat' dir='ltr'>tribus</span> <span class='ocrx_word' id='word_1_220' title='bbox 1151 3663 1339 3724; x_wconf 80' lang='lat' dir='ltr'>testibusu·</span> 
     </span>
    </p>
   </div>
   <div class='ocr_carea' id='block_1_10' title="bbox 273 3739 1340 3912">
    <p class='ocr_par' dir='ltr' id='par_1_13' title="bbox 273 3739 1340 3912">
     <span class='ocr_line' id='line_1_32' title="bbox 274 3739 1340 3831; baseline 0.002 -28"><span class='ocrx_word' id='word_1_221' title='bbox 274 3746 398 3829; x_wconf 81' lang='lat' dir='ltr'>guaris,</span> <span class='ocrx_word' id='word_1_222' title='bbox 438 3762 476 3802; x_wconf 92' lang='lat' dir='ltr'>ne</span> <span class='ocrx_word' id='word_1_223' title='bbox 505 3740 639 3823; x_wconf 74' lang='lat' dir='ltr'>graveris</span> <span class='ocrx_word' id='word_1_224' title='bbox 674 3751 751 3799; x_wconf 82' lang='lat' dir='ltr'>tunc</span> <span class='ocrx_word' id='word_1_225' title='bbox 784 3739 939 3802; x_wconf 87' lang='lat' dir='ltr'>Ecclesiae</span> <span class='ocrx_word' id='word_1_226' title='bbox 968 3740 1172 3827; x_wconf 86' lang='lat' dir='ltr'>praesidibus</span> <span class='ocrx_word' id='word_1_227' title='bbox 1199 3748 1340 3831; x_wconf 69' lang='lat' dir='ltr'>invulgut</span> 
     </span>
     <span class='ocr_line' id='line_1_33' title="bbox 273 3843 445 3912; baseline -0.017 -23"><span class='ocrx_word' id='word_1_228' title='bbox 273 3843 445 3912; x_wconf 88' lang='lat' dir='ltr'>peccatum.</span> 
     </span>
    </p>
   </div>
   <div class='ocr_carea' id='block_1_11' title="bbox 271 3904 1343 4083">
    <p class='ocr_par' dir='ltr' id='par_1_14' title="bbox 271 3904 1343 4083">
     <span class='ocr_line' id='line_1_34' title="bbox 357 3904 1342 3980; baseline 0.005 -10"><span class='ocrx_word' id='word_1_229' title='bbox 357 3926 386 3979; x_wconf 73' lang='lat' dir='ltr'>a.</span> <span class='ocrx_word' id='word_1_230' title='bbox 429 3904 673 3970; x_wconf 84' lang='lat' dir='ltr'>EUTHYMIUS</span> <span class='ocrx_word' id='word_1_231' title='bbox 701 3908 734 3967; x_wconf 92' lang='lat' dir='ltr'>in</span> <span class='ocrx_word' id='word_1_232' title='bbox 756 3906 873 3969; x_wconf 87' lang='lat' dir='ltr'>XVIII.</span> <span class='ocrx_word' id='word_1_233' title='bbox 899 3906 1029 3972; x_wconf 78' lang='lat' dir='ltr'>Mattiae</span> <span class='ocrx_word' id='word_1_234' title='bbox 1064 3908 1248 3980; x_wconf 83' lang='lat' dir='ltr'>Ecclesiam</span> <span class='ocrx_word' id='word_1_235' title='bbox 1276 3931 1342 3977; x_wconf 78' lang='lat' dir='ltr'>nant</span> 
     </span>
     <span class='ocr_line' id='line_1_35' title="bbox 271 3990 1343 4083; baseline 0.003 -27"><span class='ocrx_word' id='word_1_236' title='bbox 271 4006 364 4056; x_wconf 86' lang='lat' dir='ltr'>vocat</span> <span class='ocrx_word' id='word_1_237' title='bbox 390 3994 544 4076; x_wconf 82' lang='lat' dir='ltr'>praesides</span> <span class='ocrx_word' id='word_1_238' title='bbox 575 3990 716 4053; x_wconf 86' lang='lat' dir='ltr'>fidelium</span> <span class='ocrx_word' id='word_1_239' title='bbox 744 3992 911 4055; x_wconf 80' lang='lat' dir='ltr'>Ecclesiae</span> <span class='ocrx_word' id='word_1_240' title='bbox 965 3994 1124 4056; x_wconf 87' lang='lat' dir='ltr'>Renuncia</span> <span class='ocrx_word' id='word_1_241' title='bbox 1158 4000 1245 4080; x_wconf 82' lang='lat' dir='ltr'>illis,</span> <span class='ocrx_word' id='word_1_242' title='bbox 1282 4015 1343 4083; x_wconf 75' lang='lat' dir='ltr'>quat</span> 
     </span>
    </p>
   </div>
   <div class='ocr_carea' id='block_1_12' title="bbox 272 4076 1343 4249">
    <p class='ocr_par' dir='ltr' id='par_1_15' title="bbox 272 4076 1343 4249">
     <span class='ocr_line' id='line_1_36' title="bbox 272 4076 1343 4169; baseline 0.009 -30"><span class='ocrx_word' id='word_1_243' title='bbox 272 4084 356 4139; x_wconf 85' lang='lat' dir='ltr'>circa</span> <span class='ocrx_word' id='word_1_244' title='bbox 375 4078 456 4136; x_wconf 90' lang='lat' dir='ltr'>hunc</span> <span class='ocrx_word' id='word_1_245' title='bbox 478 4091 627 4160; x_wconf 78' lang='lat' dir='ltr'>aguntur:</span> <span class='ocrx_word' id='word_1_246' title='bbox 659 4076 791 4139; x_wconf 73' lang='lat' dir='ltr'>foetam</span> <span class='ocrx_word' id='word_1_247' title='bbox 814 4077 862 4142; x_wconf 90' lang='lat' dir='ltr'>illi</span> <span class='ocrx_word' id='word_1_248' title='bbox 882 4077 1089 4143; x_wconf 71' lang='lat' dir='ltr'>immutabunt</span> <span class='ocrx_word' id='word_1_249' title='bbox 1106 4102 1201 4169; x_wconf 78' lang='lat' dir='ltr'>eum,</span> <span class='ocrx_word' id='word_1_250' title='bbox 1226 4090 1343 4151; x_wconf 65' lang='lat' dir='ltr'>verite·</span> 
     </span>
     <span class='ocr_line' id='line_1_37' title="bbox 274 4163 635 4249; baseline 0.003 -24"><span class='ocrx_word' id='word_1_251' title='bbox 274 4163 454 4249; x_wconf 75' lang='lat' dir='ltr'>dignitatem</span> <span class='ocrx_word' id='word_1_252' title='bbox 485 4164 635 4244; x_wconf 84' lang='lat' dir='ltr'>ipsorum.</span> 
     </span>
    </p>
   </div>
   <div class='ocr_carea' id='block_1_13' title="bbox 0 0 1390 4762">
    <p class='ocr_par' dir='ltr' id='par_1_16' title="bbox 0 0 1390 4762">
     <span class='ocr_line' id='line_1_38' title="bbox 0 0 1390 4762; baseline 0 0"><span class='ocrx_word' id='word_1_253' title='bbox 0 0 1390 4762; x_wconf 95' lang='lat' dir='ltr'> </span> 
     </span>
    </p>
   </div>
  </div>
 </body>
</html>
