2768 4762
248 375 333 446 230
560 367 629 435 un
664 349 925 506 ocurrere
956 364 1020 430 ru

256 575 362 631 mum,
390 572 454 615 non
477 573 602 650 agrum,
634 574 700 618 uon
720 573 866 633 servum,
897 571 964 655 non
988 549 1148 633 ancillam,
1183 574 1249 618 uon
1270 555 1339 622 bo-

257 684 348 740 vem,
377 680 444 725 uon
472 664 609 742 asinum,
641 670 674 727 et
703 663 882 741 univoca,
903 681 982 744 qnae
1015 659 1100 722 illius
1124 674 1205 724 snut
1248 663 1336 728 Haec

77 822 86 836 s
133 758 135 761 ¹
259 769 356 833 verba
389 771 514 834 locutus
546 781 594 842 est
620 767 776 833 Dominus
802 764 856 832 ad
870 786 992 839 omem
1012 769 1245 832 multitudinem
1263 794 1338 834 ves-

259 893 342 969 tram
359 882 392 941 in
410 890 516 942 monte
534 876 573 939 de
594 874 740 940 medio
731 876 831 963 ignia,
852 888 885 939 et
898 874 1015 955 nubis,
1037 889 1069 939 et
1094 871 1254 963 caliginis,
1276 901 1337 943 vo-

262 1007 300 1050 oe
324 1008 456 1084 magna,
488 985 568 1047 nihil
594 982 713 1083 addens
733 980 890 1068 emplius,
903 996 935 1047 et
951 986 1079 1070 scripsit
1104 1006 1139 1049 ea
1156 989 1188 1048 in
1211 986 1337 1050 duabus

262 1068 378 1157 tabulis
401 1094 548 1180 lapideis,
578 1112 656 1176 quaa
676 1090 810 1155 tradidit
830 1090 919 1157 milti

346 1225 445 1287 Item
465 1224 521 1289 X.:
542 1226 580 1286 Iu
601 1221 820 1308 temporeillo
844 1219 922 1285 dixit
942 1220 1095 1284 Dominus
1116 1222 1245 1286 adme.
1265 1225 1340 1289 Do·

86 1421 93 1434 ⁸
125 1319 127 1322 ’
263 1331 294 1395 la
314 1332 374 1395 tibi
395 1332 471 1395 duas
493 1329 613 1394 tabulas
633 1330 792 1414 lapideas,
813 1332 895 1392 sicut
914 1332 1037 1415 priores
1060 1331 1210 1410 suerunt,
1232 1345 1264 1395 et
1286 1355 1338 1396 as·

262 1441 361 1504 cende
399 1440 524 1503 adme
550 1441 583 1501 iu
620 1451 777 1518 montem,
818 1438 974 1521 faciesque
1005 1459 1106 1501 arcam
1127 1439 1258 1525 ligneam
1270 1484 1281 1519 ,
1305 1454 1338 1504 et

199 1539 202 1546 ’
261 1547 395 1610 scribam
428 1549 461 1610 in
482 1545 601 1629 tubulis
621 1545 738 1626 rerba,
772 1565 852 1631 quae
874 1546 1002 1610 fuerunt
1021 1549 1054 1607 iu
1074 1534 1141 1624 iis,
1163 1569 1239 1634 quas
1264 1565 1337 1612 ante

263 1644 467 1740 confregisti,
500 1675 661 1739 ponesque
689 1675 739 1718 eas
768 1655 802 1716 in
832 1675 912 1716 arca.
955 1656 1029 1717 Feci
1051 1658 1148 1741 igitur
1169 1677 1272 1723 arcam
1294 1657 1335 1719 de

263 1763 357 1850 lignis
382 1765 484 1830 setim.
538 1761 676 1845 Cumque
713 1750 863 1846 dolassem
885 1760 961 1824 dues
983 1762 1105 1825 tabulas
1127 1744 1261 1850 lapideas
1284 1766 1336 1825 in-

262 1883 329 1935 star
348 1873 516 1956 priorum,
539 1868 662 1932 ascendi
684 1871 717 1930 in
737 1884 895 1950 montem,
915 1868 1033 1935 habens
1046 1892 1100 1935 eas
1131 1873 1164 1933 in
1183 1871 1334 1933 manibus.

264 1960 461 2061 Scripsitque
481 1977 514 2039 iu
535 1976 649 2040 tabulis
668 1977 757 2059 juxta
777 1979 831 2057 id,
854 1977 942 2062 quod
960 1981 1049 2064 prius
1069 1981 1245 2063 scripserat,
1265 2001 1334 2042 rer·

260 2085 305 2148 ba
321 2086 445 2163 decern,
468 2105 560 2168 quae
580 2083 706 2147 loeutus
736 2098 794 2149 est
802 2086 953 2150 Dominus
973 2086 1014 2149 ad
1033 2108 1087 2148 vos
1107 2092 1139 2147 in
1168 2101 1277 2148 monte
1300 2087 1338 2150 de

26 2159 32 2168 ⁸
92 2202 122 2227 ·=
251 2184 413 2257 ‘medio
405 2194 506 2278 ignis,
549 2193 676 2278 qnando
708 2193 846 2298 populus
872 2206 1076 2290 congregatus
1097 2204 1163 2271 est,
1195 2206 1227 2254 et
1248 2193 1341 2257 dedit

263 2321 315 2364 eas
343 2298 431 2362 mihi.
486 2286 702 2384 Reversusque
733 2282 772 2364 de
799 2314 904 2365 moute
926 2299 1091 2377 descendi,
1123 2312 1154 2363 et
1174 2302 1266 2385 posui
1290 2314 1340 2363 ta-

261 2406 397 2471 bulas
387 2429 423 2469 ιιι
450 2428 568 2489 arcam,
601 2430 697 2494 quam
716 2409 867 2489 feceram,
902 2429 983 2495 quae
1002 2406 1165 2492 hucusque
1185 2407 1232 2469 ibi
1254 2421 1338 2486 sunt,

254 2513 441 2579 sicut-milii
460 2517 621 2601 praecepit
639 2516 804 2587 Dominus.

347 2621 493 2687 Matth.
514 2623 623 2690 xlx.=
642 2623 686 2687 Et
702 2645 774 2687 ecee
795 2644 876 2688 unns
897 2624 1061 2701 accedeus,
1083 2624 1126 2687 ait
1147 2622 1209 2684 illi=
1237 2624 1337 2709 Magi·

263 2742 328 2793 ster
347 2730 448 2810 bone,
479 2731 563 2815 ,quid
584 2731 661 2794 boni
683 2730 815 2813 faciam,
843 2745 880 2795 ut
898 2730 1030 2794 habeam
1050 2733 1142 2793 vitam
1163 2730 1336 2794 aetemaml

263 2841 328 2918 Qui
351 2838 430 2902 dixit
451 2841 494 2900 ei:
527 2839 615 2917 Quid
636 2861 684 2901 me
705 2842 879 2925 interrogas
899 2839 938 2901 de
963 2838 1072 2902 bono?
1102 2840 1189 2899 Unus
1202 2824 1257 2900 'est
1275 2837 1338 2900 bo·

262 2946 338 3026 uus,
371 2945 493 3009 DEUS.
546 2931 705 3009 Siautem
726 2949 771 3011 vis
792 2947 833 3009 ad
854 2950 949 3008 vitam
970 2945 1114 3031 ingredi,
1142 2964 1229 3008 serve
1250 2966 1338 3007 man·

263 3053 345 3115 duta.
388 3055 475 3116 Dicit
496 3054 563 3116 illi:
585 3055 694 3133 Quae?
734 3054 855 3117 JESUS
878 3067 979 3116 antem
999 3053 1099 3117 dixit.-
1138 3053 1211 3114 Ncn
1232 3051 1337 3114 homi-

137 3216 140 3223 .
263 3160 380 3223 cidium
401 3163 515 3225 facies:
546 3162 618 3225 Nou
649 3163 869 3227 adulterabise·
889 3161 961 3225 Νοιι
982 3160 1075 3223 facies
1096 3160 1233 3221 furtum:
1264 3158 1335 3221 Non

261 3267 375 3332 falsum
396 3273 606 3335 testimonium
621 3270 734 3337 dices.-
755 3272 885 3334 Honora
906 3282 1026 3354 patrem
1047 3280 1136 3331 tunm
1156 3278 1189 3330 et
1207 3279 1337 3330 matrem

261 3388 363 3442 tuem:
396 3379 516 3465 Diliges
537 3382 712 3464 proximum
732 3392 823 3445 tunm
844 3383 977 3444 sicutte
996 3378 1105 3462 ipsum.

302 3530 305 3537 ·
345 3485 448 3553 Item
468 3486 530 3551 Νη
551 3487 658 3551 Nolite
678 3501 813 3574 putare,
835 3487 983 3574 quoniam
1001 3485 1073 3548 reni
1092 3477 1215 3574 solvere
1237 3479 1336 3569 legem

261 3606 316 3657 aut
335 3593 512 3679 Prophetas
531 3607 590 3658 etc.
610 3596 674 3658 vid.
698 3608 815 3680 quaest
838 3617 885 3680 sq.
996 3658 1004 3667 ,

342 3701 392 3763 Ει
414 3703 536 3765 XXIL=
556 3702 619 3766 vid.
639 3723 725 3789 supr.
748 3716 865 3787 quaest.
886 3701 926 3765 ll.

344 3801 463 3871 Marc.
484 3811 544 3875 X.=
574 3810 770 3875 Procurrcns
800 3811 928 3897 qnidam
962 3828 1043 3894 genu
1061 3802 1140 3868 llexo
1161 3815 1232 3867 ante
1253 3824 1336 3882 eun,

259 3913 393 4000 rogabat
420 3937 508 3979 eume
548 3919 696 4003 Magister
715 3917 820 3998 boue,
853 3918 931 4001 quid
951 3918 1089 3992 faciam,
1111 3925 1147 3975 nt
1167 3914 1261 3974 vitam
1282 3932 1337 3973 ae-

249 4033 377 4086 -ternam
397 4025 583 4109 percipiam?
630 4024 750 4088 tusus
772 4039 872 4090 antem
893 4027 971 4089 dixit
990 4026 1042 4086 eie
1075 4020 1163 4100 Quid
1184 4039 1234 4081 me
1256 4018 1336 4081 diois

258 4125 404 4194 bonnm?
444 4133 542 4195 Nemo
563 4131 689 4211 bouus,
709 4137 770 4197 nisi
791 4156 889 4213 unns,
911 4133 1032 4195 DEUS.
1074 4131 1246 4212 Praecepta
1273 4148 1337 4189 no·

257 4240 307 4301 tti.
349 4240 397 4303 Ne
418 4240 591 4304 adulterae
611 4240 658 4307 Ne
679 4242 823 4309 occidas:
843 4242 891 4307 Ne
911 4239 1053 4304 huense
1086 4236 1133 4303 Ne
1155 4235 1270 4301 falsum
1289 4247 1339 4298 tc·
