2768 4762
403 373 794 447 nnciioso
1050 332 1135 449 nm

51 564 138 631 Haec
157 563 265 646 itaque
286 563 422 625 omnium
441 562 622 648 spectaculo
652 554 852 648 exporrecta,
873 567 1028 621 testantur
1049 576 1140 617 mor·-

50 651 170 714 borum
200 647 433 731 depulsionem,
463 653 553 732 cujus
581 653 648 733 ipsa
676 652 844 710 certissima
874 647 962 729 sigua
988 654 1084 720 suut,
1119 661 1137 703 e

55 738 215 797 sanitatem
246 736 419 811 consecutis
450 734 553 801 allata.
606 735 689 795 Haec
724 737 849 815 iuquam
871 729 1068 814 sepultorum
1088 724 1136 788 ibi

55 823 246 896 Martyrum,
277 839 358 901 quse
390 821 431 879 sit
460 821 579 896 virtus,
615 814 792 880 ostendunt.
835 816 1011 894 Martyrum
1032 825 1136 875 autem

54 900 172 981 virtus,
221 924 313 986 quein
346 903 407 988 ipsi
439 902 605 965 coluerunt
634 904 751 978 Deum,
795 921 904 962 verum
938 921 1004 962 esse
1033 899 1135 960 Deum

56 989 203 1051 declarat.
788 1046 792 1061 ι
1117 992 1120 999 ’
1154 1043 1189 1085 n
1220 1042 1234 1086 d

142 1084 190 1141 17.
233 1070 344 1134 IDEM
378 1069 570 1135 Theodoret.
610 1072 641 1131 in
686 1070 831 1137 Philotb.
863 1073 918 1132 siv.
952 1071 985 1130 iu
1019 1066 1131 1130 histor.
1144 1053 1316 1136 s..‚⁸,i,2,'2,²'⁸

52 1155 103 1220 Ss.
121 1158 225 1233 Patr„
247 1159 310 1217 vita
331 1157 452 1240 prima,
474 1178 555 1240 quae
576 1169 622 1218 est
641 1155 705 1216 Jac.
726 1156 841 1217 Nisib:
863 1156 933 1215 Hoc
953 1151 1030 1213 mibi
1052 1151 1316 1248 quo-‹fss‘fflffi‘

54 1263 118 1323 que
140 1244 367 1326 inpraesentia
389 1262 469 1318 opus
492 1254 539 1302 est
558 1240 683 1315 auxilio,
706 1244 760 1322 qui
784 1260 885 1302 conor
906 1259 1015 1298 eorum
1040 1238 1316 1336 ,immersiespipeu

50 1327 193 1388 scribere
214 1339 415 1404 sanctorum,
450 1329 504 1410 qui
522 1341 634 1408 partim
655 1337 725 1385 ante
747 1347 804 1386 nos
825 1337 858 1391 et
876 1325 992 1384 uostris
1013 1306 1185 1403 tempo-³¹¹¹⁸
1200 1304 1225 1335 ⁸⁸

55 1412 147 1474 ribus
182 1412 346 1488 claruere,
382 1423 414 1472 et
446 1411 542 1471 veluti
564 1410 715 1492 quasdam
736 1409 816 1494 leges
839 1411 897 1484 iis,
933 1408 991 1489 qui
1021 1405 1136 1466 imitari

54 1497 182 1573 volent,
214 1496 307 1557 veliin
337 1516 527 1579 proponere.
578 1495 700 1561 Horum
727 1515 802 1579 ergo
825 1505 898 1553 sunt
919 1512 1027 1575 preces
1047 1491 1139 1551 invo-

57 1582 175 1642 candae
188 1623 198 1655 ,
231 1593 262 1640 et
293 1579 505 1663 incipiendum
540 1592 586 1641 est
617 1598 753 1640 narrare.
802 1579 846 1638 Et
871 1580 904 1638 in
936 1572 1020 1636 line:
1055 1574 1139 1634 Haec

57 1687 129 1726 cum
159 1665 197 1723 de
214 1666 284 1723 viro
304 1664 412 1724 divino
434 1665 662 1740 recensuerim,
695 1663 735 1724 ad
758 1664 848 1724 aliani
869 1659 1011 1724 transibo
1029 1668 1264 1758 iiarra-Jieopnn
1281 1669 1317 1711 lii-

57 1751 201 1822 tionem,
222 1767 355 1831 rogans,
386 1760 422 1822 ut
441 1769 615 1830 consequar
636 1750 703 1830 ejus
725 1748 984 1809 benedictionem.
1018 1742 1139 1803 Deinde
1150 1728 1229 1781 '⁹⁰⁸’

60 1833 95 1889 iii
110 1835 171 1891 vita
192 1832 349 1909 secunda,
380 1842 461 1915 quae
481 1847 527 1896 est
547 1834 660 1895 Juliani
682 1833 799 1911 Sabae,
834 1835 866 1892 in
888 1828 974 1892 fine:
993 1828 1063 1912 Ego
1083 1847 1141 1887 au·

59 1927 121 1975 tem
157 1914 209 1975 hic
239 1916 278 1976 de
301 1937 339 1977 eo
362 1921 472 1977 sistens
493 1920 688 1993 orationem,
720 1916 861 1980 transibo
884 1914 931 1985 ad,
945 1915 1061 1990 alium,
1084 1907 1318 1973 ro-³¹²¹¹⁸“''¹¹⁸⁸·

58 2019 132 2081 gaiis
160 2012 302 2079 sanctos,
337 2002 392 2081 qui
427 2003 459 2060 in
478 2001 559 2063 hauc
580 2003 801 2085 ingrediuntur
832 2001 1059 2076 narrationem,
1081 1960 1320 2080 periil'ssli'l'u‘il!

55 2104 141 2143 suani
159 2085 409 2146 intercessionem
432 2085 508 2146 milii
519 2106 685 2168 supernam
704 2086 871 2147 conciliare
883 2083 1136 2144 benevolentiam.
1148 2060 1318 2165 pppgpnm·

57 2168 135 2228 Item
157 2162 222 2231 viiii
240 2172 355 2248 tertie,
378 2182 526 2251 quaeest
547 2172 707 2248 Marciani,
730 2175 761 2230 iii
785 2168 865 2230 fine:
887 2168 978 2252 Rogo
1001 2180 1142 2250 atquae-

57 2273 115 2328 so,
153 2267 189 2314 ut
209 2274 266 2336 pei·
287 2254 403 2314 horum
425 2258 563 2315 omnium
596 2256 847 2316 intercessionem
869 2253 1009 2314 divinum
1030 2274 1142 2314 conse-

58 2357 140 2417 quar
169 2335 326 2400 auxilium.
378 2338 528 2396 Similiter
554 2340 633 2399 vita..
645 2354 775 2419 quarta,
815 2358 894 2421 quac
922 2350 970 2398 est
999 2337 1141 2415 Eusebii,

60 2422 94 2479 in
121 2417 205 2477 line:
228 2419 347 2478 Rursus
371 2430 418 2478 cst
438 2418 602 2493 addenda,
634 2443 713 2501 quae
735 2423 822 2480 illinc
845 2424 993 2502 capitur,
1015 2422 1144 2499 utilitas,

62 2522 136 2563 cum
158 2501 272 2560 horum
295 2521 478 2583 magnorum
508 2504 649 2562 virorum
675 2504 902 2564 benedictionis
935 2508 1145 2586 rogaverimus

60 2599 99 2646 iit
128 2587 221 2646 simus
281 2587 437 2668 articipes.
500 2584 544 2644 Et
564 2587 595 2644 in
617 2584 680 2646 fine
710 2591 836 2667 quintae
864 2589 966 2662 vitae,
997 2601 1147 2668 quaeest

52 2668 191 2751 Publii:
224 2605 322 2730 Plias
351 2672 440 2747 scio,
473 2667 562 2755 quod
595 2672 621 2729 si
643 2691 752 2733 corum
785 2672 963 2730 memoriam
985 2671 1090 2732 secero
1112 2674 1145 2732 iii

59 2752 265 2828 bominibus,
301 2755 445 2815 futurum
476 2759 538 2833 sit,
576 2767 612 2815 ut
641 2757 664 2815 ii
699 2777 827 2837 quoque
858 2756 917 2814 mei
950 2758 1144 2817 meminerint

59 2838 145 2922 apud
166 2837 268 2898 Deum
286 2841 511 2900 universorum.
554 2840 673 2901 Iterum
695 2842 727 2899 iii
750 2841 832 2900 calce
856 2844 1054 2916 vitaeseitae,
1073 2861 1142 2920 quae

59 2936 108 2986 est
128 2925 281 2983 Simeonis
308 2923 424 2985 Prisci:
450 2925 519 3009 Ego
542 2938 643 2985 autem
677 2947 760 2985 nunc
782 2948 861 3005 oro,
893 2937 1044 3005 utquam
1067 2924 1142 2985 dare

61 3020 183 3093 potest,
205 3008 272 3089 ejus
297 3028 471 3091 consequar
494 3011 765 3087 intercessionem,
801 3023 832 3072 et
853 3012 938 3082 scio,
959 3030 1008 3068 me
1030 3030 1142 3071 conse

63 3105 217 3153 cuturum.
263 3091 398 3153 Omnino
420 3095 501 3155 enim
524 3092 614 3155 dabit
634 3097 836 3178 petitionem,
859 3096 980 3153 imitans
1011 3094 1140 3157 Domini

60 3176 293 3260 benignitatem.
345 3175 466 3240 Rursus
498 3181 530 3238 iii
552 3181 614 3239 vita
636 3183 786 3262 septima,
821 3200 901 3262 quae
922 3190 969 3238 est
988 3177 1138 3239 Palladiis

60 3261 140 3323 Mihi
170 3274 272 3321 autem
294 3283 424 3345 quoque
451 3263 545 3323 detur
572 3268 720 3345 consequi
744 3263 915 3340 auxilium,
951 3266 1006 3343 qui
1029 3283 1139 3323 eorum

59 3348 209 3408 memoria
239 3346 375 3430 linguam
406 3345 603 3409 sanctificavi.
655 3347 820 3410 Praeterea
847 3369 878 3408 in
909 3359 1036 3422 octava,
1059 3368 1139 3429 quae

59 3443 106 3491 est
122 3429 310 3513 Aphrsatis:
333 3431 401 3494 Oro
424 3451 576 3514 quoque,
598 3443 635 3492 ut
665 3435 733 3514 ejus
756 3450 930 3515 consequar
939 3431 1139 3493 intercessio-

57 3536 139 3578 nem.
195 3517 313 3576 Iterum
347 3518 379 3575 in
406 3519 468 3577 vita
490 3536 587 3593 noua,
621 3538 701 3599 quae
729 3531 774 3577 est
794 3517 897 3577 Petri:
931 3513 1002 3598 Ego
1025 3527 1138 3594 autem,

59 3602 171 3681 cujus,
202 3599 277 3660 du'm
295 3599 397 3661 adhuc
419 3613 499 3661 esset
520 3614 696 3685 superstes,
728 3604 856 3685 percepi
879 3601 1138 3678 benedictionem,

60 3705 96 3745 ea
128 3696 165 3745 ut
197 3705 281 3744 nunc
310 3685 549 3767 quoqueilruar
569 3699 738 3769 precatus,
772 3685 864 3745 linem
885 3689 1041 3771 imponam
1061 3684 1138 3746 huic

60 3770 244 3831 narrationi.
283 3770 360 3830 Item
379 3771 410 3829 in
431 3768 565 3847 decima,
587 3791 666 3852 quae
691 3784 736 3831 est
754 3771 940 3832 Theodosii:
973 3771 1073 3855 Rogo,
1100 3782 1138 3832 ut

60 3854 126 3934 ejus
160 3875 288 3936 quoque
317 3856 497 3938 'consequar
527 3854 785 3916 benedictionem.
840 3855 882 3915 Et
915 3859 946 3917 in
963 3855 1137 3932 undecima,

61 3957 141 4017 quae
178 3951 224 3999 est
254 3939 406 4000 Romani:
445 3940 523 4000 Cum
552 3939 627 4002 hinc
654 3943 759 4022 itaque
790 3939 1038 4002 benedictionem
1060 3938 1137 4000 milii

61 4022 289 4101 conciliavero,
311 4026 445 4086 aliorum
469 4023 598 4106 quotide
616 4023 802 4085 athletarum
816 4046 863 4084 res
883 4024 1137 4108 gestasuarrabo.
1181 4084 1182 4089 ,

58 4103 177 4167 Rursus
207 4110 240 4167 in
270 4111 332 4170 vita
356 4109 539 4171 duodecima
548 4108 562 4185 ‘,
597 4129 676 4191 quae
702 4122 748 4169 est
766 4109 918 4170 Zenonis:
942 4111 1011 4195 Ego
1034 4121 1137 4170 autem

58 4207 133 4250 cuni
147 4211 216 4251 eum
227 4235 237 4268 ,
260 4193 296 4253 iit
311 4215 372 4277 pro
393 4215 441 4254 me
463 4194 503 4254 ad
524 4194 692 4254 Dominum
713 4193 899 4273 intercedat,
919 4215 1062 4271 oravero,
1086 4214 1136 4253 uic

54 4272 99 4337 ud
114 4274 205 4345 fllium
228 4291 406 4342 convertam
431 4280 651 4344 narrationem.
693 4279 731 4341 ln
755 4277 873 4342 decinis
902 4291 1033 4362 quarta,
1062 4296 1133 4361 quse
