2768 4762
341 492 343 495 ι
438 345 839 460 ⁸uuosoo'oo.
972 343 1200 474 'ss'so

100 603 213 645 nomen
236 582 456 665 sempiternom
476 579 560 642 dabo
582 578 758 664 eie,quod
778 600 843 642 non
864 576 991 663 peribit.
1035 579 1077 644 Et
1095 579 1179 646 filios
1260 659 1263 664 ¹

100 694 253 766 advenae,
286 691 339 771 qui
363 687 531 750 adhaerent
551 688 707 766 Domino,
740 700 776 748 ut
798 686 903 749 colent
933 707 1019 766 eum,
1051 700 1083 750 et
1103 689 1192 751 dili-⁴

101 811 175 884 gant
197 802 307 857 nomen
330 800 422 878 ejus,
456 807 490 854 ut
512 795 575 855 sint
595 796 623 855 ei
645 796 676 855 in
698 815 821 856 semes:
853 815 973 857 omnem
993 792 1177 858 eustodien·
1207 870 1214 884 ·

99 920 160 967 tem
183 903 362 980 Sabbatum,
385 923 423 962 no
445 900 568 984 polluat
589 901 680 980 illud,
704 915 734 962 et
755 913 907 963 tenentem
927 901 1038 964 foedus
1051 925 1190 993 meome¹
1232 970 1235 977 ,

52 1088 55 1093 .
98 1013 260 1073 Adducam
283 1032 335 1072 eos
359 1014 547 1086 inmontem
567 1021 706 1070 sanetum
726 1029 846 1082 meum,
869 1009 897 1069 'ei
918 1007 1094 1072 laetificabo
1118 1031 1172 1074 eos

97 1122 131 1180 in
153 1118 245 1181 domo
268 1121 418 1180 orationis
442 1138 543 1176 meae:
566 1115 749 1178 holocausta
774 1136 884 1176 eorum
903 1126 934 1178 et
954 1117 1094 1178 victimae
1115 1116 1173 1181 eo·

96 1249 167 1288 rum
194 1225 365 1311 placebunt
389 1226 464 1286 mihi
499 1211 593 1306 super
623 1223 713 1284 altari
733 1244 827 1285 meo:
857 1225 931 1309 quia
962 1221 1072 1287 domus
1093 1245 1171 1304 meu,

97 1334 208 1395 domus
230 1335 380 1394 orationis
403 1331 568 1394 vocabitur
590 1332 711 1391 eunctis
732 1327 870 1414 populis.

179 1461 309 1546 Apoe.
331 1463 356 1522 1.
372 1486 380 1522 ε
399 1462 460 1523 Fui
482 1462 514 1521 io
536 1438 649 1543 spiritu
670 1459 703 1519 in
723 1451 888 1520 Dominicis
909 1455 970 1521 die.

182 1593 274 1655 bot.
297 1592 390 1654 XX.2
411 1590 478 1649 Una
500 1602 600 1650 autem
621 1587 749 1650 Sabbeti
771 1609 841 1648 eum
862 1587 1109 1654 convenissemus
1132 1587 1172 1651 ed

97 1698 303 1780 frangendum
331 1718 459 1783 panem,
491 1696 607 1758 Paulus
632 1692 811 1785 disputabat
832 1714 902 1756 eum
923 1697 966 1758 eis
988 1709 1047 1759 ete.

184 1841 211 1893 1.
234 1828 323 1889 Cor.
353 1828 461 1888 xvi:
494 1828 542 1888 De
574 1824 712 1888 collectis
748 1838 868 1903 autem,
893 1834 997 1915 ‘quae
1025 1823 1109 1889 fiunt
1129 1829 1172 1889 in

95 1932 244 2010 sanctos,
267 1938 347 1995 siout
368 1934 511 1995 ordinavi
533 1933 679 1995 Ecclesiie
698 1932 853 2010 Galatiae,
874 1933 918 1995 ita
939 1945 971 1994 et
990 1953 1045 1996 vos
1067 1933 1179 1997 facite(
1221 1973 1226 1979 ·

92 2038 156 2097 Per
184 2061 272 2101 unam
305 2039 433 2116 sabbati
461 2043 676 2124 unusquisque
706 2051 842 2100 vestrum
862 2037 947 2124 apud
968 2058 1002 2103 se
1021 2052 1169 2125 seponat,

94 2147 289 2226 recondens,
320 2144 408 2231 quod
429 2149 466 2211 ,εἰ
499 2147 777 2233 beneplacuerit,
808 2157 846 2210 ut
862 2166 1022 2212 uouuum
1041 2168 1167 2228 venere,
1242 2223 1247 2232 ¹

93 2263 169 2314 tune
197 2253 344 2314 collectae
366 2252 453 2315 fiant.

176 2381 193 2438 J
205 2400 317 2439 oann.
349 2380 424 2440 Iu:
461 2381 522 2441 Sed
544 2383 628 2442 venit
656 2358 756 2461 hori,
786 2395 819 2445 et
838 2404 921 2444 nono
943 2395 1008 2462 est,
1038 2383 1166 2469 quando

93 2485 159 2541 veri
199 2485 381 2546 adoratores
415 2486 591 2548 adorabunt
616 2487 741 2548 Patrem
769 2489 802 2550 iu
841 2491 956 2573 spiritu
977 2501 1008 2551 et
1027 2492 1166 2550 veritate.

92 2591 172 2652 Nam
207 2604 237 2652 et
268 2592 362 2652 Pater
392 2591 467 2655 talea
502 2594 645 2675 quaerit,
679 2593 735 2675 qui
753 2591 886 2655 adorent
909 2615 987 2654 eum.
1022 2594 1167 2679 ‘Spiritus

93 2711 140 2759 est
160 2699 264 2775 Deus,
299 2711 329 2760 et
351 2721 422 2780 eos,
456 2701 510 2783 qui
530 2699 663 2762 adorant
678 2720 766 2780 eum,
793 2701 826 2761 in
849 2701 963 2786 spiritu
983 2713 1015 2763 et
1036 2679 1166 2764 veritate

93 2818 222 2888 oportet
243 2805 384 2868 adorare.
899 2810 902 2814 ’

177 2937 206 2996 D
222 2950 299 2998 eut.
327 2936 390 2998 V..·
436 2935 576 3001 Observa
614 2937 697 3001 diem
738 2934 869 3000 Sabbati
902 2948 981 3018 ste,
1027 2947 1065 3000 ut
1095 2955 1165 3023 sup.

92 3041 153 3103 bae
171 3055 286 3124 quaest.
821 3047 825 3053 ’
853 3054 863 3068 “

172 3172 205 3232 «Ν
214 3194 283 3233 um.
304 3171 392 3234 XV.:
414 3173 543 3235 Factum
564 3189 610 3237 est
630 3186 749 3255 autem,
780 3196 849 3238 eom
870 3184 971 3236 essent
991 3169 1049 3234 filii
1070 3171 1167 3234 Israel

65 3325 67 3329 <
91 3282 125 3342 in
147 3279 331 3359 solitudine,
362 3294 393 3342 et
421 3283 606 3343 invenissent
628 3281 785 3344 hominem
807 3282 1003 3366 colligentem
1025 3279 1109 3364 ligna
1133 3282 1166 3342 iu

90 3387 143 3448 die
166 3384 317 3466 Sabbati,
348 3387 532 3450 obtulerunt
552 3409 622 3449 eum
651 3390 754 3466 Moysi
776 3402 807 3451 et
825 3388 932 3450 Aaron
955 3401 986 3450 et
1006 3390 1166 3450 universae
1259 3460 1263 3467 ‚

89 3493 295 3556 multitudini.
338 3493 400 3572 Qui
422 3495 618 3558 recluserunt
638 3516 708 3557 eum
729 3499 762 3585 in
784 3517 959 3573 carcerem,
981 3496 1165 3572 nescientes,
1211 3576 1215 3583 k
1238 3536 1241 3540 -

91 3600 170 3683 quid
204 3621 297 3684 super
332 3623 368 3663 eo
405 3602 507 3664 facere
537 3602 695 3665 deberent.
749 3605 899 3687 Dixitque
932 3603 1084 3666 Dominus
1123 3600 1165 3663 ad

90 3707 240 3782 Moysen:
262 3679 366 3769 Morte
386 3711 540 3770 moriatur
559 3710 654 3772 homo
675 3713 752 3782 iste;
781 3711 897 3773 obruat
917 3732 987 3772 eum
1008 3708 1166 3795 lapidibus

92 3814 191 3873 omnis
224 3813 319 3876 turba
352 3829 437 3878 extra
464 3830 573 3880 castra.
625 3819 765 3900 Cumque
787 3819 961 3889 eduxissent
981 3838 1049 3878 eum
1069 3816 1164 3895 forae,

95 3919 268 3982 obruerunt
288 3944 359 3985 eum
379 3925 555 4011 lapidibus,
590 3937 623 3986 et
641 3912 789 3989 moituus
804 3938 866 4007 est,
897 3936 979 3989 sieut
997 3922 1165 4011 praecepe-

96 4041 147 4092 rat
164 4031 327 4094 Dominus.
949 4043 952 4047 ’

176 4148 868 4255 ἱεν.Χ.Χ111,ειιὲειιΡ.Ιηο.φαοει”
932 4164 935 4171 ’
1116 4246 1120 4259 ,

835 4271 961 4348 aas·
1069 4263 1084 4291 ²
