2768 4762
55 402 61 409 .
162 361 165 365 ·
262 319 343 430 3'14
452 388 455 395 ·
550 305 1041 450 necaturum,

262 541 368 603 hatur.
411 535 602 629 Etsculpsit
623 520 816 618 Cherubim,
846 553 877 602 ct
896 538 1012 624 palmas
1033 552 1063 601 et
1081 541 1249 604 caelaturas
1277 546 1342 607 val-

264 648 304 709 de
329 647 515 708 eminentes:
536 626 725 731 operuitque
754 650 858 710 omnia
878 647 996 708 laminis
1021 650 1130 708 aureis.

348 755 444 816 Gen.
465 753 509 814 L:
543 754 703 816 Faciamus
724 754 881 817 hominem
904 754 942 818 ad
961 757 1121 839 imaginem
1140 769 1169 818 et
1194 760 1342 822 similitu·

264 862 367 927 dinem
389 873 547 940 nostram,
584 874 616 923 et
646 866 762 947 praesit
782 863 919 948 piscibus
949 865 1042 924 maris
1063 876 1119 924 etc.
1161 865 1204 926 Et
1224 871 1341 935 creavit

262 972 346 1035 Deus
366 969 521 1029 hominem
541 966 579 1028 ad
600 971 760 1059 imaginem
773 983 804 1032 et
819 970 1053 1033 similitudinem
1065 991 1160 1052 suam,
1180 973 1220 1034 ad
1232 977 1341 1061 imagi·

263 1099 333 1139 nem
351 1077 410 1136 Dei
438 1076 554 1136 creavit
571 1073 668 1138 illum.

347 1184 464 1266 Philip.
486 1183 550 1243 1L=
577 1183 641 1259 Qui
667 1206 737 1246 cum
763 1186 795 1246 in
823 1185 925 1248 forma
945 1187 1004 1247 Dei
1024 1200 1124 1264 esset,
1159 1209 1224 1249 uon
1257 1192 1343 1272 rapi·

262 1314 333 1356 nam
363 1291 530 1354 arbitratus
554 1304 600 1354 est
620 1315 733 1357 essese
751 1295 907 1378 aequalem
934 1296 1025 1369 Deo,
1046 1296 1100 1357 sed
1122 1308 1217 1358 semet
1242 1297 1341 1382 ipsum

265 1399 450 1479 exinanivit,
483 1399 614 1462 sormam
636 1403 716 1463 servi
740 1403 911 1487 accipiens,
934 1405 965 1464 in
988 1404 1220 1466 similitudinem
1237 1405 1340 1467 homi·

265 1532 338 1570 num
357 1512 474 1588 iactus,
497 1522 528 1569 et
548 1508 660 1588 habitu,
680 1512 821 1572 inventus
840 1524 876 1573 ut
894 1509 1002 1573 homo.

573 1729 685 1802 P·A
734 1730 767 1799 Τ
817 1731 858 1802 R'
900 1731 932 1801 Ε
979 1729 1018 1802 S.

350 1913 378 1968 1.
403 1895 441 1960 A.
484 1899 796 1961 TERTULLIhNUS
818 1901 853 1962 L.
876 1903 918 1961 11.
940 1901 1008 1962 adv.
1030 1903 1203 1965 Marciam:
1222 1902 1340 1964 Proin·

87 1985 307 2094 ffifflttede
333 1997 364 2053 et
384 1984 743 2067 similitudinemlvetans
768 1983 835 2045 lieri
854 1988 1008 2062 omnium,
1045 1991 1171 2069 quaein
1196 1987 1285 2048 caclo
1312 1999 1340 2047 et

88 2098 143 2150 aaut
162 2073 298 2143 scarpis-in
318 2080 402 2129 terra
421 2081 452 2129 et
470 2073 501 2129 in
522 2070 625 2150 aquis,
648 2069 784 2129 ostendit
802 2082 833 2129 et
854 2091 976 2148 causas,
999 2071 1203 2132 idololatriae.
1218 2071 1342 2132 scilicet

87 2139 257 2246 ’,Ἑξᾱζῖξιὲῗξῖ
267 2152 469 2214 substantiam
492 2152 672 2215 cohibentes
685 2175 692 2223 ;
726 2152 855 2233 subjicit
874 2156 970 2218 enim:
1004 2156 1073 2216 Non
1097 2155 1269 2216 adorabitis
1295 2176 1339 2231 ea,

87 2244 255 2330 ‘'Nfflfflsffff·
268 2258 368 2319 neque
395 2239 533 2299 servietis
569 2236 639 2298 illis.
697 2237 855 2320 Serpentis
873 2252 974 2300 autem
996 2243 1081 2301 aenei
1095 2240 1209 2324 efligies
1230 2253 1338 2323 postea

86 2318 241 2382 uxorisne.
267 2334 431 2408 praecepta
457 2324 561 2399 Moysi
592 2343 610 2382 a
640 2322 797 2399 Domino,
829 2345 892 2386 non
920 2325 959 2384 ad
997 2325 1193 2387 idololatriae
1214 2325 1334 2385 titulum

263 2407 533 2492 pertinebat,.sed
551 2406 591 2467 ad
610 2407 824 2468 remediandos
855 2431 926 2486 eos,
949 2412 1003 2491 qui
1028 2431 1045 2470 a
1069 2409 1265 2493 serpentibus
1287 2409 1333 2466 iu-

261 2491 463 2554 l'cstabantur.
507 2493 549 2552 Et
562 2505 656 2557 ⁴taceo
672 2491 709 2552 de
731 2490 829 2576 ligura
855 2495 991 2553 remedii.
1035 2493 1087 2554 Sic
1119 2508 1149 2555 et
1169 2491 1334 2554 Cherubim

259 2591 290 2639 et
312 2577 475 2659 Seraphim
496 2598 589 2637 aurea
607 2579 637 2635 in
666 2597 754 2636 arcae
770 2570 936 2659 figuratum
957 2558 1126 2661 exciuplum
1151 2592 1235 2639 certe
1267 2579 1338 2637 sim·

282 2662 326 2722 lcr
352 2675 581 2737 ornamentum,
613 2663 844 2735 accommodata
877 2666 1049 2746 suggestui,
1082 2663 1175 2748 longe
1203 2664 1336 2723 diversas

256 2685 402 2808 habendo
423 2767 526 2807 causas
542 2745 580 2806 ab
599 2745 797 2806 idololatriae
825 2746 1027 2824 conditione,
1053 2747 1094 2808 ob
1117 2771 1209 2831 quam
1231 2745 1337 2808 simili-

257 2832 334 2893 tudo
357 2830 562 2914 prohibetur,
586 2852 649 2890 non
674 2831 820 2890 videntur
840 2832 1075 2891 similitudinum
1102 2833 1336 2916 prohibitarum

257 2916 317 2999 legi
340 2916 528 2998 'rcl1·agari,
577 2936 640 2974 non
668 2916 699 2973 in
720 2936 757 2975 eo
782 2915 991 2978 similitudinis
1023 2930 1107 2978 statu
1134 2917 1336 3001 deprehensa,

257 3000 299 3062 ob
324 3021 416 3082 quem
448 2998 620 3059 similitudo
645 2997 844 3077 prohibetur.

340 3098 369 3150 2.
413 3082 598 3144 BASlLlUS
626 3084 668 3142 M.
699 3084 732 3143 L.
767 3083 805 3142 de
834 3082 917 3164 Spir.
950 3082 980 3142 S.
1004 3082 1042 3144 ad
1076 3084 1107 3145 S.
1135 3080 1336 3168 Amphiloch.

254 3169 344 3231 Icon.
371 3169 474 3250 Episc.
507 3190 532 3227 c.
559 3180 624 3235 tam
659 3168 722 3226 Rex
753 3167 1211 3252 dicitu1·rcgisimago,‚non
1237 3180 1337 3229 autem

256 3253 321 3315 duo
356 3272 452 3335 reges.
506 3252 612 3333 Neque
643 3253 723 3310 enim
753 3263 890 3334 potestas
912 3254 1085 3331 scinditur,
1116 3266 1218 3335 neque
1236 3252 1337 3336 gloria

256 3338 416 3397 dividitur.
471 3336 740 3412 Quemadmodum
772 3350 873 3396 autcm
900 3339 1091 3420 principatus
1124 3360 1160 3398 ac
1199 3350 1337 3420 potestas

257 3422 347 3482 nobis
364 3422 544 3491 dominans,
567 3441 628 3480 una
649 3434 708 3480 est:
731 3425 776 3480 sic
801 3434 831 3482 et
850 3420 1060 3504 glorificatio,
1095 3444 1184 3505 quam
1212 3421 1258 3481 illi
1283 3421 1339 3480 de·

257 3507 400 3582 ierimus,
430 3527 491 3566 una
522 3518 586 3582 est,
617 3527 680 3566 non
699 3503 822 3567 multae.
876 3506 986 3587 Itaque
1016 3508 1154 3591 imaginis
1172 3507 1281 3567 honor
1299 3503 1337 3565 ad

237 3586 409 3675 'exemplar
427 3592 561 3671 primum
583 3590 730 3650 refertur.

339 3690 368 3745 3.
412 3669 690 3734 DAMASCENUS
723 3676 757 3734 L.
780 3671 835 3733 IV.
858 3671 986 3734 orthod.
1016 3671 1069 3734 fid.
1093 3696 1119 3734 c.
1146 3687 1216 3744 ηε
1253 3674 1338 3750 Quia

235 3759 399 3824 'nonnulii
429 3758 520 3820 uobis
545 3756 758 3839 exprobrant,
795 3757 881 3839 quod
906 3758 1071 3819 adoramus
1097 3771 1128 3819 ct
1151 3778 1338 3819 veneramur

75 3851 242 3941 gumw‘ltffi
255 3844 423 3908 salvatoris
440 3846 557 3920 nostri,
581 3855 612 3903 et
628 3845 750 3926 reginae
771 3855 897 3903 nostrae
916 3844 1069 3924 Dciparae
1090 3845 1263 3927 imaginem,
1288 3846 1339 3903 in·

74 3908 229 3990 „liidiliiii
253 3942 401 4015 superet
427 3927 622 4010 reliquorum
652 3940 831 3989 sanctorum
849 3941 880 3987 et
896 3927 1083 3988 famulorum
1115 3928 1252 3988 Christi:
1277 3949 1338 3986 au-

73 4001 227 4088 ζξηῗζῖξζῗᾎ,
255 4018 360 4089 diunt,
384 4011 474 4093 quod
497 4014 689 4094 aprincipio
712 4011 796 4073 Deus
819 4011 975 4072 hominem
997 4013 1036 4072 ad
1059 4034 1144 4073 suam
1170 4014 1337 4095 imaginem

72 4101 90 4138 ¹⁵
93 4111 167 4139 ⁰⁰⁰⁰⁰
254 4101 374 4176 lecerit.
416 4095 514 4175 Cujus
539 4097 635 4178 igitur
653 4098 751 4180 gratia
776 4097 903 4155 invicem
922 4098 1105 4173 adoramus,
1135 4099 1195 4157 nisi
1224 4110 1339 4179 quate·

72 4148 121 4188 oen
139 4157 158 4193 1,
167 4153 199 4190 25.

70 4193 239 4298 2³:⁸¹3,⁰,;,¹.{·¹·
252 4205 310 4244 nus
341 4181 381 4243 ed
408 4182 568 4263 imaginem
593 4180 653 4239 Dei
686 4182 760 4242 lacti
780 4180 902 4240 sumus?
945 4180 1041 4259 Nam,
1067 4195 1103 4242 ut
1128 4183 1232 4264 inquit
1258 4181 1339 4241 Dei·

72 4301 165 4338 ...αφ
251 4269 300 4332 ier
334 4279 367 4331 et
396 4284 522 4350 mugnus
540 4265 573 4326 in
607 4265 721 4329 divinis
744 4264 896 4343 basibus,
929 4265 1068 4351 imaginis
1088 4266 1195 4331 honor
1215 4264 1257 4329 ad
1284 4285 1340 4330 ex-

77 3409 243 3470 lionorimngi·

77 3465 115 3503 nis
138 3462 166 3502 ad
186 3474 231 3512 prr·
