2768 4762
244 258 299 331 ω
633 256 705 317 DE
748 252 883 323 FIDE
924 256 989 321 ΕΤ

243 442 378 503 vivemus
401 435 631 527 cummium
652 442 784 505 scientes
804 438 899 523 quod
923 438 1064 505 Christus
1085 462 1248 528 resurgens
1280 472 1318 513 ox

242 550 394 626 mortuis,
420 548 500 631 ,jttm-
515 568 582 611 nou
602 550 757 619 moriture
780 568 865 609 mors
884 546 932 609 ilii
951 548 1035 611 ultra
1051 570 1117 611 uon
1138 536 1317 617 dominabi-

238 668 307 719 tur.
350 654 447 734 Quod
463 655 717 719 ,euim-mortuus
735 668 800 735 est,
823 668 952 741 peccato
972 669 1117 719 mortuus
1138 672 1185 721 est
1205 662 1315 724 semei:

241 762 336 847 quod
360 754 583 843 autemwirit,
612 764 690 825 vivit
721 763 801 833 Dect
851 764 899 825 Ita
917 775 949 824 et
966 784 1022 825 vos
1045 766 1234 845 existimate,
1256 790 1312 831 vos

241 882 387 933 mortuos
431 869 558 953 quidem
582 890 651 933 csse
681 884 826 956 peccato,
873 873 1009 933 virentes
1042 886 1143 933 autem
1175 874 1246 936 Deo
1280 880 1313 939 iu

240 976 371 1040 Glitiam
394 972 501 1039 JESdI'
514 972 651 1040 Domino
671 990 791 1043 usuro.
833 978 905 1041 Nou
926 1000 1002 1063 ergo
1025 992 1132 1063 regnet
1152 996 1314 1064 peccatum

235 1086 292 1147 iu·
310 1096 430 1147 restro·
445 1085 571 1157 mortali
601 1106 759 1170 corpore,
793 1099 832 1148 ut
864 1084 1017 1149 obediatis
1052 1090 1314 1170 concupiscentiis

237 1191 319 1273 ejus.
363 1190 546 1275 Sednequa
566 1192 734 1257 exhibeatis
756 1192 893 1255 membra
912 1208 1014 1257 vestra
1034 1214 1119 1257 arma
1140 1196 1312 1279 iniquitatis

233 1312 391 1385 peccato:
408 1299 464 1361 sed
487 1298 628 1361 exbibete
648 1321 706 1363 ros
726 1300 817 1379 Deo,
838 1314 986 1384 tanquam
1006 1323 1042 1364 es
1061 1304 1196 1363 mortuis
1205 1306 1312 1365 viven-

237 1418 305 1471 tes:
329 1420 361 1469 et
380 1407 518 1469 membra
537 1419 639 1470 restra
660 1428 745 1471 arma
765 1409 906 1491 justitiae
927 1409 1008 1473 Deo.

323 1514 483 1579 Coloas.
499 1516 592 1577 ·111.=
625 1516 727 1599 Igitur
759 1518 786 1577 si
817 1518 1054 1579 consurrexistis
1080 1536 1152 1577 cum
1172 1512 1311 1597 Christo,

233 1636 317 1707 ‘quae
339 1644 463 1685 sursum
494 1634 590 1701 sunt,
621 1624 784 1706 quaerite,
813 1622 870 1683 bbi
900 1622 1044 1686 Christus
1064 1634 1111 1685 est
1132 1624 1166 1683 in
1186 1624 1312 1687 dertma

235 1730 297 1791 Dei
318 1720 451 1792 sedens:¹
471 1722 551 1811 quse
571 1749 695 1790 sursum
715 1740 789 1790 suut
808 1732 923 1814 sapite,
944 1750 1009 1791 uou
1032 1750 1113 1811 quse
1132 1751 1230 1815 super
1245 1744 1312 1793 ter-

235 1824 312 1899 ram.
366 1834 557 1898 Mortificate
588 1856 664 1921 ergo
696 1834 833 1897 membra
856 1850 982 1915 nestra,
1015 1857 1097 1921 quae
1117 1850 1192 1899 suut
1212 1858 1310 1923 super

234 1954 371 2007 terram:
393 1944 658 2021 fornicationem,
692 1942 915 2005 immunditiam
936 1954 996 2005 etc.
1038 1922 1130 2007 Nunc
1150 1956 1252 2005 autem
1277 1958 1311 2007 et

234 2050 384 2135 deponite
405 2050 603 2113 vos-onnia
624 2051 722 2127 iram,
756 2048 1016 2134 indignationem,
1038 2050 1201 2132 maiitiam,
1222 2051 1310 2115 blas·

232 2158 410 2243 phemiam,
431 2160 557 2243 turpem
577 2178 750 2219 sermonem
769 2154 808 2219 dc
824 2178 881 2219 ore
900 2170 1015 2220 vestro.
1069 2158 1175 2223 Nolite
1194 2162 1310 2221 meuti-

233 2267 264 2324 ri
284 2268 415 2327 invicem
428 2292 444 2343 ,·
460 2254 664 2352 erspoiidutcs
682 2286 737 2327 voa
756 2276 891 2327 vetertm
912 2264 1069 2329 bominem
1090 2286 1160 2329 cum
1180 2266 1305 2329 actibus

232 2374 315 2451 tuis,
338 2384 374 2433 ct·
392 2373 568 2435 induentes
583 2394 698 2435 novum
728 2394 815 2451 eum,
846 2374 909 2457 qui·
926 2388 1095 2435 renovatur
1115 2376 1149 2437 iu
1170 2376 1308 2459 uguitio-

230 2494 318 2559 nem,
337 2482 690 2565 seeundum-iiuaginem
716 2482 808 2564 ejus,
829 2482 883 2563 qui
905 2482 1022 2544 creavit
1042 2480 1140 2543 ilium.
1193 2483 1307 2545 Indui-

224 2598 263 2647 te
283 2610 338 2651 ros
360 2610 436 2673 ergo
456 2592 541 2650 sicut
563 2588 652 2651 electi
666 2589 750 2667 Dei,
771 2590 870 2649 sancti
889 2599 921 2649 et
942 2589 1067 2669 dilecti,
1102 2592 1220 2654 viscera
1246 2594 1307 2653 mi-

228 2682 516 2759 unicordiae³ete.'
561 2706 564 2713 '
1133 2712 1136 2717 “

313 2804 467 2890 Philip.
488 2806 563 2867 nt:
584 2804 700 2865 Nostra
719 2808 1037 2868 autem-conversatio
1061 2806 1094 2865 in
1115 2796 1212 2869 caeiis
1235 2818 1304 2869 est:

223 2910 312 2972 ‘unde
344 2913 435 2973 otiam
473 2912 664 2973 salvatorem
700 2924 908 2995 exspectamus
954 2913 1123 2975 Dominum
1159 2926 1305 2977 nostrum

228 3018 361 3081 JESUM
393 3018 621 3097 crimmum,
668 3020 723 3100 qui
757 3020 942 3083 reformabit
972 3040 1088 3105 corpus
1108 3018 1302 3083 bumilitatis

221 3138 369 3206 nostrae,
408 3127 637 3213 configuratum
666 3130 796 3210 corpori
831 3128 981 3192 claritatis
1015 3148 1108 3206 suae,
1125 3125 1301 3189 'secundum

228 3238 459 3319 operationem,
482 3238 545 3319 qua
567 3236 657 3295 etiam
681 3238 781 3319 possit
801 3234 957 3319 subjicere
978 3236 1038 3298 sibi
1060 3236 1172 3299 omnia.

311 3344 451 3428 Ephes'.
474 3342 548 3405 m:
579 3341 740 3425 Deponite
760 3365 817 3405 vos
836 3344 1006 3407 secundum
1033 3346 1196 3431 pristinam
1221 3361 1300 3401 con-

224 3450 429 3513 versationem
452 3464 586 3512 veterem
607 3447 781 3528 bominem,
815 3454 871 3533 qui
888 3456 1104 3537 corrumpitur
1127 3446 1297 3515 secundum

224 3552 378 3621 desideria
399 3560 528 3619 erroris.
549 3558 771 3619 'Renovumini
790 3570 893 3619 autem
908 3560 1023 3643 spiritu
1043 3562 1296 3633 montismirati,

218 3670 255 3727 'ct
278 3644 744 3742 inducite'nbrum'bomincm,
767 3666 820 3747 qui
843 3666 1013 3727 secundum
1033 3668 1156 3729 DEUM
1175 3674 1298 3727 creatus

220 3784 270 3833 est
294 3774 465 3855 injustitia
486 3785 517 3834 et
548 3775 710 3834 sanctitate
742 3776 890 3835 ueritatis.
931 3774 1070 3860 Propter
1089 3773 1179 3857 quod
1196 3772 1298 3855 dspo-

224 3891 331 3939 nentes
350 3878 568 3958 mendacium,
591 3880 755 3963 loquimini
783 3884 941 3945 veritatem
958 3894 1017 3945 etc.
1060 3884 1172 3945 Estote
1194 3893 1298 3967 autcm

225 3964 356 4024 invicem
380 3964 506 4049 benigni
529 3978 588 4027 etc.

306 4072 331 4131 1.
353 4072 457 4131 Petr.
481 4074 530 4133 l.=·
547 4064 731 4145 Benedictus
752 4074 868 4135 DEUS·
885 4088 917 4135 ct
933 4075 1028 4135 Pater
1044 4074 1173 4135 Dnaini
1191 4076 1294 4131 nosrti

219 4178 319 4241 tEstJ
337 4180 521 4258 euulstt,
553 4182 611 4263 qui
634 4181 805 4243 secuudum
834 4182 1189 4245 misericordissimam
1209 4198 1298 4261 mug-
