2768 4762
558 281 776 399 aaran
1212 290 1295 365 uo

87 474 181 536 tionie
198 476 250 534 run
270 477 369 535 liliam
384 472 540 543 torridulo,
549 490 585 531 ex
688 466 838 530 Vinoentii
856 469 1016 528 Lirineneie
1028 469 1066 532 de
1081 474 1227 534 Eeoleeiee

91 550 247 608 traditione
265 546 424 625 lpoetolira
442 566 505 604 eeee
590 556 654 612 390.
726 542 874 616 agnitione
902 546 1043 603 eontentio
1249 556 1298 612 99.
1371 556 1374 563 '

53 624 224 681 Verborum
251 638 343 679 morae
362 620 525 692 erripturae
548 618 585 675 ad
659 627 663 635 “
727 615 854 685 eiusdem
877 619 1029 675 coneilium
1062 620 1142 696 quod
1168 638 1227 697 qua

91 716 141 753 ree
156 696 285 771 protam
304 692 563 768 convertioqualie
590 701 654 755 335,
727 691 757 743 iu
771 706 805 745 re
821 690 961 762 optimum
1250 702 1300 760 99.

50 772 174 827 Veritas
186 768 230 823 ubi
243 778 354 822 tantum
377 766 573 841 eonepioiatur
607 777 654 833 97.
728 762 764 818 de
782 763 1013 825 intermeandi·
1025 766 1167 825 doetrinit
1185 765 1229 823 dl·

52 845 172 898 Veritae
188 840 262 896 unde
281 837 405 913 petenda
595 848 656 901 136,
728 838 820 891 vereie
840 839 983 895 tententia
1237 847 1302 901 137.

53 918 170 971 veritat
184 930 238 986 per
251 930 325 987 quoe
339 913 390 965 ubi
404 910 540 969 doceatur
591 920 657 981 327.
732 906 767 962 dt
786 910 960 978 synodorum
975 913 1153 987 generalium
1164 930 1229 968 aur·

52 988 171 1047 Veritaa
187 1003 220 1040 ae
236 1004 349 1040 morum
367 983 516 1058 discipline
534 983 586 1061 qui
732 981 850 1037 toritate
1238 996 1305 1055 450.

92 1071 141 1116 aut
159 1058 303 1114 undenam
320 1059 460 1114 habeatur
594 1064 657 1127 036.
709 1053 769 1109 -de
813 1057 984 1115 tractatione
1022 1060 1232 1135 e'eripturerum

52 1134 170 1191 Venitne
188 1131 240 1186 ubi
258 1133 296 1185 eit
314 1142 362 1186 aut
381 1141 493 1187 maneat
594 1140 659 1203 092.
733 1128 880 1183 haeretica
1155 1140 1220 1203 083.
1240 1139 1305 1201 489.

53 1207 215 1265 Veritatem
243 1222 378 1261 eumanum
405 1222 458 1261 neo
476 1204 588 1272 fullero,
697 1201 789 1275 Virgo
802 1219 876 1275 queo
895 1201 985 1275 qualit
1001 1215 1051 1260 aut
1069 1206 1141 1278 quid
1241 1215 1306 1274 190.

92 1298 146 1334 neo
163 1277 226 1333 salli
396 1316 403 1331 ,
634 1288 662 1341 7,
699 1274 903 1346 Virginitatem
917 1277 1026 1333 Mariae
1046 1296 1141 1371 nerpue
1167 1295 1234 1333 ron·

54 1356 167 1412 Vertat
192 1348 342 1409 Orientem
367 1365 472 1416 orere,
503 1350 592 1407 tradi.
735 1358 838 1421 cepto,
865 1365 960 1422 neque
978 1362 1064 1423 partu
1083 1351 1235 1407 OERISTI

96 1424 204 1480 tionem
216 1421 411 1496 Apostolieam
428 1442 490 1481 eree
598 1434 662 1492 390,
735 1420 881 1495 perditem
1261 1430 1309 1484 07.

59 1500 164 1555 Venter
202 1507 251 1551 aaut
274 1495 391 1549 umbrae
418 1508 591 1565 renatorum,
699 1495 906 1567 Virginitatem
919 1491 970 1569 qui
988 1512 1067 1550 enam
1081 1496 1159 1551 DEO
1177 1498 1237 1552 Me-

95 1568 281 1625 daemonibue
303 1569 421 1623 horrori
436 1588 497 1627 eree
599 1581 664 1635 303,
737 1570 781 1622 ria
795 1568 911 1623 voverit
1246 1577 1309 1630 181.

59 1644 176 1700 Veterie
193 1643 323 1715 vulgatae
339 1642 481 1698 librorum
500 1661 596 1699 eaero·
701 1641 856 1715 Virginum
880 1641 1031 1697 instructio
1047 1660 1101 1716 per
1114 1642 1237 1696 Ambro-

96 1734 161 1771 rum
183 1716 318 1772 editionis
340 1718 581 1792 auctoritasquae
601 1726 665 1785 037.
738 1714 811 1770 rium
832 1715 925 1788 qualit
1246 1720 1310 1774 202.

59 1788 201 1847 Victimae
217 1797 348 1843 eruentae
378 1791 499 1846 caedere
525 1789 595 1865 quid
703 1789 856 1861 Virginum
877 1786 1006 1842 omnium
1028 1787 1112 1862 quale
1132 1787 1162 1841 in
1181 1790 1240 1842 Ma·

98 1862 155 1916 eibi
167 1862 236 1917 velit
602 1870 667 1931 tis,
738 1863 783 1915 ria
804 1861 950 1933 exemplar
1164 1866 1226 1922 203·
1247 1866 1311 1924 203.

63 1935 168 1990 Victor
197 1944 301 2003 martyr
321 1933 372 2008 qui
400 1935 505 1991 adivo
528 1938 597 1991 Ber·
703 1937 850 1990 Virtutem
869 1933 1003 1999 laudere,
1022 1931 1092 2007 quid
1249 1941 1315 1994 275.

99 2006 190 2061 nardo
208 2009 353 2062 invocatus
605 2018 668 2071 271.
704 2009 853 2065 Virtutum
871 2025 992 2082 quarum
1007 2008 1128 2060 manime
1142 2023 1216 2079 quae
1285 2013 1313 2073 3,.

66 2080 194 2137 Victoris
212 2080 338 2135 Africani
358 2078 393 2135 de
413 2080 596 2139 invocatione
704 2084 852 2139 Virtutum
882 2082 970 2133 trium
1002 2080 1244 2154 Theologicerum

100 2164 260 2209 enectorum
273 2154 414 2210 tententia
603 2164 667 2216 307.
740 2155 802 2206 laus
814 2164 843 2208 et
855 2152 973 2225 energia
1254 2163 1318 2212 500.

60 2226 193 2312 Victoria
216 2226 266 2298 qui
288 2228 595 2308 ConptentinoinCm-
705 2226 773 2283 Vita
808 2237 933 2312 aeterna·
955 2234 1064 2299 quanto
1098 2227 1245 2298 praetenti

61 2312 430 2426 vlecrpoppgpotpptpppppppni
456 2383 510 2435 per
530 2367 600 2421 Gru·
625 2309 668 2359 53·
707 2299 793 2425 Viidd
808 2298 1184 2441 dgdariidleodtidldddafuture
1210 2304 1318 2426 sitm.

102 2443 144 2494 eie
165 2439 277 2510 signum
296 2443 418 2506 quantae
628 2446 672 2506 54,
744 2442 870 2495 felicitas
1257 2452 1318 2503 130,

63 2510 219 2586 Vigilantii
254 2506 290 2561 de
327 2505 431 2560 aanotie
462 2504 605 2566 defunetie
710 2512 873 2567 vivendum
891 2510 989 2584 quirit
1006 2517 1067 2576 llt6.
1088 2516 1150 2576 itt.
1172 2521 1235 2572 333.
1254 2523 1320 2583 333.

104 2580 232 2638 haeretis
251 2579 410 2644 cuiusmodi
609 2590 672 2647 268.
710 2588 819 2644 Vivere
839 2595 918 2640 extra
937 2584 1095 2638 Ecclesiam
1119 2584 1249 2639 ealutari.

68 2653 220 2729 Vigilantii
239 2651 413 2725 blaephemie
431 2662 531 2706 eontra
552 2655 606 2709 Eu·
745 2671 792 2714 ter
810 2675 895 2731 poseo
916 2656 1057 2711 neminem
1262 2669 1322 2720 [05.

104 2727 265 2782 charietiam
302 2736 331 2780 et
354 2736 518 2780 eanotorum
539 2728 607 2782 reli·
713 2734 819 2787 livine
847 2740 956 2785 tautum
982 2748 1038 2816 pro
1056 2731 1142 2795 vivit,
1162 2748 1198 2785 an
1221 2745 1250 2788 et

105 2802 188 2876 quin
215 2810 243 2854 ei
268 2810 342 2853 0⁸01·
614 2810 676 2871 293
747 2803 1229 2878 mortuiprovivreorarepoeeint
1257 2812 1322 2867 268.

10 2918 17 2953 Ι
66 2871 258 2948 Vigilantiam
284 2890 299 2925 a
330 2870 470 2926 darmone
507 2871 609 2945 impul·
713 2879 855 2934 Voluntas
873 2876 995 2950 propria
1015 2877 1122 2951 qualit,
1152 2887 1181 2932 et
1200 2895 1253 2932 cur

34 2950 52 3025 ‚¹
103 2965 166 3002 eum
204 2943 241 2998 ad
272 2945 411 3018 reliquiae
442 2956 608 3003 eaneterum
750 2962 807 3006 tem
827 2948 995 3007 detestanda
1263 2959 1324 3015 159.

105 3018 310 3091 impugnandae
616 3026 677 3081 296.
715 3024 855 3078 Voluntas
875 3023 940 3077 DEI
961 3020 1010 3075 ubi
1037 3020 1118 3075 velut
1140 3020 1171 3074 iu
1190 3039 1252 3095 epe-

67 3091 256 3164 Vigilentianl
274 3107 326 3144 tur
341 3088 467 3145 damnati
616 3099 679 3152 253.
750 3098 816 3151 rulo
835 3097 920 3151 nobie
938 3094 1093 3165 propoeita
1260 3102 1326 3157 233.

69 3164 242 3238 Vigiliarum
266 3163 382 3219 nomine
408 3181 459 3217 our
472 3163 523 3237 qui
547 3162 608 3221 diet
715 3169 880 3224 Voluntatie
915 3167 1054 3241 propriae
1083 3166 1158 3222 mala
1182 3185 1257 3241 quae

106 3246 245 3291 vorentur
672 3278 680 3297 .
1183 3249 1246 3307 159,
1267 3248 1328 3302 160,

17 3312 22 3327 ”
70 3308 241 3369 Vincentius
273 3319 381 3380 martyr
407 3309 456 3395 qui
490 3326 507 3362 a
540 3312 610 3365 Pru·
717 3314 793 3369 Vota
811 3312 863 3389 qui
882 3310 1023 3370 solvenda
1260 3321 1326 3380 330,

107 3380 350 3440 dentioiaudatue
370 3390 399 3439 et
416 3392 565 3439 invocatur
618 3388 681 3452 283.
716 3388 793 3445 Vota
811 3405 887 3464 quae
907 3403 960 3442 eur
977 3401 1038 3441 non
1055 3383 1199 3444 terrenda
1262 3393 1327 3456 003.
