2768 4762
239 392 320 474 ,ω
546 384 617 460 nr
654 340 913 458 csnlrsrn
946 391 1008 456 nr

237 573 422 671 Evangelii,
455 601 516 667 pro
541 603 607 669 qno
629 582 783 668 legatione
804 578 922 664 fungor
944 579 978 640 in
999 590 1105 640 eatena
1117 623 1129 658 ,
1162 581 1205 642 ita
1226 585 1319 646 utin

244 694 313 779 ipso
336 692 486 769 sudeam,
508 703 608 777 prout
628 701 757 777 oportet
776 672 957 771 me‘loqni'

329 822 487 886 Coloss.
508 819 582 885 Nn
616 819 763 886 Orationi
792 820 923 896 instate,
961 814 1122 902 vigilantes
1153 821 1186 880 in
1217 841 1254 883 ea
1288 825 1322 885 in

243 932 414 1016 gratiarum
446 930 586 1008 actione,
598 934 751 991 orantes
772 925 865 988 simul
884 936 916 989 et
935 946 997 1010 pro
1027 922 1141 1005 nobis,
1174 938 1212 988 ut
1233 928 1323 991 Deus

243 1038 363 1122 aperiat
398 1036 490 1100 nobis
515 1036 631 1105 ostium
645 1032 805 1100 sermonis
828 1033 869 1096 ad
909 1030 1104 1118 loquendum
1140 1039 1322 1114 mysterium

212 1203 216 1211 .
243 1143 371 1210 Christi.

325 1257 352 1318 1.
373 1253 519 1321 Thess.
531 1246 600 1320 V.:
636 1252 780 1334 Fratres,
811 1262 901 1316 orate
929 1273 990 1338 pro
1021 1249 1123 1313 nobis

325 1386 367 1447 11.
389 1385 526 1448 Thess.
547 1386 626 1449 Ista
658 1386 707 1449 De
729 1398 850 1450 caetero
872 1384 1000 1488 fratres,
1023 1397 1108 1447 orate
1129 1400 1190 1465 pro
1212 1380 1318 1464 nobis',

242 1506 279 1556 ut
297 1514 398 1555 sermo
421 1495 481 1554 Dei
500 1506 606 1557 currat
626 1507 657 1556 et
678 1492 888 1574 clarificetur,
922 1495 1002 1555 sieut
1023 1504 1054 1554 et
1075 1489 1158 1576 apud
1180 1511 1258 1570 vos,
1286 1503 1321 1555 et

242 1612 280 1664 ut
299 1600 467 1663 liberemur
491 1602 531 1664 ab
551 1605 738 1689 importunis
760 1616 791 1666 et
811 1603 897 1665 malis
917 1598 1107 1664 hominibus.
1157 1642 1160 1647 ,
1207 1651 1210 1660 .

326 1735 417 1794 Luc.
439 1733 526 1796 Vlla
558 1735 765 1797 centurionis*
792 1748 894 1799 autem
922 1731 1084 1816 eujusdam
1110 1753 1216 1796 servus
1235 1731 1317 1794 male

241 1837 381 1919 habens,
416 1856 482 1905 erat
502 1846 696 1905 moriturus:
732 1847 785 1927 qui
807 1844 856 1906 iili
876 1855 943 1905 erat
962 1822 1149 1927 pretiosus..
1183 1840 1318 1925 Etcum

164 1948 167 1956 '
242 1946 378 2009 audisset
399 1947 437 2008 de
459 1949 578 2027 JESU,
600 1954 683 2012 misit
713 1954 843 2013 adeum
870 1952 1006 2012 seniores
1022 1947 1226 2026 Judaeorum,
1262 1967 1319 2009 ro-

243 2071 316 2137 gans
339 2074 427 2131 eum,
454 2068 490 2116 ut
510 2059 630 2119 veniret
651 2071 683 2120 et
705 2058 837 2120 salvaret
856 2079 978 2120 servum
999 2057 1073 2137 ejus.
1114 2053 1157 2114 At
1178 2053 1224 2113 ilii
1248 2050 1337 2115 cum*

241 2162 395 2222 venissent
413 2161 452 2222 ad
482 2163 633 2244 JESUM,
667 2167 820 2251 rogabant
842 2186 911 2227 eum
934 2163 1064 2247 sollicite
1075 2204 1086 2242 ,
1115 2160 1249 2222 dicentes
1268 2163 1319 2221 ei:

242 2268 325 2347 Quia
347 2268 457 2371 dignus
480 2282 546 2348 est,
568 2284 603 2333 ut
622 2271 686 2335 hoc
711 2274 756 2335 illi
778 2275 919 2359 praestes·
935 2285 993 2334 etc·

229 2413 241 2475 t
325 2399 343 2460 J
355 2420 375 2460 o
388 2395 417 2458 b.
429 2399 542 2463 XLIL:
555 2403 642 2465 Dixit
654 2405 806 2465 Dominus
814 2404 853 2465 ad
864 2404 972 2488 Eiipar
981 2389 1196 2466 Themaniten:
1208 2400 1315 2462 Iratus

241 2518 289 2568 est
310 2506 402 2568 furor
421 2526 506 2568 meus
525 2511 558 2571 iu
580 2523 631 2587 te,
654 2525 685 2574 et
707 2516 738 2572 in
760 2513 840 2573 duos
862 2513 976 2573 amicos
990 2524 1075 2586 tuos,
1094 2511 1240 2594 quoniam
1252 2529 1317 2578 non

241 2616 313 2676 estis
340 2615 437 2676 locuti
459 2637 565 2678 coram
585 2639 634 2679 me
655 2632 793 2698 rectum,
815 2632 897 2681 sieut
917 2639 1023 2680 servus
1046 2639 1130 2678 meus
1150 2614 1222 2677 Job.
1253 2614 1317 2674 sua

240 2723 315 2782 mite
334 2741 408 2805 ergo
435 2722 525 2784 vobis
538 2740 656 2809 septem
678 2741 782 2788 tauros
805 2740 836 2787 et
862 2736 978 2810 septem
997 2726 1129 2802 arietes,
1160 2737 1192 2785 et
1212 2726 1253 2785 ite
1274 2720 1315 2781 ad

240 2849 363 2899 servum
380 2850 481 2913 meum
505 2830 592 2910 Job,
621 2846 652 2895 et
671 2834 780 2895 offerte
801 2832 1018 2895 holocaustum
1040 2854 1100 2917 pro
1123 2832 1230 2894 vobis:
1252 2827 1315 2890 Job

240 2953 344 3001 autem
371 2961 477 3001 servus
509 2962 594 3044 meus
627 2941 731 3003 orabit
760 2962 820 3025 pro
854 2943 965 3004 vobis:
998 2942 1106 3004 faciem
1128 2941 1196 3022 ejus
1217 2937 1320 2997 susci·

240 3050 346 3131 piam,
369 3044 405 3106 ut
426 3069 490 3109 non
510 3048 601 3109 vobis
623 3051 792 3133 imputetur
813 3050 969 3113 stultitia:
989 3071 1089 3134 neque
1116 3049 1197 3108 enim
1225 3042 1319 3106 locu·

239 3159 265 3218 ti
285 3159 356 3218 estis
372 3154 411 3216 ad
431 3177 479 3216 me
498 3169 584 3218 recta
604 3161 687 3218 sieut
706 3179 812 3220 servus
832 3181 918 3220 meus
937 3158 1008 3221 Job.
1058 3155 1215 3218 Abiorunt
1237 3171 1315 3235 ergo

240 3264 349 3349 Elipaa
370 3262 563 3326 Themanites
574 3309 587 3341 ,
608 3277 641 3327 et
663 3264 781 3327 Baldad
802 3267 949 3345 suhites,
987 3278 1018 3328 et
1038 3263 1163 3350 Sophur
1182 3262 1318 3323 Naama-

240 3373 354 3438 thites:
389 3386 420 3434 et
441 3372 601 3450 fecerunt,
630 3356 727 3434 sicut*
745 3373 868 3437 locutus
889 3375 992 3436 fuerat
1012 3374 1163 3434 Dominus
1185 3367 1227 3429 ad
1248 3387 1313 3441 eos,

240 3493 274 3542 et
304 3481 441 3564 suscepit
462 3481 616 3544 Dominus
649 3481 758 3544 faciem
783 3482 855 3544 Job.
910 3468 1064 3543 Dominus
1087 3496 1214 3561 quoque
1237 3493 1315 3535 sou-

240 3589 395 3651 versus'ad
407 3589 627 3671 poenitentiam
638 3586 712 3665 Job,
725 3610 800 3650 cnm*
824 3603 930 3652 oraret
944 3589 996 3650 ille
1006 3608 1068 3674 pro
1080 3586 1185 3646 amicis
1198 3587 1270 3645 suis.

322 3720 360 3782 F.
380 3716 482 3780 Pssl.
504 3717 652 3780 tum:
674 3718 826 3781 Mirabiiis
842 3721 927 3783 Deus
951 3723 982 3781 in
1004 3720 1116 3781 sanctis
1135 3717 1211 3792 suis,
1231 3711 1319 3773 Deus

239 3829 335 3893 lsrael
366 3829 431 3912 ipss
452 3824 541 3887 dabit
560 3827 705 3888 virtutem
723 3839 754 3889 et
774 3827 991 3890 fortitudinem
1011 3826 1098 3912 plebi
1126 3844 1210 3887 suae.

325 3962 444 4023 Joan.
466 3954 573 4017 xm:
594 3955 709 4037 Amen,
731 3980 817 4020 amen
840 3959 912 4022 dieo
933 3958 1045 4021 vobiss
1079 3957 1136 4039 qui
1158 3952 1261 4016 credit
1283 3951 1320 4012 in

239 4089 304 4148 me,
338 4085 451 4151 opera,
481 4072 561 4147 quae
581 4086 638 4151 ego
662 4067 764 4146 facio,
787 4078 818 4130 et
839 4069 905 4152 ipse
927 4067 1039 4145 faciet,
1061 4075 1092 4126 et
1111 4063 1233 4146 majora
1253 4058 1321 4122 ho-

240 4196 308 4241 rum
330 4172 443 4251 faciet,
466 4175 540 4256 quia
558 4194 616 4258 ego
642 4173 682 4235 ad
703 4187 821 4259 patrem
842 4175 932 4236 vado.

322 4280 427 4346 ITEM
447 4282 518 4345 x11.
531 4279 546 4343 ε’
571 4279 605 4343 Si
627 4284 698 4368 quis
716 4281 793 4345 mihi
815 4283 984 4363 ministrat,
1006 4303 1055 4346 me
1075 4291 1248 4368 sequutura
1283 4290 1321 4342 et
