<?xml version="1.0" encoding="UTF-8"?>
<!DOCTYPE html PUBLIC "-//W3C//DTD XHTML 1.0 Transitional//EN"
    "http://www.w3.org/TR/xhtml1/DTD/xhtml1-transitional.dtd">
<html xmlns="http://www.w3.org/1999/xhtml" xml:lang="en" lang="en">
 <head>
  <title>
</title>
<meta http-equiv="Content-Type" content="text/html;charset=utf-8" />
  <meta name='ocr-system' content='tesseract 3.04.00' />
  <meta name='ocr-capabilities' content='ocr_page ocr_carea ocr_par ocr_line ocrx_word'/>
</head>
<body>
  <div class='ocr_page' id='page_1' title='image "./summadoctrinaec00kanigoog_0376.png"; bbox 0 0 2768 4762; ppageno 0'>
   <div class='ocr_carea' id='block_1_1' title="bbox 410 379 1141 466">
    <p class='ocr_par' dir='ltr' id='par_1_1' title="bbox 410 379 1141 466">
     <span class='ocr_line' id='line_1_1' title="bbox 410 379 1141 466; baseline 0.007 -13"><span class='ocrx_word' id='word_1_1' title='bbox 410 379 799 455; x_wconf 68' lang='lat' dir='ltr'><strong>DEC&#39;ALOM.</strong></span> <span class='ocrx_word' id='word_1_2' title='bbox 1057 386 1141 466; x_wconf 64' lang='lat'>&#39;325</span> 
     </span>
    </p>
   </div>
   <div class='ocr_carea' id='block_1_2' title="bbox 60 573 1352 1753">
    <p class='ocr_par' dir='ltr' id='par_1_2' title="bbox 60 573 1352 1753">
     <span class='ocr_line' id='line_1_2' title="bbox 66 573 1140 667; baseline -0.004 -25"><span class='ocrx_word' id='word_1_3' title='bbox 66 582 215 667; x_wconf 80' lang='lat' dir='ltr'>protegat</span> <span class='ocrx_word' id='word_1_4' title='bbox 246 592 343 660; x_wconf 82' lang='lat' dir='ltr'>usque</span> <span class='ocrx_word' id='word_1_5' title='bbox 369 578 402 637; x_wconf 85' lang='lat' dir='ltr'>in</span> <span class='ocrx_word' id='word_1_6' title='bbox 435 573 551 654; x_wconf 87' lang='lat' dir='ltr'>finem,</span> <span class='ocrx_word' id='word_1_7' title='bbox 586 578 641 658; x_wconf 88' lang='lat' dir='ltr'>qui</span> <span class='ocrx_word' id='word_1_8' title='bbox 668 588 814 637; x_wconf 89' lang='lat' dir='ltr'>cunctum</span> <span class='ocrx_word' id='word_1_9' title='bbox 836 575 983 638; x_wconf 89' lang='lat' dir='ltr'>mundum</span> <span class='ocrx_word' id='word_1_10' title='bbox 997 576 1140 661; x_wconf 83' lang='lat' dir='ltr'>dignatus</span> 
     </span>
     <span class='ocr_line' id='line_1_3' title="bbox 67 660 771 728; baseline -0.011 0"><span class='ocrx_word' id='word_1_11' title='bbox 67 679 116 727; x_wconf 86' lang='lat' dir='ltr'>est</span> <span class='ocrx_word' id='word_1_12' title='bbox 137 663 286 724; x_wconf 81' lang='lat' dir='ltr'>redimere</span> <span class='ocrx_word' id='word_1_13' title='bbox 309 661 428 722; x_wconf 88' lang='lat' dir='ltr'><strong>JESUS</strong></span> <span class='ocrx_word' id='word_1_14' title='bbox 453 660 660 723; x_wconf 85' lang='lat' dir='ltr'><strong>CHRISTUS.</strong></span> <span class='ocrx_word' id='word_1_15' title='bbox 763 717 771 728; x_wconf 83' lang='grc'><em>,</em></span> 
     </span>
     <span class='ocr_line' id='line_1_4' title="bbox 152 744 1139 829; baseline 0 -22"><span class='ocrx_word' id='word_1_16' title='bbox 152 762 181 816; x_wconf 81' lang='lat'>8.</span> <span class='ocrx_word' id='word_1_17' title='bbox 222 747 373 809; x_wconf 88' lang='lat' dir='ltr'><strong>IBIDEM</strong></span> <span class='ocrx_word' id='word_1_18' title='bbox 397 766 445 827; x_wconf 87' lang='lat' dir='ltr'>ep.</span> <span class='ocrx_word' id='word_1_19' title='bbox 473 749 604 815; x_wconf 44' lang='lat' dir='ltr'>109.1ad</span> <span class='ocrx_word' id='word_1_20' title='bbox 625 746 730 806; x_wconf 85' lang='lat' dir='ltr'>Seren.</span> <span class='ocrx_word' id='word_1_21' title='bbox 749 744 862 806; x_wconf 89' lang='lat' dir='ltr'>Massil.</span> <span class='ocrx_word' id='word_1_22' title='bbox 889 747 1001 829; x_wconf 84' lang='lat' dir='ltr'>episc:</span> <span class='ocrx_word' id='word_1_23' title='bbox 1028 745 1139 807; x_wconf 86' lang='lat' dir='ltr'>Indico</span> 
     </span>
     <span class='ocr_line' id='line_1_5' title="bbox 69 820 1170 915; baseline -0.004 -21"><span class='ocrx_word' id='word_1_24' title='bbox 69 824 185 894; x_wconf 88' lang='lat' dir='ltr'>dudum</span> <span class='ocrx_word' id='word_1_25' title='bbox 209 831 249 893; x_wconf 85' lang='lat' dir='ltr'>ad</span> <span class='ocrx_word' id='word_1_26' title='bbox 278 852 336 891; x_wconf 90' lang='lat' dir='ltr'>nos</span> <span class='ocrx_word' id='word_1_27' title='bbox 366 833 562 908; x_wconf 72' lang='lat' dir='ltr'>pervenisse,</span> <span class='ocrx_word' id='word_1_28' title='bbox 598 829 686 913; x_wconf 93' lang='lat' dir='ltr'>quod</span> <span class='ocrx_word' id='word_1_29' title='bbox 718 820 893 890; x_wconf 71' lang='lat' dir='ltr'>sratcr&#39;nitas</span> <span class='ocrx_word' id='word_1_30' title='bbox 918 843 1018 890; x_wconf 86' lang='lat' dir='ltr'>vestra</span> <span class='ocrx_word' id='word_1_31' title='bbox 1042 849 1170 915; x_wconf 57' lang='lat' dir='ltr'>quos-⁸</span> 
     </span>
     <span class='ocr_line' id='line_1_6' title="bbox 67 913 1160 1001; baseline -0.001 -24"><span class='ocrx_word' id='word_1_32' title='bbox 67 917 138 978; x_wconf 93' lang='lat' dir='ltr'>dam</span> <span class='ocrx_word' id='word_1_33' title='bbox 158 920 322 1001; x_wconf 79' lang='lat' dir='ltr'><strong>imaginum</strong></span> <span class='ocrx_word' id='word_1_34' title='bbox 343 915 533 992; x_wconf 83' lang='lat' dir='ltr'>adoratores,</span> <span class='ocrx_word' id='word_1_35' title='bbox 556 917 726 999; x_wconf 80' lang='lat' dir='ltr'>aspicieus,</span> <span class='ocrx_word' id='word_1_36' title='bbox 754 913 872 974; x_wconf 90' lang='lat' dir='ltr'>easdem</span> <span class='ocrx_word' id='word_1_37' title='bbox 889 914 1044 975; x_wconf 84' lang='lat' dir='ltr'><strong>Ecclesiae</strong></span> <span class='ocrx_word' id='word_1_38' title='bbox 1062 936 1160 976; x_wconf 51' lang='lat' dir='ltr'>rma-⁴</span> 
     </span>
     <span class='ocr_line' id='line_1_7' title="bbox 67 998 1316 1088; baseline -0.001 -27"><span class='ocrx_word' id='word_1_39' title='bbox 67 1005 152 1088; x_wconf 85' lang='lat' dir='ltr'>gines</span> <span class='ocrx_word' id='word_1_40' title='bbox 172 1002 329 1084; x_wconf 77' lang='lat' dir='ltr'><strong>confregit</strong></span> <span class='ocrx_word' id='word_1_41' title='bbox 352 1013 444 1085; x_wconf 85' lang='lat' dir='ltr'>atque</span> <span class='ocrx_word' id='word_1_42' title='bbox 465 1002 610 1083; x_wconf 87' lang='lat' dir='ltr'>projecit.</span> <span class='ocrx_word' id='word_1_43' title='bbox 668 1000 710 1060; x_wconf 86' lang='lat' dir='ltr'>Et</span> <span class='ocrx_word' id='word_1_44' title='bbox 732 999 856 1081; x_wconf 89' lang='lat' dir='ltr'>quidem</span> <span class='ocrx_word' id='word_1_45' title='bbox 873 998 969 1059; x_wconf 80' lang='lat' dir='ltr'>zelum</span> <span class='ocrx_word' id='word_1_46' title='bbox 987 1020 1065 1076; x_wconf 90' lang='lat' dir='ltr'>vos,</span> <span class='ocrx_word' id='word_1_47' title='bbox 1098 1007 1316 1072; x_wconf 27' lang='lat' dir='ltr'>neluepflresenau</span> 
     </span>
     <span class='ocr_line' id='line_1_8' title="bbox 65 1071 1278 1169; baseline -0.002 -25"><span class='ocrx_word' id='word_1_48' title='bbox 65 1087 145 1169; x_wconf 90' lang='lat' dir='ltr'>quid</span> <span class='ocrx_word' id='word_1_49' title='bbox 181 1107 274 1146; x_wconf 87' lang='lat' dir='ltr'>manu</span> <span class='ocrx_word' id='word_1_50' title='bbox 309 1086 424 1145; x_wconf 83' lang='lat' dir='ltr'>sactum</span> <span class='ocrx_word' id='word_1_51' title='bbox 459 1086 584 1146; x_wconf 88' lang='lat' dir='ltr'>adorari</span> <span class='ocrx_word' id='word_1_52' title='bbox 620 1086 734 1168; x_wconf 86' lang='lat' dir='ltr'><strong>possit,</strong></span> <span class='ocrx_word' id='word_1_53' title='bbox 782 1082 923 1142; x_wconf 89' lang='lat' dir='ltr'>habuisse</span> <span class='ocrx_word' id='word_1_54' title='bbox 959 1071 1278 1150; x_wconf 53' lang='lat' dir='ltr'>laudamumlffllllll&#39;ss.</span> 
     </span>
     <span class='ocr_line' id='line_1_9' title="bbox 64 1154 1352 1254; baseline -0.002 -24"><span class='ocrx_word' id='word_1_55' title='bbox 64 1170 120 1231; x_wconf 90' lang='lat' dir='ltr'>sed</span> <span class='ocrx_word' id='word_1_56' title='bbox 140 1171 282 1254; x_wconf 78' lang='lat' dir='ltr'>frangere</span> <span class='ocrx_word' id='word_1_57' title='bbox 303 1169 423 1230; x_wconf 88' lang='lat' dir='ltr'>eusdem</span> <span class='ocrx_word' id='word_1_58' title='bbox 437 1171 581 1253; x_wconf 79' lang='lat' dir='ltr'>imagines</span> <span class='ocrx_word' id='word_1_59' title='bbox 602 1191 665 1231; x_wconf 91' lang='lat' dir='ltr'>non</span> <span class='ocrx_word' id='word_1_60' title='bbox 684 1167 826 1227; x_wconf 87' lang='lat' dir='ltr'>debuisse</span> <span class='ocrx_word' id='word_1_61' title='bbox 846 1168 1058 1247; x_wconf 83' lang='lat' dir='ltr'>judicavimus.</span> <span class='ocrx_word' id='word_1_62' title='bbox 1081 1168 1253 1249; x_wconf 45' lang='lat' dir='ltr'>Id-ffi&#39;ssffi,</span> <span class='ocrx_word' id='word_1_63' title='bbox 1273 1218 1315 1246; x_wconf 68' lang='lat' dir='ltr'>eur</span> <span class='ocrx_word' id='word_1_64' title='bbox 1346 1154 1352 1172; x_wconf 59' lang='lat'>⁸</span> 
     </span>
     <span class='ocr_line' id='line_1_10' title="bbox 65 1250 1294 1347; baseline -0.004 -31"><span class='ocrx_word' id='word_1_65' title='bbox 65 1259 152 1316; x_wconf 90' lang='lat' dir='ltr'>circo</span> <span class='ocrx_word' id='word_1_66' title='bbox 172 1259 252 1314; x_wconf 90' lang='lat' dir='ltr'>euim</span> <span class='ocrx_word' id='word_1_67' title='bbox 270 1257 393 1337; x_wconf 84' lang='lat' dir='ltr'>pictura</span> <span class='ocrx_word' id='word_1_68' title='bbox 412 1256 442 1313; x_wconf 92' lang='lat' dir='ltr'>in</span> <span class='ocrx_word' id='word_1_69' title='bbox 464 1251 612 1314; x_wconf 87' lang='lat' dir='ltr'>Ecclesiis</span> <span class='ocrx_word' id='word_1_70' title='bbox 630 1252 814 1327; x_wconf 83' lang='lat' dir='ltr'>adhibetur,</span> <span class='ocrx_word' id='word_1_71' title='bbox 842 1264 879 1311; x_wconf 92' lang='lat' dir='ltr'>ut</span> <span class='ocrx_word' id='word_1_72' title='bbox 902 1250 953 1322; x_wconf 85' lang='lat' dir='ltr'>hi·‚</span> <span class='ocrx_word' id='word_1_73' title='bbox 988 1255 1042 1333; x_wconf 90' lang='lat' dir='ltr'>qui</span> <span class='ocrx_word' id='word_1_74' title='bbox 1067 1253 1294 1347; x_wconf 51' lang='lat' dir='ltr'>lite-igsssselwii·</span> 
     </span>
     <span class='ocr_line' id='line_1_11' title="bbox 64 1307 1308 1421; baseline -0.004 -21"><span class='ocrx_word' id='word_1_75' title='bbox 64 1360 116 1400; x_wconf 91' lang='lat' dir='ltr'>ras</span> <span class='ocrx_word' id='word_1_76' title='bbox 154 1341 314 1413; x_wconf 89' lang='lat' dir='ltr'>nesciunt,</span> <span class='ocrx_word' id='word_1_77' title='bbox 344 1338 450 1399; x_wconf 89' lang='lat' dir='ltr'>saltem</span> <span class='ocrx_word' id='word_1_78' title='bbox 480 1341 511 1398; x_wconf 91' lang='lat' dir='ltr'>in</span> <span class='ocrx_word' id='word_1_79' title='bbox 549 1336 719 1421; x_wconf 87' lang='lat' dir='ltr'>parietibus</span> <span class='ocrx_word' id='word_1_80' title='bbox 745 1336 881 1396; x_wconf 84' lang='lat' dir='ltr'>ridendo</span> <span class='ocrx_word' id='word_1_81' title='bbox 899 1335 1031 1419; x_wconf 84' lang='lat' dir='ltr'>legant,</span> <span class='ocrx_word' id='word_1_82' title='bbox 1055 1307 1308 1418; x_wconf 48' lang='lat' dir='ltr'>ouaestmm‘</span> 
     </span>
     <span class='ocr_line' id='line_1_12' title="bbox 63 1421 1138 1508; baseline -0.005 -23"><span class='ocrx_word' id='word_1_83' title='bbox 63 1423 167 1508; x_wconf 87' lang='lat' dir='ltr'>legere</span> <span class='ocrx_word' id='word_1_84' title='bbox 191 1427 223 1483; x_wconf 90' lang='lat' dir='ltr'>in</span> <span class='ocrx_word' id='word_1_85' title='bbox 246 1421 409 1483; x_wconf 84' lang='lat' dir='ltr'>codicibus</span> <span class='ocrx_word' id='word_1_86' title='bbox 432 1443 496 1482; x_wconf 91' lang='lat' dir='ltr'>non</span> <span class='ocrx_word' id='word_1_87' title='bbox 521 1423 633 1482; x_wconf 79' lang='lat' dir='ltr'>valent.</span> <span class='ocrx_word' id='word_1_88' title='bbox 1105 1486 1110 1496; x_wconf 78' lang='lat'><strong>.</strong></span> <span class='ocrx_word' id='word_1_89' title='bbox 1136 1434 1138 1437; x_wconf 82' lang='grc'><strong>’</strong></span> 
     </span>
     <span class='ocr_line' id='line_1_13' title="bbox 150 1501 1138 1648; baseline -0.003 -83"><span class='ocrx_word' id='word_1_90' title='bbox 150 1520 179 1576; x_wconf 82' lang='lat'>9.</span> <span class='ocrx_word' id='word_1_91' title='bbox 223 1506 498 1648; x_wconf 60' lang='lat' dir='ltr'>uspascENUs</span> <span class='ocrx_word' id='word_1_92' title='bbox 522 1507 558 1572; x_wconf 92' lang='lat' dir='ltr'>L.</span> <span class='ocrx_word' id='word_1_93' title='bbox 577 1503 632 1567; x_wconf 89' lang='lat' dir='ltr'>IV.</span> <span class='ocrx_word' id='word_1_94' title='bbox 655 1501 739 1567; x_wconf 86' lang='lat' dir='ltr'>ortb.</span> <span class='ocrx_word' id='word_1_95' title='bbox 762 1501 816 1565; x_wconf 83' lang='lat' dir='ltr'>fid.</span> <span class='ocrx_word' id='word_1_96' title='bbox 840 1522 907 1587; x_wconf 86' lang='lat' dir='ltr'>cap.</span> <span class='ocrx_word' id='word_1_97' title='bbox 923 1515 972 1572; x_wconf 76' lang='grc'>17.</span> <span class='ocrx_word' id='word_1_98' title='bbox 993 1514 1031 1564; x_wconf 90' lang='lat' dir='ltr'>ut</span> <span class='ocrx_word' id='word_1_99' title='bbox 1052 1523 1138 1587; x_wconf 89' lang='lat' dir='ltr'>supr.</span> 
     </span>
     <span class='ocr_line' id='line_1_14' title="bbox 60 1591 324 1654; baseline 0 0"><span class='ocrx_word' id='word_1_100' title='bbox 60 1591 123 1654; x_wconf 89' lang='lat' dir='ltr'>bac</span> <span class='ocrx_word' id='word_1_101' title='bbox 172 1603 265 1651; x_wconf 82' lang='lat' dir='ltr'>uacet.</span> <span class='ocrx_word' id='word_1_102' title='bbox 315 1636 324 1654; x_wconf 86' lang='lat'><strong>.</strong></span> 
     </span>
     <span class='ocr_line' id='line_1_15' title="bbox 150 1613 1136 1753; baseline -0.003 -21"><span class='ocrx_word' id='word_1_103' title='bbox 150 1613 200 1742; x_wconf 64' lang='lat' dir='ltr'>llo.</span> <span class='ocrx_word' id='word_1_104' title='bbox 244 1673 442 1733; x_wconf 84' lang='lat' dir='ltr'><strong>EUSEBIUS</strong></span> <span class='ocrx_word' id='word_1_105' title='bbox 477 1672 560 1734; x_wconf 82' lang='lat' dir='ltr'>Caes&#39;.</span> <span class='ocrx_word' id='word_1_106' title='bbox 590 1670 727 1742; x_wconf 77' lang='lat' dir='ltr'><strong>L.v11.</strong></span> <span class='ocrx_word' id='word_1_107' title='bbox 752 1670 825 1732; x_wconf 86' lang='lat' dir='ltr'>bist.</span> <span class='ocrx_word' id='word_1_108' title='bbox 860 1667 946 1731; x_wconf 88' lang='lat' dir='ltr'>Eecl.</span> <span class='ocrx_word' id='word_1_109' title='bbox 979 1690 1045 1753; x_wconf 90' lang='lat' dir='ltr'>cap.</span> <span class='ocrx_word' id='word_1_110' title='bbox 1073 1684 1136 1739; x_wconf 54' lang='lat'>14:</span> 
     </span>
    </p>
   </div>
   <div class='ocr_carea' id='block_1_3' title="bbox 63 1754 1314 2010">
    <p class='ocr_par' dir='ltr' id='par_1_3' title="bbox 63 1754 1314 2010">
     <span class='ocr_line' id='line_1_16' title="bbox 66 1754 1139 1840; baseline -0.001 -25"><span class='ocrx_word' id='word_1_111' title='bbox 66 1758 224 1833; x_wconf 88' lang='lat' dir='ltr'>Quoniam</span> <span class='ocrx_word' id='word_1_112' title='bbox 247 1756 396 1840; x_wconf 87' lang='lat' dir='ltr'>inhujus</span> <span class='ocrx_word' id='word_1_113' title='bbox 420 1759 551 1818; x_wconf 84' lang='lat' dir='ltr'>civitatis</span> <span class='ocrx_word' id='word_1_114' title='bbox 575 1756 748 1833; x_wconf 84' lang='lat' dir='ltr'>(Caesareae</span> <span class='ocrx_word' id='word_1_115' title='bbox 769 1756 927 1839; x_wconf 89' lang='lat' dir='ltr'>Philippi,</span> <span class='ocrx_word' id='word_1_116' title='bbox 963 1774 1055 1838; x_wconf 88' lang='lat' dir='ltr'>quam</span> <span class='ocrx_word' id='word_1_117' title='bbox 1076 1754 1139 1815; x_wconf 87' lang='lat' dir='ltr'>Pa-</span> 
     </span>
     <span class='ocr_line' id='line_1_17' title="bbox 63 1838 1314 1937; baseline 0 -37"><span class='ocrx_word' id='word_1_118' title='bbox 63 1842 192 1901; x_wconf 86' lang='lat' dir='ltr'>neadem</span> <span class='ocrx_word' id='word_1_119' title='bbox 221 1847 346 1919; x_wconf 82' lang='lat' dir='ltr'>vocant)</span> <span class='ocrx_word' id='word_1_120' title='bbox 380 1844 565 1902; x_wconf 76' lang='lat' dir='ltr'>mentionem</span> <span class='ocrx_word' id='word_1_121' title='bbox 598 1842 710 1917; x_wconf 89' lang='lat' dir='ltr'>incidi,</span> <span class='ocrx_word' id='word_1_122' title='bbox 740 1861 854 1923; x_wconf 85' lang='lat' dir='ltr'>operae</span> <span class='ocrx_word' id='word_1_123' title='bbox 893 1841 1029 1937; x_wconf 85' lang='lat' dir='ltr'>pretium</span> <span class='ocrx_word' id='word_1_124' title='bbox 1051 1838 1138 1899; x_wconf 92' lang='lat' dir='ltr'>arbi·</span> <span class='ocrx_word' id='word_1_125' title='bbox 1160 1852 1314 1920; x_wconf 55' lang='lat' dir='ltr'>urea-ste·</span> 
     </span>
     <span class='ocr_line' id='line_1_18' title="bbox 64 1909 1313 2010; baseline -0.003 -24"><span class='ocrx_word' id='word_1_126' title='bbox 64 1938 154 1997; x_wconf 89' lang='lat' dir='ltr'>tror,</span> <span class='ocrx_word' id='word_1_127' title='bbox 177 1923 340 1986; x_wconf 84' lang='lat' dir='ltr'>historiam</span> <span class='ocrx_word' id='word_1_128' title='bbox 361 1925 424 1986; x_wconf 88' lang='lat' dir='ltr'>hoc</span> <span class='ocrx_word' id='word_1_129' title='bbox 445 1925 516 1987; x_wconf 91' lang='lat' dir='ltr'>loco</span> <span class='ocrx_word' id='word_1_130' title='bbox 539 1929 646 2002; x_wconf 89' lang='lat' dir='ltr'>citare,</span> <span class='ocrx_word' id='word_1_131' title='bbox 668 1945 757 2007; x_wconf 88' lang='lat' dir='ltr'>·quae</span> <span class='ocrx_word' id='word_1_132' title='bbox 778 1925 870 2008; x_wconf 89' lang='lat' dir='ltr'>digna</span> <span class='ocrx_word' id='word_1_133' title='bbox 891 1923 982 2010; x_wconf 90' lang='lat' dir='ltr'>plane</span> <span class='ocrx_word' id='word_1_134' title='bbox 1003 1909 1313 2002; x_wconf 61' lang='lat' dir='ltr'>videtur,f‘lf‘,‘,‚{¹⁰&#39;,{j</span> 
     </span>
    </p>
   </div>
   <div class='ocr_carea' id='block_1_4' title="bbox 63 2005 1293 2093">
    <p class='ocr_par' dir='ltr' id='par_1_4' title="bbox 63 2005 1293 2093">
     <span class='ocr_line' id='line_1_19' title="bbox 63 2005 1293 2093; baseline -0.001 -27"><span class='ocrx_word' id='word_1_135' title='bbox 63 2029 157 2091; x_wconf 85' lang='lat' dir='ltr'>quam</span> <span class='ocrx_word' id='word_1_136' title='bbox 185 2013 348 2072; x_wconf 86' lang='lat' dir='ltr'>memoriae</span> <span class='ocrx_word' id='word_1_137' title='bbox 381 2009 420 2070; x_wconf 85' lang='lat' dir='ltr'>ad</span> <span class='ocrx_word' id='word_1_138' title='bbox 443 2012 655 2093; x_wconf 82' lang='lat' dir='ltr'>posteritatem</span> <span class='ocrx_word' id='word_1_139' title='bbox 675 2009 930 2083; x_wconf 76' lang='lat' dir='ltr'>commendemus.</span> <span class='ocrx_word' id='word_1_140' title='bbox 974 2007 1133 2068; x_wconf 87' lang='lat' dir='ltr'>Mulierem</span> <span class='ocrx_word' id='word_1_141' title='bbox 1145 2009 1202 2048; x_wconf 74' lang='lat'>⁰¹⁸⁸·</span> <span class='ocrx_word' id='word_1_142' title='bbox 1213 2021 1233 2049; x_wconf 79' lang='lat'>⁰·</span> <span class='ocrx_word' id='word_1_143' title='bbox 1243 2005 1293 2051; x_wconf 77' lang='lat'>¹⁵··</span> 
     </span>
    </p>
   </div>
   <div class='ocr_carea' id='block_1_5' title="bbox 1144 2057 1372 2103">
    <p class='ocr_par' dir='ltr' id='par_1_5' title="bbox 1144 2057 1372 2103">
     <span class='ocr_line' id='line_1_20' title="bbox 1144 2057 1372 2103; baseline -0.013 -5"><span class='ocrx_word' id='word_1_144' title='bbox 1144 2057 1227 2098; x_wconf 70' lang='lat' dir='ltr'>naath:</span> <span class='ocrx_word' id='word_1_145' title='bbox 1238 2064 1297 2103; x_wconf 67' lang='lat' dir='ltr'>neu.</span> <span class='ocrx_word' id='word_1_146' title='bbox 1368 2061 1372 2072; x_wconf 91' lang='grc'>·</span> 
     </span>
    </p>
   </div>
   <div class='ocr_carea' id='block_1_6' title="bbox 22 2091 1327 4281">
    <p class='ocr_par' dir='ltr' id='par_1_6' title="bbox 22 2091 1327 3943">
     <span class='ocr_line' id='line_1_21' title="bbox 60 2091 1299 2180; baseline -0.001 -27"><span class='ocrx_word' id='word_1_147' title='bbox 60 2093 151 2153; x_wconf 81' lang='lat' dir='ltr'>illam·</span> <span class='ocrx_word' id='word_1_148' title='bbox 189 2096 342 2178; x_wconf 85' lang='lat' dir='ltr'>sanguinis</span> <span class='ocrx_word' id='word_1_149' title='bbox 378 2091 546 2176; x_wconf 75' lang='lat' dir='ltr'>profluvio</span> <span class='ocrx_word' id='word_1_150' title='bbox 589 2093 787 2169; x_wconf 79' lang='lat' dir='ltr'>afflictatum,</span> <span class='ocrx_word' id='word_1_151' title='bbox 840 2105 1133 2180; x_wconf 88' lang='lat' dir='ltr'>quam.sanctorum</span> <span class='ocrx_word' id='word_1_152' title='bbox 1144 2107 1249 2152; x_wconf 63' lang='lat' dir='ltr'>arecas.</span> <span class='ocrx_word' id='word_1_153' title='bbox 1267 2113 1299 2157; x_wconf 76' lang='lat' dir='ltr'>as·</span> 
     </span>
     <span class='ocr_line' id='line_1_22' title="bbox 60 2157 1282 2259; baseline -0.002 -21"><span class='ocrx_word' id='word_1_154' title='bbox 60 2175 299 2259; x_wconf 84' lang='lat' dir='ltr'>Evangeliorum</span> <span class='ocrx_word' id='word_1_155' title='bbox 317 2180 497 2240; x_wconf 89' lang='lat' dir='ltr'>testimonio</span> <span class='ocrx_word' id='word_1_156' title='bbox 516 2189 699 2240; x_wconf 81' lang='lat' dir='ltr'>aserratore</span> <span class='ocrx_word' id='word_1_157' title='bbox 720 2190 830 2239; x_wconf 89' lang='lat' dir='ltr'>nostro</span> <span class='ocrx_word' id='word_1_158' title='bbox 853 2176 955 2238; x_wconf 89' lang='lat' dir='ltr'>morbi</span> <span class='ocrx_word' id='word_1_159' title='bbox 965 2176 1134 2237; x_wconf 91' lang='lat' dir='ltr'>remedium</span> <span class='ocrx_word' id='word_1_160' title='bbox 1144 2157 1200 2197; x_wconf 67' lang='lat'>¹²²⁰·</span> <span class='ocrx_word' id='word_1_161' title='bbox 1211 2164 1233 2203; x_wconf 78' lang='lat'>⁸&#39;</span> <span class='ocrx_word' id='word_1_162' title='bbox 1245 2162 1282 2201; x_wconf 52' lang='grc' dir='ltr'>’δ’</span> 
     </span>
     <span class='ocr_line' id='line_1_23' title="bbox 60 2261 1142 2345; baseline 0 -24"><span class='ocrx_word' id='word_1_163' title='bbox 60 2263 210 2322; x_wconf 82' lang='lat' dir='ltr'>invenisse</span> <span class='ocrx_word' id='word_1_164' title='bbox 249 2265 467 2345; x_wconf 87' lang='lat' dir='ltr'>cognovimus,</span> <span class='ocrx_word' id='word_1_165' title='bbox 501 2280 537 2322; x_wconf 83' lang='lat' dir='ltr'>ex</span> <span class='ocrx_word' id='word_1_166' title='bbox 565 2284 600 2323; x_wconf 88' lang='lat' dir='ltr'>ea</span> <span class='ocrx_word' id='word_1_167' title='bbox 621 2266 745 2323; x_wconf 87' lang='lat' dir='ltr'>civitate</span> <span class='ocrx_word' id='word_1_168' title='bbox 767 2264 953 2337; x_wconf 89' lang='lat' dir='ltr'>oriundam,</span> <span class='ocrx_word' id='word_1_169' title='bbox 987 2261 1142 2344; x_wconf 90' lang='lat' dir='ltr'>illiusque·</span> 
     </span>
     <span class='ocr_line' id='line_1_24' title="bbox 62 2344 1135 2428; baseline -0.001 -24"><span class='ocrx_word' id='word_1_170' title='bbox 62 2347 187 2405; x_wconf 89' lang='lat' dir='ltr'>domum</span> <span class='ocrx_word' id='word_1_171' title='bbox 215 2344 261 2404; x_wconf 91' lang='lat' dir='ltr'>ibi</span> <span class='ocrx_word' id='word_1_172' title='bbox 284 2345 425 2419; x_wconf 88' lang='lat' dir='ltr'>ostendi,</span> <span class='ocrx_word' id='word_1_173' title='bbox 466 2357 497 2403; x_wconf 92' lang='lat' dir='ltr'>ct</span> <span class='ocrx_word' id='word_1_174' title='bbox 524 2346 718 2424; x_wconf 81' lang='lat' dir='ltr'>admirabilia</span> <span class='ocrx_word' id='word_1_175' title='bbox 745 2346 894 2428; x_wconf 80' lang='lat' dir='ltr'>quaedam</span> <span class='ocrx_word' id='word_1_176' title='bbox 916 2349 1081 2406; x_wconf 84' lang='lat' dir='ltr'>servatoris</span> <span class='ocrx_word' id='word_1_177' title='bbox 1103 2348 1135 2404; x_wconf 94' lang='lat' dir='ltr'>iu</span> 
     </span>
     <span class='ocr_line' id='line_1_25' title="bbox 62 2425 1136 2511; baseline 0.001 -25"><span class='ocrx_word' id='word_1_178' title='bbox 62 2450 128 2487; x_wconf 86' lang='lat' dir='ltr'>eam</span> <span class='ocrx_word' id='word_1_179' title='bbox 150 2425 293 2486; x_wconf 83' lang='lat' dir='ltr'>beneficii</span> <span class='ocrx_word' id='word_1_180' title='bbox 311 2436 507 2486; x_wconf 80' lang='lat' dir='ltr'>monumenta</span> <span class='ocrx_word' id='word_1_181' title='bbox 537 2441 567 2486; x_wconf 88' lang='lat' dir='ltr'>et</span> <span class='ocrx_word' id='word_1_182' title='bbox 590 2432 677 2510; x_wconf 89' lang='lat' dir='ltr'>quasi</span> <span class='ocrx_word' id='word_1_183' title='bbox 699 2429 850 2511; x_wconf 89' lang='lat' dir='ltr'>trophaea</span> <span class='ocrx_word' id='word_1_184' title='bbox 872 2429 910 2489; x_wconf 90' lang='lat' dir='ltr'>ad</span> <span class='ocrx_word' id='word_1_185' title='bbox 933 2428 995 2490; x_wconf 87' lang='lat' dir='ltr'>hoc</span> <span class='ocrx_word' id='word_1_186' title='bbox 1016 2442 1136 2510; x_wconf 87' lang='lat' dir='ltr'>tempus</span> 
     </span>
     <span class='ocr_line' id='line_1_26' title="bbox 63 2509 1237 2588; baseline 0 -17"><span class='ocrx_word' id='word_1_187' title='bbox 63 2511 178 2571; x_wconf 90' lang='lat' dir='ltr'>durare</span> <span class='ocrx_word' id='word_1_188' title='bbox 199 2521 377 2569; x_wconf 85' lang='lat' dir='ltr'>memorant.</span> <span class='ocrx_word' id='word_1_189' title='bbox 420 2509 484 2568; x_wconf 91' lang='lat' dir='ltr'>Pro</span> <span class='ocrx_word' id='word_1_190' title='bbox 503 2510 625 2571; x_wconf 78' lang='lat' dir='ltr'>foribus</span> <span class='ocrx_word' id='word_1_191' title='bbox 646 2513 727 2571; x_wconf 90' lang='lat' dir='ltr'>enim</span> <span class='ocrx_word' id='word_1_192' title='bbox 748 2514 857 2573; x_wconf 83' lang='lat' dir='ltr'>domus</span> <span class='ocrx_word' id='word_1_193' title='bbox 878 2511 979 2588; x_wconf 88' lang='lat' dir='ltr'>illius,</span> <span class='ocrx_word' id='word_1_194' title='bbox 1014 2533 1137 2572; x_wconf 90' lang='lat' dir='ltr'>aeneam</span> <span class='ocrx_word' id='word_1_195' title='bbox 1232 2516 1237 2530; x_wconf 79' lang='lat'><strong>⁴</strong></span> 
     </span>
     <span class='ocr_line' id='line_1_27' title="bbox 22 2592 1278 2678; baseline 0.002 -27"><span class='ocrx_word' id='word_1_196' title='bbox 22 2644 28 2651; x_wconf 87' lang='lat'><strong>.</strong></span> <span class='ocrx_word' id='word_1_197' title='bbox 61 2594 201 2655; x_wconf 88' lang='lat' dir='ltr'>mulieris</span> <span class='ocrx_word' id='word_1_198' title='bbox 228 2593 355 2676; x_wconf 89' lang='lat' dir='ltr'>effigiem</span> <span class='ocrx_word' id='word_1_199' title='bbox 387 2593 514 2676; x_wconf 79' lang='lat' dir='ltr'>genibus</span> <span class='ocrx_word' id='word_1_200' title='bbox 537 2592 638 2671; x_wconf 83' lang='lat' dir='ltr'>flexis,</span> <span class='ocrx_word' id='word_1_201' title='bbox 669 2606 701 2654; x_wconf 90' lang='lat' dir='ltr'>et</span> <span class='ocrx_word' id='word_1_202' title='bbox 733 2595 873 2654; x_wconf 84' lang='lat' dir='ltr'>manibus</span> <span class='ocrx_word' id='word_1_203' title='bbox 895 2597 992 2653; x_wconf 85' lang='lat' dir='ltr'>instar</span> <span class='ocrx_word' id='word_1_204' title='bbox 1014 2596 1137 2678; x_wconf 92' lang='lat' dir='ltr'>suppli·</span> <span class='ocrx_word' id='word_1_205' title='bbox 1275 2656 1278 2661; x_wconf 24' lang='lat'><em>⁴</em></span> 
     </span>
     <span class='ocr_line' id='line_1_28' title="bbox 62 2677 1311 2761; baseline 0.001 -23"><span class='ocrx_word' id='word_1_206' title='bbox 62 2681 177 2754; x_wconf 85' lang='lat' dir='ltr'>cantis,</span> <span class='ocrx_word' id='word_1_207' title='bbox 214 2680 245 2737; x_wconf 90' lang='lat' dir='ltr'>iu</span> <span class='ocrx_word' id='word_1_208' title='bbox 265 2685 452 2739; x_wconf 83' lang='lat' dir='ltr'>anteriorem</span> <span class='ocrx_word' id='word_1_209' title='bbox 483 2690 602 2760; x_wconf 87' lang='lat' dir='ltr'>partem</span> <span class='ocrx_word' id='word_1_210' title='bbox 626 2681 777 2756; x_wconf 81' lang='lat' dir='ltr'>extensis,</span> <span class='ocrx_word' id='word_1_211' title='bbox 799 2699 893 2760; x_wconf 89' lang='lat' dir='ltr'>super</span> <span class='ocrx_word' id='word_1_212' title='bbox 916 2677 1033 2737; x_wconf 89' lang='lat' dir='ltr'>editum</span> <span class='ocrx_word' id='word_1_213' title='bbox 1055 2679 1136 2761; x_wconf 89' lang='lat' dir='ltr'>lapi·</span> <span class='ocrx_word' id='word_1_214' title='bbox 1156 2697 1311 2758; x_wconf 58' lang='lat' dir='ltr'>narrarun-</span> 
     </span>
     <span class='ocr_line' id='line_1_29' title="bbox 62 2749 1312 2846; baseline -0.001 -23"><span class='ocrx_word' id='word_1_215' title='bbox 62 2764 136 2824; x_wconf 90' lang='lat' dir='ltr'>dem</span> <span class='ocrx_word' id='word_1_216' title='bbox 158 2761 362 2824; x_wconf 84' lang='lat' dir='ltr'>collocatam:</span> <span class='ocrx_word' id='word_1_217' title='bbox 385 2762 460 2821; x_wconf 91' lang='lat' dir='ltr'>huic</span> <span class='ocrx_word' id='word_1_218' title='bbox 478 2783 500 2820; x_wconf 89' lang='lat' dir='ltr'>e·</span> <span class='ocrx_word' id='word_1_219' title='bbox 517 2757 643 2846; x_wconf 86' lang='lat' dir='ltr'>regione</span> <span class='ocrx_word' id='word_1_220' title='bbox 664 2764 724 2823; x_wconf 82' lang='lat' dir='ltr'>viri</span> <span class='ocrx_word' id='word_1_221' title='bbox 746 2776 876 2824; x_wconf 87' lang='lat' dir='ltr'>erectam</span> <span class='ocrx_word' id='word_1_222' title='bbox 899 2763 1075 2845; x_wconf 87' lang='lat' dir='ltr'>imaginem,</span> <span class='ocrx_word' id='word_1_223' title='bbox 1099 2749 1312 2838; x_wconf 54' lang='lat' dir='ltr'>ex&#39;fflssflm</span> 
     </span>
     <span class='ocr_line' id='line_1_30' title="bbox 63 2844 1311 2933; baseline -0.002 -27"><span class='ocrx_word' id='word_1_224' title='bbox 63 2847 168 2907; x_wconf 86' lang='lat' dir='ltr'>cadem</span> <span class='ocrx_word' id='word_1_225' title='bbox 190 2850 315 2907; x_wconf 89' lang='lat' dir='ltr'>materia</span> <span class='ocrx_word' id='word_1_226' title='bbox 334 2844 520 2924; x_wconf 85' lang='lat' dir='ltr'>coussatam,</span> <span class='ocrx_word' id='word_1_227' title='bbox 557 2850 670 2909; x_wconf 84' lang='lat' dir='ltr'>vestitu</span> <span class='ocrx_word' id='word_1_228' title='bbox 692 2847 730 2908; x_wconf 88' lang='lat' dir='ltr'>ad</span> <span class='ocrx_word' id='word_1_229' title='bbox 752 2847 831 2908; x_wconf 91' lang='lat' dir='ltr'>talos</span> <span class='ocrx_word' id='word_1_230' title='bbox 855 2847 987 2907; x_wconf 89' lang='lat' dir='ltr'>demisso</span> <span class='ocrx_word' id='word_1_231' title='bbox 1021 2846 1311 2933; x_wconf 59' lang='lat' dir='ltr'>⁶⁸⁰⁰⁰·⁹u.⁰lll⁵⁸¹ltal.</span> 
     </span>
     <span class='ocr_line' id='line_1_31' title="bbox 60 2905 1248 3017; baseline 0 -25"><span class='ocrx_word' id='word_1_232' title='bbox 60 2944 111 2992; x_wconf 90' lang='lat' dir='ltr'>ter</span> <span class='ocrx_word' id='word_1_233' title='bbox 133 2944 292 3008; x_wconf 90' lang='lat' dir='ltr'>ornatam,</span> <span class='ocrx_word' id='word_1_234' title='bbox 315 2945 345 2992; x_wconf 88' lang='lat' dir='ltr'>et</span> <span class='ocrx_word' id='word_1_235' title='bbox 371 2952 493 2992; x_wconf 88' lang='lat' dir='ltr'>manum</span> <span class='ocrx_word' id='word_1_236' title='bbox 515 2933 635 2992; x_wconf 88' lang='lat' dir='ltr'>mulieri</span> <span class='ocrx_word' id='word_1_237' title='bbox 656 2934 884 3017; x_wconf 87' lang='lat' dir='ltr'>porrigentem,</span> <span class='ocrx_word' id='word_1_238' title='bbox 908 2931 946 2991; x_wconf 91' lang='lat' dir='ltr'>ad</span> <span class='ocrx_word' id='word_1_239' title='bbox 969 2933 1060 3017; x_wconf 81' lang='lat' dir='ltr'>cujus</span> <span class='ocrx_word' id='word_1_240' title='bbox 1101 2905 1248 2992; x_wconf 54' lang='lat' dir='ltr'>e-lmit·²43</span> 
     </span>
     <span class='ocr_line' id='line_1_32' title="bbox 62 2952 1135 3100; baseline 0 -24"><span class='ocrx_word' id='word_1_241' title='bbox 62 3016 116 3076; x_wconf 90' lang='lat' dir='ltr'>des</span> <span class='ocrx_word' id='word_1_242' title='bbox 140 3019 171 3074; x_wconf 92' lang='lat' dir='ltr'>in</span> <span class='ocrx_word' id='word_1_243' title='bbox 195 3018 261 3098; x_wconf 89' lang='lat' dir='ltr'>ipsa</span> <span class='ocrx_word' id='word_1_244' title='bbox 283 3014 349 3076; x_wconf 91' lang='lat' dir='ltr'>basi</span> <span class='ocrx_word' id='word_1_245' title='bbox 369 3020 562 3100; x_wconf 85' lang='lat' dir='ltr'>peregrinam</span> <span class='ocrx_word' id='word_1_246' title='bbox 597 3016 750 3099; x_wconf 89' lang='lat' dir='ltr'>quandam</span> <span class='ocrx_word' id='word_1_247' title='bbox 777 3030 808 3078; x_wconf 90' lang='lat' dir='ltr'>et</span> <span class='ocrx_word' id='word_1_248' title='bbox 824 3019 999 3078; x_wconf 82' lang='lat' dir='ltr'>inusitatam</span> <span class='ocrx_word' id='word_1_249' title='bbox 1018 2952 1135 3079; x_wconf 73' lang='lat' dir='ltr'>herbae</span> 
     </span>
     <span class='ocr_line' id='line_1_33' title="bbox 59 3090 1291 3183; baseline 0.001 -23"><span class='ocrx_word' id='word_1_250' title='bbox 59 3102 191 3183; x_wconf 86' lang='lat' dir='ltr'>speciem</span> <span class='ocrx_word' id='word_1_251' title='bbox 216 3090 334 3163; x_wconf 81' lang='lat' dir='ltr'>enasci:</span> <span class='ocrx_word' id='word_1_252' title='bbox 369 3120 460 3182; x_wconf 88' lang='lat' dir='ltr'>quum</span> <span class='ocrx_word' id='word_1_253' title='bbox 487 3102 633 3182; x_wconf 90' lang='lat' dir='ltr'>quidem,</span> <span class='ocrx_word' id='word_1_254' title='bbox 667 3101 721 3161; x_wconf 90' lang='lat' dir='ltr'>ubi</span> <span class='ocrx_word' id='word_1_255' title='bbox 744 3101 782 3162; x_wconf 88' lang='lat' dir='ltr'>ad</span> <span class='ocrx_word' id='word_1_256' title='bbox 806 3103 890 3162; x_wconf 88' lang='lat' dir='ltr'>aenei</span> <span class='ocrx_word' id='word_1_257' title='bbox 912 3104 1039 3161; x_wconf 85' lang='lat' dir='ltr'>vestitus</span> <span class='ocrx_word' id='word_1_258' title='bbox 1063 3098 1291 3161; x_wconf 71' lang='lat' dir='ltr'>sim-uinearum.</span> 
     </span>
     <span class='ocr_line' id='line_1_34' title="bbox 59 3173 1287 3270; baseline -0.002 -25"><span class='ocrx_word' id='word_1_259' title='bbox 59 3184 162 3245; x_wconf 88' lang='lat' dir='ltr'>briam</span> <span class='ocrx_word' id='word_1_260' title='bbox 194 3185 382 3256; x_wconf 81' lang='lat' dir='ltr'>excreverit,</span> <span class='ocrx_word' id='word_1_261' title='bbox 419 3184 536 3246; x_wconf 87' lang='lat' dir='ltr'>morbis</span> <span class='ocrx_word' id='word_1_262' title='bbox 557 3189 708 3268; x_wconf 85' lang='lat' dir='ltr'>cujusque</span> <span class='ocrx_word' id='word_1_263' title='bbox 740 3189 858 3270; x_wconf 91' lang='lat' dir='ltr'>generis</span> <span class='ocrx_word' id='word_1_264' title='bbox 879 3173 1051 3245; x_wconf 67' lang='lat' dir='ltr'>medidandi</span> <span class='ocrx_word' id='word_1_265' title='bbox 1073 3187 1135 3244; x_wconf 86' lang='lat' dir='ltr'>vim</span> <span class='ocrx_word' id='word_1_266' title='bbox 1169 3202 1287 3263; x_wconf 56' lang='lat' dir='ltr'>unapars,</span> 
     </span>
     <span class='ocr_line' id='line_1_35' title="bbox 60 3258 1297 3353; baseline -0.001 -24"><span class='ocrx_word' id='word_1_267' title='bbox 60 3280 92 3329; x_wconf 91' lang='lat' dir='ltr'>et</span> <span class='ocrx_word' id='word_1_268' title='bbox 115 3267 293 3328; x_wconf 83' lang='lat' dir='ltr'>facultatem</span> <span class='ocrx_word' id='word_1_269' title='bbox 329 3268 453 3329; x_wconf 85' lang='lat' dir='ltr'>babere.</span> <span class='ocrx_word' id='word_1_270' title='bbox 492 3258 592 3329; x_wconf 76' lang='lat' dir='ltr'>’Hauc</span> <span class='ocrx_word' id='word_1_271' title='bbox 621 3283 773 3348; x_wconf 86' lang='lat' dir='ltr'>statuam,</span> <span class='ocrx_word' id='word_1_272' title='bbox 807 3270 937 3353; x_wconf 83' lang='lat' dir='ltr'>effigiem</span> <span class='ocrx_word' id='word_1_273' title='bbox 966 3270 1064 3330; x_wconf 84' lang='lat' dir='ltr'><strong>JESU</strong></span> <span class='ocrx_word' id='word_1_274' title='bbox 1084 3265 1195 3342; x_wconf 57' lang='grc' dir='ltr'>«ει-ζ’</span> <span class='ocrx_word' id='word_1_275' title='bbox 1217 3265 1297 3343; x_wconf 63' lang='grc' dir='ltr'>’ζζζζ</span> 
     </span>
     <span class='ocr_line' id='line_1_36' title="bbox 59 3352 1327 3439; baseline 0 -27"><span class='ocrx_word' id='word_1_276' title='bbox 59 3355 196 3439; x_wconf 88' lang='lat' dir='ltr'>primerc</span> <span class='ocrx_word' id='word_1_277' title='bbox 218 3352 342 3413; x_wconf 73' lang='lat' dir='ltr'>dicante</span> <span class='ocrx_word' id='word_1_278' title='bbox 366 3374 458 3435; x_wconf 85' lang='lat' dir='ltr'>quam</span> <span class='ocrx_word' id='word_1_279' title='bbox 480 3353 518 3414; x_wconf 89' lang='lat' dir='ltr'>ad</span> <span class='ocrx_word' id='word_1_280' title='bbox 536 3366 673 3415; x_wconf 89' lang='lat' dir='ltr'>nostram</span> <span class='ocrx_word' id='word_1_281' title='bbox 694 3376 791 3437; x_wconf 89' lang='lat' dir='ltr'>usque</span> <span class='ocrx_word' id='word_1_282' title='bbox 812 3367 940 3415; x_wconf 91' lang='lat' dir='ltr'>aetatem</span> <span class='ocrx_word' id='word_1_283' title='bbox 953 3368 1133 3432; x_wconf 87' lang='lat' dir='ltr'>manentem,</span> <span class='ocrx_word' id='word_1_284' title='bbox 1145 3353 1272 3406; x_wconf 50' lang='grc' dir='ltr'>ΝΜ</span> <span class='ocrx_word' id='word_1_285' title='bbox 1303 3357 1327 3432; x_wconf 67' lang='lat'>&#39;,</span> 
     </span>
     <span class='ocr_line' id='line_1_37' title="bbox 59 3437 1310 3521; baseline -0.002 -23"><span class='ocrx_word' id='word_1_286' title='bbox 59 3440 121 3521; x_wconf 91' lang='lat' dir='ltr'>ipsi</span> <span class='ocrx_word' id='word_1_287' title='bbox 144 3437 269 3497; x_wconf 86' lang='lat' dir='ltr'>adeam</span> <span class='ocrx_word' id='word_1_288' title='bbox 305 3440 457 3498; x_wconf 77' lang='lat' dir='ltr'>civitatem</span> <span class='ocrx_word' id='word_1_289' title='bbox 479 3438 636 3521; x_wconf 87' lang='lat' dir='ltr'>profecti,</span> <span class='ocrx_word' id='word_1_290' title='bbox 674 3440 773 3500; x_wconf 88' lang='lat' dir='ltr'>oculis</span> <span class='ocrx_word' id='word_1_291' title='bbox 807 3439 1016 3507; x_wconf 84' lang='lat' dir='ltr'>cernebamus.</span> <span class='ocrx_word' id='word_1_292' title='bbox 1069 3437 1310 3521; x_wconf 57' lang='lat' dir='ltr'>decumana..</span> 
     </span>
     <span class='ocr_line' id='line_1_38' title="bbox 56 3511 1297 3609; baseline 0.002 -29"><span class='ocrx_word' id='word_1_293' title='bbox 56 3522 150 3607; x_wconf 88' lang='lat' dir='ltr'>plane</span> <span class='ocrx_word' id='word_1_294' title='bbox 173 3523 303 3596; x_wconf 90' lang='lat' dir='ltr'>mirum,</span> <span class='ocrx_word' id='word_1_295' title='bbox 325 3543 395 3598; x_wconf 90' lang='lat' dir='ltr'>eos,</span> <span class='ocrx_word' id='word_1_296' title='bbox 421 3543 476 3605; x_wconf 87' lang='lat' dir='ltr'>qur</span> <span class='ocrx_word' id='word_1_297' title='bbox 499 3532 533 3582; x_wconf 76' lang='lat' dir='ltr'>ea</span> <span class='ocrx_word' id='word_1_298' title='bbox 555 3522 722 3606; x_wconf 91' lang='lat' dir='ltr'>gentilibus</span> <span class='ocrx_word' id='word_1_299' title='bbox 743 3525 905 3609; x_wconf 86' lang='lat' dir='ltr'>prognati,</span> <span class='ocrx_word' id='word_1_300' title='bbox 927 3545 944 3584; x_wconf 87' lang='lat' dir='ltr'>a</span> <span class='ocrx_word' id='word_1_301' title='bbox 964 3535 1132 3598; x_wconf 80' lang='lat' dir='ltr'>servatore,</span> <span class='ocrx_word' id='word_1_302' title='bbox 1143 3517 1174 3550; x_wconf 73' lang='lat'>⁸¹¹</span> <span class='ocrx_word' id='word_1_303' title='bbox 1186 3517 1209 3551; x_wconf 67' lang='lat'>⁸²</span> <span class='ocrx_word' id='word_1_304' title='bbox 1224 3511 1297 3552; x_wconf 54' lang='lat'>‘¹⁸¹¹‘</span> 
     </span>
     <span class='ocr_line' id='line_1_39' title="bbox 60 3606 1134 3687; baseline -0.002 -20"><span class='ocrx_word' id='word_1_305' title='bbox 60 3606 133 3671; x_wconf 88' lang='lat' dir='ltr'>dum</span> <span class='ocrx_word' id='word_1_306' title='bbox 157 3608 236 3667; x_wconf 92' lang='lat' dir='ltr'>iuter</span> <span class='ocrx_word' id='word_1_307' title='bbox 258 3606 397 3668; x_wconf 85' lang='lat' dir='ltr'>homiues</span> <span class='ocrx_word' id='word_1_308' title='bbox 420 3606 561 3687; x_wconf 75' lang='lat' dir='ltr'>vivebat,</span> <span class='ocrx_word' id='word_1_309' title='bbox 593 3606 751 3668; x_wconf 85' lang='lat' dir='ltr'>beneficiis</span> <span class='ocrx_word' id='word_1_310' title='bbox 780 3608 879 3668; x_wconf 82' lang='lat' dir='ltr'>affecti</span> <span class='ocrx_word' id='word_1_311' title='bbox 902 3608 1052 3684; x_wconf 86' lang='lat' dir='ltr'>fuissent,</span> <span class='ocrx_word' id='word_1_312' title='bbox 1076 3610 1134 3666; x_wconf 90' lang='lat' dir='ltr'>ista</span> 
     </span>
     <span class='ocr_line' id='line_1_40' title="bbox 60 3690 1134 3775; baseline 0 -25"><span class='ocrx_word' id='word_1_313' title='bbox 60 3690 212 3766; x_wconf 81' lang='lat' dir='ltr'>effecisse,</span> <span class='ocrx_word' id='word_1_314' title='bbox 236 3712 303 3750; x_wconf 92' lang='lat' dir='ltr'>cum</span> <span class='ocrx_word' id='word_1_315' title='bbox 326 3703 356 3751; x_wconf 88' lang='lat' dir='ltr'>et</span> <span class='ocrx_word' id='word_1_316' title='bbox 378 3713 435 3752; x_wconf 86' lang='lat' dir='ltr'>uos</span> <span class='ocrx_word' id='word_1_317' title='bbox 456 3692 545 3752; x_wconf 88' lang='lat' dir='ltr'>Petri</span> <span class='ocrx_word' id='word_1_318' title='bbox 568 3706 598 3753; x_wconf 91' lang='lat' dir='ltr'>et</span> <span class='ocrx_word' id='word_1_319' title='bbox 619 3692 709 3755; x_wconf 76' lang='lat' dir='ltr'>Paua</span> <span class='ocrx_word' id='word_1_320' title='bbox 732 3691 969 3775; x_wconf 85' lang='lat' dir='ltr'>Apostolorum,</span> <span class='ocrx_word' id='word_1_321' title='bbox 993 3704 1023 3750; x_wconf 90' lang='lat' dir='ltr'>et</span> <span class='ocrx_word' id='word_1_322' title='bbox 1041 3691 1134 3751; x_wconf 89' lang='lat' dir='ltr'>Chri-</span> 
     </span>
     <span class='ocr_line' id='line_1_41' title="bbox 60 3777 1134 3860; baseline 0 -25"><span class='ocrx_word' id='word_1_323' title='bbox 60 3777 99 3835; x_wconf 83' lang='lat' dir='ltr'>sti</span> <span class='ocrx_word' id='word_1_324' title='bbox 126 3779 216 3835; x_wconf 88' lang='lat' dir='ltr'>etiam</span> <span class='ocrx_word' id='word_1_325' title='bbox 234 3777 350 3858; x_wconf 88' lang='lat' dir='ltr'>ipsius,</span> <span class='ocrx_word' id='word_1_326' title='bbox 373 3778 517 3860; x_wconf 86' lang='lat' dir='ltr'>imagines</span> <span class='ocrx_word' id='word_1_327' title='bbox 537 3779 569 3838; x_wconf 91' lang='lat' dir='ltr'>in</span> <span class='ocrx_word' id='word_1_328' title='bbox 592 3779 722 3859; x_wconf 87' lang='lat' dir='ltr'>picturis</span> <span class='ocrx_word' id='word_1_329' title='bbox 748 3777 891 3838; x_wconf 88' lang='lat' dir='ltr'>colorum</span> <span class='ocrx_word' id='word_1_330' title='bbox 916 3778 1062 3836; x_wconf 76' lang='lat' dir='ltr'>varietate</span> <span class='ocrx_word' id='word_1_331' title='bbox 1084 3797 1134 3836; x_wconf 84' lang='lat' dir='ltr'>er·</span> 
     </span>
     <span class='ocr_line' id='line_1_42' title="bbox 59 3863 682 3943; baseline 0.005 -26"><span class='ocrx_word' id='word_1_332' title='bbox 59 3878 194 3941; x_wconf 85' lang='lat' dir='ltr'>pressas,</span> <span class='ocrx_word' id='word_1_333' title='bbox 228 3874 483 3943; x_wconf 85' lang='lat' dir='ltr'>conservatasque</span> <span class='ocrx_word' id='word_1_334' title='bbox 506 3863 682 3943; x_wconf 81' lang='lat' dir='ltr'>aspeximus.</span> 
     </span>
    </p>

    <p class='ocr_par' dir='ltr' id='par_1_7' title="bbox 57 3943 1314 4281">
     <span class='ocr_line' id='line_1_43' title="bbox 145 3943 1134 4033; baseline -0.006 -23"><span class='ocrx_word' id='word_1_335' title='bbox 145 3957 194 4010; x_wconf 84' lang='lat'>11·</span> <span class='ocrx_word' id='word_1_336' title='bbox 237 3943 488 4007; x_wconf 87' lang='lat' dir='ltr'><strong>SOZOMENUS</strong></span> <span class='ocrx_word' id='word_1_337' title='bbox 522 3944 593 4006; x_wconf 80' lang='lat' dir='ltr'>hist.</span> <span class='ocrx_word' id='word_1_338' title='bbox 617 3946 701 4005; x_wconf 90' lang='lat' dir='ltr'>Eccl.</span> <span class='ocrx_word' id='word_1_339' title='bbox 725 3946 758 4004; x_wconf 88' lang='lat' dir='ltr'>L.</span> <span class='ocrx_word' id='word_1_340' title='bbox 788 3945 826 4006; x_wconf 81' lang='lat' dir='ltr'>V.</span> <span class='ocrx_word' id='word_1_341' title='bbox 850 3966 914 4026; x_wconf 83' lang='lat' dir='ltr'>cap·</span> <span class='ocrx_word' id='word_1_342' title='bbox 942 3959 1012 4012; x_wconf 53' lang='grc' dir='ltr'>θαι</span> <span class='ocrx_word' id='word_1_343' title='bbox 1048 3943 1134 4033; x_wconf 73' lang='lat' dir='ltr'>illud</span> 
     </span>
     <span class='ocr_line' id='line_1_44' title="bbox 62 4026 1131 4113; baseline 0.003 -29"><span class='ocrx_word' id='word_1_344' title='bbox 62 4043 161 4107; x_wconf 90' lang='lat' dir='ltr'>porro</span> <span class='ocrx_word' id='word_1_345' title='bbox 185 4026 345 4091; x_wconf 87' lang='lat' dir='ltr'>dicetura</span> <span class='ocrx_word' id='word_1_346' title='bbox 370 4052 435 4104; x_wconf 89' lang='lat' dir='ltr'>me,</span> <span class='ocrx_word' id='word_1_347' title='bbox 459 4030 546 4109; x_wconf 89' lang='lat' dir='ltr'>quod</span> <span class='ocrx_word' id='word_1_348' title='bbox 569 4031 658 4090; x_wconf 90' lang='lat' dir='ltr'>ctiaui</span> <span class='ocrx_word' id='word_1_349' title='bbox 680 4042 826 4113; x_wconf 83' lang='lat' dir='ltr'>regnante</span> <span class='ocrx_word' id='word_1_350' title='bbox 846 4029 970 4089; x_wconf 87' lang='lat' dir='ltr'>Juliano</span> <span class='ocrx_word' id='word_1_351' title='bbox 997 4029 1131 4091; x_wconf 86' lang='lat' dir='ltr'>accidit:</span> 
     </span>
     <span class='ocr_line' id='line_1_45' title="bbox 62 4109 1313 4197; baseline 0.006 -28"><span class='ocrx_word' id='word_1_352' title='bbox 62 4109 149 4187; x_wconf 83' lang='lat' dir='ltr'>quod</span> <span class='ocrx_word' id='word_1_353' title='bbox 178 4113 328 4194; x_wconf 86' lang='lat' dir='ltr'>quidem,</span> <span class='ocrx_word' id='word_1_354' title='bbox 363 4126 401 4174; x_wconf 91' lang='lat' dir='ltr'>ut</span> <span class='ocrx_word' id='word_1_355' title='bbox 434 4114 596 4174; x_wconf 83' lang='lat' dir='ltr'>CHRISTI</span> <span class='ocrx_word' id='word_1_356' title='bbox 616 4118 787 4196; x_wconf 89' lang='lat' dir='ltr'>potentiam</span> <span class='ocrx_word' id='word_1_357' title='bbox 809 4113 899 4197; x_wconf 85' lang='lat' dir='ltr'>plane</span> <span class='ocrx_word' id='word_1_358' title='bbox 920 4114 1053 4189; x_wconf 89' lang='lat' dir='ltr'>iudicat,</span> <span class='ocrx_word' id='word_1_359' title='bbox 1089 4116 1313 4186; x_wconf 62' lang='lat' dir='ltr'>itanu-...apa-</span> 
     </span>
     <span class='ocr_line' id='line_1_46' title="bbox 57 4188 1314 4281; baseline 0.005 -30"><span class='ocrx_word' id='word_1_360' title='bbox 57 4194 136 4251; x_wconf 88' lang='lat' dir='ltr'>iram</span> <span class='ocrx_word' id='word_1_361' title='bbox 171 4188 304 4257; x_wconf 82' lang='lat' dir='ltr'>divinam</span> <span class='ocrx_word' id='word_1_362' title='bbox 349 4196 494 4258; x_wconf 86' lang='lat' dir='ltr'>adversus</span> <span class='ocrx_word' id='word_1_363' title='bbox 537 4200 755 4281; x_wconf 89' lang='lat' dir='ltr'>imperatorem</span> <span class='ocrx_word' id='word_1_364' title='bbox 786 4220 941 4259; x_wconf 85' lang='lat' dir='ltr'>accensam</span> <span class='ocrx_word' id='word_1_365' title='bbox 973 4189 1314 4274; x_wconf 57' lang='lat' dir='ltr'>evidenterfffi&#39;fflssffi</span> 
     </span>
    </p>
   </div>
   <div class='ocr_carea' id='block_1_7' title="bbox 60 4277 1281 4365">
    <p class='ocr_par' dir='ltr' id='par_1_8' title="bbox 60 4277 1281 4365">
     <span class='ocr_line' id='line_1_47' title="bbox 60 4277 1281 4365; baseline 0.003 -28"><span class='ocrx_word' id='word_1_366' title='bbox 60 4277 207 4342; x_wconf 79' lang='lat' dir='ltr'>ostendit</span> <span class='ocrx_word' id='word_1_367' title='bbox 254 4281 329 4342; x_wconf 90' lang='lat' dir='ltr'>Cum</span> <span class='ocrx_word' id='word_1_368' title='bbox 351 4283 593 4365; x_wconf 68' lang='lat' dir='ltr'>certiorsactus</span> <span class='ocrx_word' id='word_1_369' title='bbox 610 4296 689 4344; x_wconf 87' lang='lat' dir='ltr'>esset</span> <span class='ocrx_word' id='word_1_370' title='bbox 714 4284 876 4349; x_wconf 68' lang='lat' dir='ltr'>Caesarem</span> <span class='ocrx_word' id='word_1_371' title='bbox 901 4281 1042 4365; x_wconf 89' lang='lat' dir='ltr'>Philippi</span> <span class='ocrx_word' id='word_1_372' title='bbox 1068 4280 1281 4363; x_wconf 63' lang='lat' dir='ltr'>(cst‘¹⁰¹¹¹¹b”¹‘·</span> 
     </span>
    </p>
   </div>
   <div class='ocr_carea' id='block_1_8' title="bbox 0 0 1388 4762">
    <p class='ocr_par' dir='ltr' id='par_1_9' title="bbox 0 0 1388 4762">
     <span class='ocr_line' id='line_1_48' title="bbox 0 0 1388 4762; baseline 0 0"><span class='ocrx_word' id='word_1_373' title='bbox 0 0 1388 4762; x_wconf 95' lang='lat' dir='ltr'> </span> 
     </span>
    </p>
   </div>
  </div>
 </body>
</html>
