2768 4762
276 399 354 468 292
563 389 630 454 ne
666 388 925 458 cumpace
957 392 1023 458 ec
1123 345 1126 349 ἢ

103 583 284 654 pilstam
327 574 497 663 livificum
513 575 647 657 spirant
671 576 804 639 animae
823 577 968 650 aienius
984 582 1139 662 odorem,

95 649 180 686 ''¹¹¹''
354 683 395 727 uo
415 661 579 724 medicina
597 669 715 739 potens
741 663 843 722 datur
860 665 1079 728 exorantibus
1095 669 1217 752 aegris.

357 754 460 808 uanta
486 747 694 830 resurgentis
723 745 831 807 virtus
850 755 883 809 et
906 749 1015 831 gloria
1034 750 1167 834 cinget,
1245 769 1253 776 ·

317 829 509 914 Coniectare
526 832 617 906 licet,
648 830 857 919 cumgratia
882 839 976 894 tanta
998 836 1143 913 sepultas

316 916 472 994 Ambiat:
499 923 530 976 et
547 923 671 996 quanto
695 914 845 976 rediviva
866 915 985 978 decore
1005 919 1176 982 micabunt

316 1000 480 1077 Corpora,
521 998 557 1060 in
576 998 725 1060 obscuris
746 1015 819 1059 cum
842 997 886 1059 sit
906 1002 971 1060 lux
988 1003 1088 1064 'tanta
1103 1000 1265 1086 favillis?

320 1083 408 1168 Quid
436 1084 530 1145 nobis
552 1082 697 1145 minimis
721 1082 845 1143 horum
869 1093 1041 1160 praestare
1061 1108 1201 1164 coronae

319 1163 519 1256 Sufficiunt,
559 1187 701 1249 quorum
726 1175 758 1227 et
791 1166 915 1229 cineres
938 1170 1019 1231 ciant
1048 1176 1222 1237 commoda
1238 1178 1355 1246 aivis?

239 1274 241 1279 ’
318 1253 460 1315 Cernere
480 1270 586 1328 saepe
594 1249 692 1333 juvat
716 1251 819 1327 variis
839 1257 1028 1327 spectacula
1052 1250 1180 1337 formis

316 1339 412 1399 Mira
439 1339 664 1414 salutantum,
701 1341 734 1397 et
752 1334 816 1397 sibi
833 1355 982 1419 quaeque
1003 1345 1218 1407 accommoda
1240 1351 1328 1413 uatis

210 1458 248 1501 ,μ
316 1422 528 1491 Poscentum.
568 1420 679 1481 videas
706 1418 809 1480 etiam
837 1423 874 1480 a
905 1442 984 1482 rure
1005 1425 1138 1491 colonos

95 1558 120 1586 a
138 1509 252 1587 ἒῖἶῖἷῖ.
318 1508 395 1568 Νοη
425 1509 534 1568 solum
559 1504 686 1587 gremio
707 1522 772 1564 sua
799 1503 940 1587 pignora
957 1501 1057 1588 ferre
1079 1518 1241 1593 paterno,

112 1608 177 1637 ⁸¹⁸
206 1596 212 1635 ἰ
311 1591 382 1673 ,Sed
415 1609 536 1669 pecora
556 1608 658 1671 aegra
694 1607 796 1648 manu
820 1606 919 1673 saepe
941 1589 1152 1656 introducere
1170 1582 1303 1679 securis,

314 1676 361 1738 Et
390 1684 504 1737 sancto
524 1673 617 1755 quasi
640 1672 814 1748 conspicuo
838 1675 1000 1735 mandare
1028 1676 1187 1742 licenter:

316 1763 470 1842 Moxque
486 1760 600 1819 datam
622 1776 683 1817 sua
708 1755 848 1836 confisos
870 1758 914 1817 ad
940 1766 1018 1821 vota
1037 1764 1201 1828 medelam

273 1887 275 1891 ψ
314 1845 465 1926 Experto
484 1842 630 1925 gaudere
654 1839 747 1914 Deo,
779 1839 898 1926 etjam
920 1845 1054 1905 credere
1072 1865 1181 1927 sana,
1239 1862 1241 1869 '

312 1929 357 1989 Et
381 1947 460 1990 vere
485 1928 684 2004 plerumque
702 1923 793 1984 breui
815 1932 935 1987 sanata
953 1929 1015 1988 sub
1035 1929 1108 2006 ipsa

312 2013 465 2088 Limine,
492 2011 583 2071 laeta
603 2008 671 2069 suis
679 2005 837 2091 jumenta
851 2010 1011 2075 reducere
1030 2013 1132 2075 tectis.

352 2136 520 2198 RURSUM
546 2137 578 2196 in
607 2134 702 2197 natali
738 2148 871 2196 octavae

95 2300 217 2354 Mum
232 2301 262 2344 ,d
314 2267 562 2330 concurramus
585 2267 737 2329 adhunc
764 2285 825 2344 spe
848 2267 1060 2345 conspirante
1080 2276 1282 2354 patronum,

96 2358 199 2394 ‘mm
299 2352 483 2428 ·Suscipiat
512 2359 640 2413 nostras
659 2351 790 2429 placida
820 2353 944 2430 pietate
962 2353 1134 2434 querelas,

315 2436 360 2499 Et
380 2440 460 2499 (lum
475 2438 622 2499 natalem
639 2435 743 2513 ipsius
761 2436 967 2497 celebramus
988 2445 1135 2516 ouantes,

315 2522 380 2582 Ille
399 2540 513 2597 preces
535 2529 669 2582 nostras
688 2521 817 2582 meritis
836 2522 912 2598 pius
930 2522 1063 2583 adseret
1080 2523 1176 2602 altis,

200 2669 206 2680 ¹
305 2605 423 2687 Juque
443 2605 546 2667 vicem
558 2606 657 2691 flebit
674 2604 789 2681 nobis,
818 2606 894 2687 quia
918 2614 1027 2666 mente
1053 2607 1165 2671 dicata

93 2668 262 2775 imitabis*
318 2690 386 2752 Nos
406 2688 573 2751 laetamur
596 2689 635 2750 ei.
679 2709 744 2749 non
772 2699 821 2750 est
840 2709 921 2750 cura
946 2690 1026 2751 baec
1048 2711 1134 2752 nova
1157 2694 1301 2775 sanctis,

92 2771 262 2866 {¹:302322ffl
318 2775 468 2835 Exorare
497 2773 610 2834 Deum
642 2791 702 2850 pro
721 2769 944 2849 peccatoribus
963 2775 1092 2858 aegris,

323 2858 424 2940 Vique
442 2858 518 2919 boni
536 2857 646 2919 meriti
665 2856 823 2920 meritum
845 2875 1007 2934 superare
1025 2858 1210 2925 sinistrum.

355 2987 397 3047 Et
417 2987 511 3070 paulo
530 3000 623 3071 post:

90 3133 261 3191 avocasse-
315 3117 435 3183 Sancte
459 3117 531 3180 Deo
559 3118 691 3193 dilecte,
720 3115 786 3176 Dei
807 3121 845 3176 tu
872 3115 1014 3178 dextera
1039 3118 1154 3196 Felix,

89 3182 165 3223 ¹¹⁰⁰¹²
312 3202 395 3266 Esto
417 3222 534 3282 precor
562 3202 716 3263 nobistu
750 3198 973 3263 munitissima
997 3203 1111 3266 turris.

351 3330 543 3408 DENIQUE
564 3328 658 3390 natali
687 3322 790 3393 nono:

309 3461 401 3545 Ergo
425 3454 500 3524 tuos
518 3460 620 3522 etiarn
637 3459 734 3521 Felix
754 3459 897 3536 imploro
919 3467 1098 3536 parentes,

88 3531 256 3627 ,Jffl‘ssffif'ffi
310 3546 376 3607 Hic
398 3555 525 3627 quoque
539 3547 619 3605 ades
636 3544 717 3606 rnilu'
736 3564 840 3619 nunc,
863 3561 981 3620 poscas
998 3553 1030 3604 et
1045 3546 1161 3608 adesse
1180 3553 1336 3626 vocatos,

85 3631 214 3719 {tssgi‘ssffig
247 3688 256 3721 ι
344 3632 378 3693 ui
391 3633 498 3693 colitis
522 3631 625 3690 laetos
649 3626 805 3688 Paradisi
824 3628 961 3689 caelitus
990 3629 1126 3704 hortos,

85 3692 245 3780 „uinea”
306 3630 442 3862 §nique
473 3713 534 3774 sub
554 3713 685 3774 excelsa
710 3710 849 3773 Domini
869 3710 1072 3794 requiescitis
1095 3732 1174 3789 ara,

338 3799 450 3860 ulcher
477 3796 659 3875 Apostolici
686 3796 806 3857 chorus
830 3796 996 3878 agminis,
1020 3802 1051 3859 et
1074 3796 1318 3861 Patriarcbiim

308 3883 399 3945 Gens
417 3881 526 3958 prior,
550 3879 648 3955 ambo
670 3879 761 3941 chori
782 3898 976 3956 procerum,
999 3899 1081 3959 quos
1103 3881 1239 3964 agmine
1258 3883 1341 3946 bino

303 3967 371 4028 Per
389 3967 542 4027 duodena
559 3965 656 4025 'Deus
675 3963 821 4046 signavit
847 3964 986 4026 nomina
1010 3962 1140 4041 Patres,

304 4049 465 4112 Gentibus
488 4059 519 4118 et
533 4047 665 4125 populis
687 4050 829 4130 regnum
847 4049 891 4108 aci
909 4048 1050 4110 caeleste
1073 4049 1245 4114 vocandis.

309 4133 483 4195 Vocetium
504 4131 611 4194 sancti
625 4133 768 4208 supplex
787 4133 924 4209 deposco
959 4131 1171 4210 Prophetae,

299 4218 339 4277 In
357 4225 487 4292 nostra,
510 4216 567 4296 qui
586 4234 687 4277 carne
709 4214 822 4277 Deum
852 4209 936 4298 fore
953 4215 1211 4292 praecinuistis}

304 4301 364 4369 Vos
385 4320 515 4386 quoque
529 4297 723 4381 corporibus
740 4295 846 4365 cassu
863 4305 897 4366 et
919 4299 1086 4386 sanguine
1095 4295 1182 4388 fuss
