2768 4762
274 470 277 477 ¹
376 362 775 515 ausaausa.
816 436 860 489 ι.
1029 399 1110 471 aaa

105 572 194 637 tob.
215 568 327 634 xliia
358 570 393 634 Si
427 572 521 636 fuero
555 569 732 655 judicatus,
757 573 845 655 teia,
879 572 969 663 quod
999 578 1102 661 justae

11 685 172 749 inveniar.
1111 658 1122 671 ⁸
1197 668 1202 675 ⁸

109 793 197 851 Luc.
228 786 268 848 1.=
310 785 386 847 Fuit
423 784 456 846 in
498 782 610 847 diebus
638 782 794 866 Herodis,
844 790 926 875 regie
951 789 1097 871 Iudaeae,

10 898 167 961 sacerdos
187 892 312 977 quidam
333 894 457 953 nomine
487 891 670 969 Zacharias,
694 891 733 955 de
753 894 821 956 vioe
835 894 936 960 abia:
963 911 996 962 et
1016 921 1097 963 uxor

10 1007 106 1068 illius
132 1005 170 1065 dc
200 1000 323 1063 filiabus
344 1000 467 1076 Aaron,
497 1011 529 1060 et
548 1019 661 1060 nomen
678 999 760 1062 illius
783 1000 954 1067 Elisabeth.
996 1006 1096 1069 Erant

10 1086 123 1175 aulem
140 1111 217 1191 justi
239 1106 330 1168 ambo
353 1118 422 1165 ante
440 1108 557 1184 Deum,
589 1105 766 1169 incedentes
787 1109 820 1169 in
841 1108 987 1173 omuibus
1007 1133 1095 1175 utan-

10 1222 99 1283 datis
123 1230 154 1278 et
183 1211 459 1297 justificationibus
483 1213 610 1274 Domini
634 1215 701 1275 aine
726 1213 864 1297 quarela.

101 1348 155 1408 Et
176 1346 239 1406 IL:
272 1343 316 1404 Et
337 1363 407 1403 ecce
428 1342 525 1404 homo
547 1355 614 1404 erat
634 1343 667 1403 in
686 1341 876 1427 Jerusalem,
909 1351 960 1411 cui
981 1369 1094 1411 nomen

10 1452 163 1529 Simeon,
186 1465 217 1513 et
237 1450 332 1512 homo
354 1453 411 1510 iste
433 1451 536 1531 justus
563 1461 595 1510 et
613 1451 796 1533 timoratus,
817 1467 995 1541 exspectaus
1016 1477 1095 1519 con·

10 1564 203 1627 volationem
224 1559 344 1637 Israel,
361 1572 394 1622 et
415 1557 552 1640 Spiritus
571 1569 696 1620 sanem
715 1572 783 1623 erat
805 1561 839 1623 iu
853 1582 909 1641 Aeo.

102 1690 250 1752 Jacob.
273 1688 337 1751 II.=
370 1684 528 1748 Abraham
555 1697 645 1770 pater
673 1698 800 1768 noster,
832 1708 938 1753 noune
957 1706 994 1751 ex
1015 1709 1095 1775 ope·¹

10 1800 106 1861 ribus
135 1795 323 1877 justificatus
353 1807 418 1874 est,
450 1790 582 1855 oderem
616 1793 703 1859 Isaac
739 1793 840 1861 filium
871 1815 965 1861 auum
996 1816 1093 1884 anper

10 1904 141 1968 altare?
168 1917 225 1965 etc.
565 1974 568 1981 Ι
728 1982 732 1989 .

100 2008 242 2069 Psalm.
269 2006 431 2071 CXVIII..·
453 2006 543 2071 Viam
563 2004 781 2073 mandatorum
802 2022 930 2073 tuorum
951 2010 1090 2090 cucurri,

10 2138 84 2179 num
117 2115 250 2177 dilatasti
285 2134 342 2176 cor
368 2134 480 2178 meum.
535 2113 578 2178 Et
597 2114 770 2181 meditabar
791 2118 824 2179 in
842 2114 995 2189 mandatis
1015 2118 1090 2197 tuis,

10 2244 94 2307 quae
115 2223 214 2283 dilexi.
258 2222 301 2282 Et
322 2221 418 2282 levavi
439 2242 547 2285 manus
572 2243 652 2285 meas
674 2219 716 2284 ad
736 2220 880 2285 mandata
899 2236 976 2303 tua,
1008 2244 1089 2308 quae

10 2328 116 2389 dilexi.
162 2326 296 2410 Superbi
315 2329 422 2408 inique
443 2327 575 2410 agebant
598 2348 699 2411 usqua
723 2349 868 2412 quaque:
903 2330 1010 2415 alege
1030 2351 1089 2392 au.

10 2448 76 2499 tem
103 2449 157 2495 tua
178 2454 244 2492 non
266 2429 425 2490 declinavi.
467 2433 587 2495 Memor
606 2431 653 2493 fui
675 2446 770 2495 nocte
787 2435 920 2498 nominis
941 2438 1000 2513 tui,
1019 2436 1092 2498 Do·

10 2547 116 2617 mine,
146 2551 177 2599 et
204 2538 358 2598 custodivi
386 2536 483 2619 legem
514 2550 610 2604 tuam.
659 2537 732 2600 Non
762 2536 917 2623 dereliqui
947 2540 1091 2604 mandata

10 2662 80 2711 tna.
133 2624 183 2705 Ab
206 2646 289 2707 omni
323 2646 371 2706 via
393 2643 472 2705 mala
493 2643 646 2727 prohibui
667 2642 761 2729 pedes
782 2664 890 2723 meos,
923 2658 960 2708 nt
980 2660 1092 2717 causito·¹
1202 2650 1206 2655 ’

10 2754 97 2817 uliam
127 2753 223 2815 verba
255 2765 318 2814 tua.
368 2751 397 2813 A
427 2749 558 2834 judiciis
588 2752 650 2813 tuis
670 2770 736 2814 non
757 2748 925 2830 declinavi,
960 2754 1033 2837 quia
1054 2765 1093 2816 tu

10 2860 114 2945 legem
135 2834 266 2943 posuisti
286 2858 373 2921 mihi.
425 2856 604 2921 Posueruut
623 2871 804 2944 peccatores
831 2855 977 2942 laqueum
997 2859 1091 2923 mihi=

10 2980 46 3031 et
76 2967 115 3027 de
142 2967 292 3027 mandatis
325 2968 387 3028 tuis
425 2986 491 3028 non
512 2967 623 3028 erravi.
665 2966 798 3050 Iniquus
818 2964 895 3029 odio
915 2962 1030 3046 habui,
1059 2980 1093 3032 et

10 3072 113 3159 legem
141 3086 226 3133 tuam
258 3074 360 3134 dilexi.
412 3072 515 3134 Dilexi
547 3071 691 3136 mandata
726 3085 779 3136 tua
799 3094 895 3159 saper
914 3095 1026 3137 aurum
1059 3087 1092 3140 et

10 3183 173 3266 topazion.
215 3181 388 3263 Propterea
407 3178 448 3242 ad
468 3182 571 3242 omnia
589 3180 732 3242 mandata
750 3194 805 3242 tua
826 3181 1000 3266 dirigebam
1022 3203 1091 3244 om-

10 3272 86 3351 'uem
120 3289 198 3347 viam
229 3290 365 3371 iniquam
397 3286 472 3351 odio
494 3285 601 3349 habui.
644 3287 755 3367 Multi,
783 3289 837 3373 qui
858 3300 1090 3374 persequuntur

10 3414 84 3475 ae,
107 3407 139 3456 et
159 3393 312 3456 tribulant
331 3414 393 3456 me:
416 3414 434 3456 a
454 3395 639 3458 testimoniis
659 3396 723 3457 tuis
733 3412 799 3458 non
810 3394 972 3459 declinavi.
1007 3394 1091 3460 Vade

15 3505 164 3587 quoniam
196 3488 349 3565 mandata
371 3515 426 3565 tua
464 3502 566 3582 dilexi,
586 3502 731 3565 Domina.
781 3503 982 3587 Iniquitatem
1013 3501 1090 3567 odio

13 3606 135 3688 habui,
158 3623 190 3672 et
210 3611 405 3674 abominatus
425 3633 511 3674 suma
535 3612 632 3697 legem
653 3624 756 3674 autem
776 3623 861 3673 tuam
882 3608 984 3671 dilexi.
1026 3608 1093 3670 Cu-

10 3714 148 3799 ·atodivit
187 3722 286 3781 anima
322 3740 388 3781 mea
425 3721 600 3782 testimonia
626 3731 698 3798 tua,
733 3729 765 3779 et
796 3717 903 3779 dilexit
929 3738 966 3779 ea
998 3713 1094 3778 vehe-

17 3835 144 3883 menter.
189 3825 314 3888 Servavi
336 3826 478 3888 mandata
497 3838 553 3887 tua
577 3838 609 3887 et
621 3826 795 3889 testimonia
808 3837 878 3888 tuae
901 3826 1093 3909 quiaomnea

10 3929 86 4019 'viae
107 3951 189 3993 meae
208 3935 239 3993 in
262 3947 433 4019 conspeetu
452 3945 521 3996 tao.

10 4024 14 4031 ’
103 4036 249 4102 Psalm.
272 4041 407 4102 XVIII.:
441 4039 566 4103 iudicia
596 4039 725 4103 Domini
757 4061 847 4121 vera,
871 4036 1044 4125 justificata,
1061 4039 1095 4100 iu

10 4135 113 4206 'semet
135 4146 220 4229 ipsa:
253 4148 495 4215 Desiderabilia.
509 4169 605 4235 super
637 4168 746 4210 aarum
768 4163 799 4213 et
819 4148 952 4234 lapidem
973 4149 1096 4234 pretio-

13 4266 79 4317 tam
112 4254 261 4317 multum:
298 4266 329 4319 et
364 4255 508 4321 dulciora
542 4277 635 4344 super
666 4255 727 4320 mel
761 4270 793 4320 et
813 4255 923 4320 laxum.
973 4257 1101 4318 Etenim

849 4383 893 4444 ‘25
