2768 4762
281 410 352 479 100
664 403 732 466 DE
759 393 887 467 FIDE
920 402 982 467 ET
1087 434 1092 452 ·

273 574 410 653 tholicae
427 589 650 652 ¹communione
676 601 707 650 et
729 587 792 651 lide
814 605 1044 674 permanentes,
1076 595 1214 678 magistri
1236 597 1359 679 proba·

273 675 351 735 biles
386 677 584 741 exstiterunt:
626 685 656 735 et
686 674 840 756 quicquid
872 697 936 737 non
959 698 1039 738 unus
1060 691 1116 741 aut
1137 679 1201 739 duo
1223 691 1355 760 tantum,

212 807 223 819 .
273 759 328 821 sed
362 780 467 821 omnies
497 762 616 843 pariter
642 778 707 818 uno
736 759 907 842 eodemque
931 781 1099 840 consensu,
1133 776 1264 846 aperte,
1286 767 1355 830 ire-

274 856 426 927 quente'r„
447 838 697 927 perseveranter,
718 845 872 921 tenuisse,
894 846 1077 927 scripsisse,
1109 847 1258 909 docuisse
1272 870 1351 937 cog·

272 929 414 1072 norpritd,
446 927 479 987 id
508 927 569 989 srbi
591 946 719 1010 quoque
740 926 893 1013 intelligat
928 927 1046 1014 absque
1067 929 1136 993 ulla
1155 932 1354 998 dubitatione

276 1033 328 1073 cre
352 1033 388 1071 cn
412 1031 473 1073 um.

358 1110 388 1164 6.
433 1093 707 1158 HIERONYMUS
736 1099 770 1156 in
804 1095 920 1179 dialog.
943 1096 1012 1159 adr.
1035 1096 1190 1159 Luciliu:
1223 1099 1353 1164 Brevem

93 1177 127 1252 ‚i
142 1173 261 1250 ''indi‘'
274 1180 332 1240 tibr
354 1194 554 1263 apertamque
573 1182 669 1241 'animi
691 1182 750 1240 mci
771 1184 953 1242 sententiam
974 1183 1149 1265 proferam
1173 1186 1205 1243 in
1226 1184 1281 1247 illa
1301 1208 1354 1248 es·

275 1286 306 1325 se
328 1264 467 1326 Ecclesia
486 1264 747 1348 permanendum,
784 1285 863 1347 quae
885 1264 925 1325 ab
947 1263 1109 1348 Apostolis
1131 1267 1278 1349 fundata,
1300 1293 1352 1331 ns-

275 1371 336 1431 que
356 1349 395 1409 ad
418 1350 500 1410 diem
530 1349 610 1408 hanc
636 1349 737 1409 durat.
780 1348 889 1412 Sicubi
911 1350 1045 1412 audieris
1067 1372 1138 1429 eos,
1161 1355 1217 1433 qui
1240 1354 1352 1415 dicun-

273 1448 328 1494 tur
350 1433 528 1510 CHRISTI,
550 1454 614 1494 non
635 1454 654 1492 a
674 1434 812 1494 Domino
832 1433 931 1494 lusu
953 1435 1148 1512 CHRISTO,
1171 1437 1350 1521 sedaquo·

122 1530 263 1574 introrsus
275 1534 366 1600 quam
388 1518 450 1578 nlio
470 1520 669 1600 nuncupari,
703 1530 740 1578 ut
760 1529 838 1599 puta
857 1519 1079 1595 Marcionitas,
1102 1519 1348 1601 Valentinianos,

98 1592 220 1663 ''m''
274 1604 450 1675 Montenscs
484 1606 546 1663 sire
568 1602 737 1685 Campitas:
774 1604 853 1663 scito
887 1623 950 1663 non
983 1601 1152 1664 Ecclesiam
1174 1605 1349 1686 CHRISTI,

273 1680 328 1747 sed
348 1686 534 1748 Antichristi
558 1708 623 1747 esse
643 1707 838 1769 synagogam.
881 1686 928 1746 Ex
950 1685 1013 1747 boc
1035 1689 1115 1748 enirn
1137 1691 1226 1772 ipso,
1261 1693 1349 1773 quod

119 1854 144 1896 r·
189 1861 234 1900 Η
272 1784 381 1914 postea
396 1773 550 1914 ¹instituti
581 1783 761 1868 suut,·eos
791 1790 825 1832 se
846 1792 910 1849 esse
933 1771 1088 1851 iudicant,
1121 1794 1200 1856 quos
1221 1774 1346 1838 futuros

94 1864 111 1898 ¹⁴
138 1867 178 1896 ⁸¹¹·
201 1880 210 1903 ν
234 1877 243 1894 ·
344 1868 394 1917 sto
408 1876 444 1915 us
501 1868 721 1914 racnuncrnvrt.

300 1876 383 2008 pot.
427 1876 540 1999 BEle
559 1941 593 1997 in
615 1949 695 1997 carrt.
717 1937 791 1999 VL:
813 1938 901 2009 Sicut
920 1959 1002 2001 nnus
1023 1941 1195 2020 Dominus,
1219 1965 1285 2007 ma
1305 1942 1347 2006 fi·

100 2026 259 2103 ,Cfflwliffl
274 2024 348 2101 des,
377 2041 475 2083 unum
507 2022 716 2104 baptismum,
753 2042 833 2082 unus
853 2024 939 2083 Deus
965 2037 996 2084 et
1017 2039 1105 2108 pater
1127 2030 1280 2106 omnium,
1303 2033 1348 2090 ita

93 2088 262 2167 iidifii‘ilil,
274 2122 319 2169 cst
341 2128 404 2168 nna
424 2105 586 2168 Catholica
607 2104 778 2166 electorum
799 2110 937 2167 omnium
958 2108 1144 2186 multitudo,
1165 2133 1223 2195 per
1243 2116 1348 2174 omnia

72 2181 433 2338 ,fiiflfpiss'ssiffi'ssmetubmundi
455 2190 526 2252 loca
546 2203 586 2252 et·
598 2204 740 2274 tempora
761 2190 898 2287 sacculi,
921 2192 1021 2254 cidem
1042 2200 1101 2256 uni-
1118 2196 1188 2259 Deo
1213 2209 1244 2258 et
1262 2198 1348 2282 patri

110 2282 139 2313 sos
150 2284 185 2312 ur.
276 2301 290 2338 s
341 2279 429 2337 'ecta'

336 2301 388 2430 J1.
412 2360 453 2423 E.
496 2358 758 2421 AUGUSTINUS
792 2370 883 2423 tract.
914 2374 965 2429 Μ.
989 2363 1022 2423 in
1043 2364 1175 2425 loanni
1202 2362 1346 2441 ¹Ecclesia

271 2459 317 2507 est
337 2465 454 2528 corpus
475 2443 659 2521 CHRISTI,
693 2446 726 2504 iu
747 2436 810 2505 boe
831 2466 968 2529 corpore
989 2448 1162 2511 membrum
1182 2468 1235 2509 es:
1275 2470 1347 2510 curu

269 2551 345 2615 ergo
369 2527 540 2590 membrum
561 2529 605 2589 sis
625 2530 696 2610 ejus
718 2531 885 2611 corporis,
926 2531 1015 2612 quod
1038 2531 1181 2618 loquitur
1203 2533 1348 2595 omnibus

266 2614 405 2700 linguis,
445 2613 556 2690 credo,
594 2625 626 2674 te
649 2614 739 2695 loqui
762 2613 906 2674 omnibus
946 2614 1069 2700 linguis.
1130 2619 1238 2680 Unitas
1266 2621 1348 2680 enim

268 2700 481 2759 membrorum
513 2698 642 2757 caritate
676 2697 869 2773 concordat,
899 2712 931 2759 et
962 2702 1030 2782 ipsa
1064 2704 1165 2763 unitas
1189 2700 1347 2784 loquitur,

89 2791 109 2868 2·
121 2779 175 2822 00'·
185 2788 217 2828 ¹²·
236 2787 258 2825 θ·
269 2783 432 2866 quomodo
455 2794 530 2843 tunc
551 2800 631 2841 unus
652 2780 749 2842 homo
771 2780 971 2863 loquebatur.
1027 2785 1128 2846 Datus
1149 2798 1195 2846 est
1215 2789 1347 2869 spiritus

105 2842 126 2883 ἰ’
268 2869 309 2931 ad
342 2867 639 2927 manifestationem
678 2867 753 2947 quia
782 2865 834 2925 alii
866 2866 960 2927 datur
993 2889 1052 2952 per
1079 2871 1223 2952 spiritum
1244 2892 1348 2931 serino

174 2974 177 2979 ’
268 2954 436 3035 sapientiae
461 2963 538 3018 etc.;
565 2950 620 3011 sed
641 2962 678 3010 tu
700 2950 833 3010 forsitan
855 2971 965 3010 eorum
987 2954 1148 3029 omnium,
1171 2973 1249 3035 quae
1271 2955 1348 3031 dixi,

269 3036 348 3105 nihil
379 3034 483 3095 habes.
527 3034 681 3110 stamas,
718 3032 883 3094 nonnihil
910 3033 1027 3098 habeas
1048 3039 1076 3098 si
1100 3039 1180 3097 enim
1202 3056 1283 3097 amns
1307 3061 1349 3099 u-

270 3124 412 3194 nitatem,
440 3120 531 3181 etiam
568 3119 628 3179 tibi
659 3116 774 3193 habet,
799 3120 941 3201 quisquis
966 3123 999 3181 in
1018 3119 1074 3182 illa
1095 3120 1190 3183 habet
1213 3121 1346 3203 aliquid.

132 3240 152 3272 ι,
234 3215 240 3224 “
269 3205 360 3266 Tolle
392 3204 563 3280 invidiam,
602 3216 633 3264 et
654 3215 743 3265 tuum
765 3215 830 3281 cst,
865 3205 954 3285 quod
976 3204 1101 3268 habeo:
1136 3205 1245 3267 tollam
1266 3209 1348 3266 invi-

109 3277 373 3369 ¹·i¹¹¹'f¹”i⁰'³¹‹liam,
412 3302 444 3350 ct
469 3309 571 3347 meum
602 3298 664 3364 cst,
697 3287 787 3369 quod
821 3286 931 3348 babes:
964 3289 1046 3351 livor
1067 3303 1208 3374 separat,
1233 3293 1346 3351 caritas

90 3375 244 3453 ζ“;“,ζ“’ξ,“ζ““
270 3377 375 3459 jungit
400 3434 403 3439 ,
427 3372 547 3434 Oculus
581 3372 667 3432 solus
687 3372 826 3433 videtin
849 3392 1005 3455 corpore,
1027 3376 1083 3436 scd
1108 3375 1262 3458 numquid
1283 3374 1343 3435 soli

271 3460 330 3520 sibi
366 3457 475 3519 oculus
497 3455 604 3516 videti
646 3456 689 3516 Iit
708 3459 813 3516 manui
835 3456 934 3534 videt,
967 3471 1000 3519 et
1020 3461 1093 3541 pedi
1118 3460 1220 3538 videt,
1240 3470 1271 3521 et
1291 3479 1345 3517 cc-

270 3544 344 3603 tcris
378 3541 522 3601 membris
551 3540 652 3599 videta
687 3561 752 3600 non
785 3542 867 3599 enim
898 3539 1059 3624 sialiquis
1081 3546 1161 3604 ictus
1183 3548 1214 3604 in
1235 3538 1345 3626 pedem

269 3629 394 3703 veniat,
416 3628 527 3685 avertit
548 3645 580 3683 sc
602 3623 712 3684 oculus
735 3623 823 3701 inde,
852 3637 973 3685 utnon
996 3636 1177 3708 praccavcat
1198 3640 1259 3689 etc.

353 3725 383 3777 2.
426 3706 625 3768 EUSEBIUS
648 3709 769 3768 Cacsar.
792 3705 865 3768 bist.
887 3708 973 3771 Eccl.
995 3710 1065 3771 Lib.
1088 3709 1159 3772 V11.
1183 3734 1251 3795 cap.
1276 3724 1345 3781 19st

264 3797 326 3857 Ubi
348 3796 411 3879 agit
432 3793 471 3853 de
492 3792 613 3875 Nepote
639 3792 799 3876 Episcopo
823 3804 853 3852 ct
873 3794 947 3875 ejus
968 3794 1151 3873 schismate,
1187 3797 1285 3857 refert
1309 3815 1348 3857 cx

264 3881 419 3954 Dionysio
434 3876 664 3953 Alexandrino,
687 3875 947 3961 quemadmodum
969 3876 1022 3939 ille
1043 3878 1250 3955 Presbyteros
1269 3878 1349 3941 bac-

266 3969 328 4025 rcsi
351 3961 568 4022 Clriliastarum
592 3962 724 4022 iniectos
748 3963 932 4022 instituerit:
968 3983 1085 4045 cosque
1104 3964 1194 4025 valde
1216 3978 1345 4048 paratos

267 4062 299 4109 ct
331 4059 495 4128 promptos
521 4046 615 4105 fuisse
637 4046 676 4106 ad
700 4045 928 4106 assentiendum
961 4049 1084 4109 veritati
1105 4062 1292 4133 perceptae,
1315 4062 1349 4111 ct

267 4131 425 4194 schismati
447 4142 539 4212 atquc
562 4133 663 4190 errori
685 4129 980 4191 abrenunciandum.

352 4228 383 4284 a.
428 4214 688 4276 AUGUSTINUS
719 4213 790 4275 Lib.
813 4215 854 4277 ΙΙ.
877 4214 910 4275 d.
931 4213 1081 4300 baptism..
1103 4210 1205 4280 contr.
1226 4217 1346 4280 Donat.

267 4320 336 4386 cap.
357 4312 408 4369 u:
443 4298 508 4367 Vos
529 4301 635 4382 itaque
656 4299 858 4379 Donatistae,
880 4299 959 4383 quid
981 4302 1021 4365 ad
1040 4302 1118 4367 bace
1140 4302 1271 4367 dicitis?
1313 4302 1350 4364 si
