2768 4762
271 414 297 481 η
472 450 475 457 ,
608 399 701 464 nu
743 397 882 463 erne
922 398 990 465 nr

338 589 544 666 Perfluat
574 585 906 760 TESTIzlffilTAA
916 583 986 660 AD
1023 584 1292 669 MARGINEM

356 873 384 931 1.
404 859 444 923 A.
485 856 744 922 A'I'HANASIUS
769 861 801 921 in
830 870 908 923 orat
928 858 970 922 Π.
995 871 1079 923 cont.
1103 850 1226 922 Ariani:
1248 858 1351 923 Num·

272 946 344 1030 quis
370 945 508 1030 populus
533 945 573 1007 ab
604 946 770 1029 Episcopis
794 947 866 1022 suis,
899 945 991 1007 seda
1019 947 1175 1021 Domino,
1203 946 1235 1004 in
1255 967 1349 1027 qnem

272 1031 427 1094 creditum
455 1033 536 1109 luit,
572 1051 684 1091 nomen
718 1031 848 1112 aceepit.
892 1029 982 1092 Certe
1008 1050 1026 1090 a
1059 1029 1157 1091 beatis
1185 1026 1348 1112 Apostolis

270 1116 527 1200 praeceptoribus
549 1116 676 1190 nostris,
701 1116 911 1195 ministrisque
925 1114 1083 1199 Evangelii
1101 1114 1269 1175 salvatoris
1286 1134 1349 1176 no·

96 1213 245 1282 qisteinai·
270 1202 338 1278 stri,
368 1200 591 1285 appellationes
610 1198 716 1282 adepti
742 1219 809 1259 non
829 1218 945 1278 sumus,
979 1200 1034 1261 sed
1055 1219 1073 1259 a
1091 1196 1229 1274 Christo,
1252 1197 1348 1260 Chri·

94 1268 362 1359 ,2¹:2⁸ssa'2‘12,stiani
386 1295 418 1346 et
437 1304 542 1349 sumus
566 1294 598 1345 et
615 1302 849 1366 nuncupamurt
872 1282 919 1343 illi
939 1304 1026 1361 vero,
1049 1285 1105 1365 qni
1125 1280 1252 1345 aliunde
1277 1285 1347 1344 ori·

270 1370 370 1453 ginem
391 1390 462 1430 suae
478 1367 551 1430 fidei
575 1366 744 1445 deducunt,
771 1369 882 1427 merito
903 1381 1068 1429 auctorum
1081 1388 1209 1428 suorum
1225 1386 1347 1450 eogno-

197 1530 200 1535 .
269 1465 381 1531 menta,
399 1453 496 1533 atad
515 1466 596 1536 quos
617 1454 803 1536 pertineant,
822 1472 897 1536 prae
925 1474 956 1513 se
972 1453 1086 1514 ferunt.
1131 1452 1346 1534 Quapropter,

92 1528 261 1623 {ff'm
270 1558 369 1621 quum
390 1559 496 1599 omnes
524 1558 542 1598 a
564 1536 702 1615 Christo,
728 1535 895 1598 Christiani
914 1550 945 1599 et
963 1558 1094 1598 essemus
1116 1549 1148 1597 et
1161 1535 1347 1615 diceremur,

92 1628 258 1719 ,stagnant-
270 1622 413 1706 erplosus
439 1635 486 1684 est
513 1622 656 1683 Marcion
680 1622 824 1682 inventor
839 1620 1020 1682 haereseos:
1046 1621 1159 1703 reliqui
1173 1631 1272 1680 antem
1287 1623 1345 1701 qui

80 1692 137 1769 'oi'
154 1691 340 1785 ‘'⁸¹⁸⁸''eum
363 1706 526 1790 explosore
548 1706 716 1766 Marcionis
737 1726 918 1783 remansere,
939 1705 1106 1766 Christiani
1121 1704 1248 1766 titulum
1268 1706 1349 1764 reti-

154 1800 157 1809 '
267 1803 420 1854 nuerunt:
465 1792 520 1872 qui
545 1810 623 1849 vero
646 1790 744 1848 secuti
771 1801 845 1849 sunt
862 1791 1070 1867 Marcionem,
1107 1810 1171 1849 non
1187 1791 1247 1849 iam
1271 1788 1347 1850 inde

268 1874 448 1952 Christiani,
469 1872 524 1933 sed
540 1873 759 1932 Marcionistae
772 1872 920 1956 appellati
941 1886 1022 1935 sunt.
1065 1875 1113 1934 Ita
1130 1894 1258 1957 quoque
1278 1871 1347 1935 Va·

267 1957 422 2033 lentinus,
443 1954 613 2035 Basilides,
636 1954 845 2032 Manichacus,
874 1969 905 2017 et
923 1955 1029 2019 Simon
1049 1959 1158 2040 Magus
1180 1961 1347 2018 sectatori-

266 2039 326 2106 bus
351 2062 407 2102 sna
426 2039 580 2103 vocabula
605 2041 832 2184 imdpartiernnt,
851 2040 985 2125 indeque
1010 2042 1133 2117 iactum,
1146 2051 1184 2102 ut
1200 2040 1253 2101 alii
1278 2040 1347 2102 Va-

267 2125 445 2198 lentiniani,
468 2125 520 2187 alii
538 2123 632 2185 Basili
655 2125 728 2201 iani,
745 2124 797 2185 alii
821 2124 1004 2204 Manichaei,
1021 2126 1074 2189 alii
1089 2124 1269 2200 Simoniani,
1288 2125 1345 2187 alii

267 2209 479 2295 Cataphryges
497 2231 516 2272 a
531 2208 680 2294 Phrygia,
703 2209 756 2270 alii
783 2209 940 2272 aNovato
962 2211 1125 2273 Novatiani
1147 2212 1249 2271 vocati
1269 2212 1344 2275 sint.

266 2295 316 2357 Ita
336 2294 473 2357 Melitius
503 2294 621 2376 ejectus
646 2290 777 2356 aPetro
795 2307 827 2355 et
848 2294 1009 2379 Episcopo
1031 2308 1061 2357 et
1085 2296 1235 2371 Martyre,
1256 2314 1344 2372 suos,

266 2381 352 2462 quii
376 2399 445 2440 sum
466 2375 686 2462 sequebantur,
706 2397 771 2439 non
791 2378 984 2440 Christianos
997 2393 1115 2464 postea,
1137 2378 1192 2440 sed
1205 2378 1344 2440 Melitin-

262 2478 323 2525 nos
364 2464 560 2525 enominarit.
603 2462 720 2526 Eadem
735 2464 847 2524 iterum
871 2467 992 2526 ratione
1018 2464 1052 2527 B.
1076 2463 1254 2526 Alexandro
1278 2461 1344 2526 Ar-

247 2548 329 2609 ,inm
354 2550 506 2631 ejiciente,
535 2549 558 2609 ii
591 2549 646 2629 qui
673 2547 849 2609 Alexandro
877 2547 1094 2628 adhaeserunt,
1129 2558 1344 2610 remanserunt

263 2631 450 2694 Christiani:
476 2632 523 2693 illi
541 2653 628 2710 vero,
654 2632 710 2716 qui
737 2652 891 2694 unacum
916 2631 995 2694 Ario
1027 2645 1235 2719 recesserunt,
1279 2653 1344 2696 no·

266 2735 338 2779 men
357 2716 526 2779 salvatoris
551 2718 653 2779 nostri
674 2715 851 2779 Alexandro
877 2738 947 2778 cum
961 2719 1023 2778 suis
1043 2718 1263 2800 relinquentes,
1276 2718 1344 2778 Ar-

264 2802 329 2869 iani
363 2801 508 2885 deinceps
544 2799 691 2885 appellati
725 2814 805 2862 sunt.
848 2801 890 2862 Et
912 2804 1018 2885 paucis
1042 2803 1231 2882 interjectisa
1273 2800 1342 2881 Qui

264 2905 301 2946 ex
318 2886 427 2947 eodem
451 2904 561 2969 genere
581 2884 621 2945 ad
648 2886 724 2945 istos
739 2884 873 2962 abeunt,
901 2899 953 2946 aut
979 2884 1018 2946 ab
1042 2885 1180 2947 Ecclesia
1205 2884 1245 2947 ad
1265 2884 1345 2947 hae-

264 2972 356 3030 resim
378 2973 542 3031 transitum
568 2969 697 3045 facinnt,
720 2989 830 3031 nomen
856 2968 973 3031 Christi
987 2970 1220 3052 derelinquunt,
1233 2970 1343 3033 ethr-

263 3055 410 3119 ianorum
446 3052 601 3116 vocabulo
646 3053 839 3133 induuntur,
877 3057 965 3136 quasi
995 3075 1059 3115 non
1092 3056 1221 3139 amplius
1245 3052 1340 3115 fidem

88 3139 242 3236 *fiffiffi
265 3138 382 3202 Christi
408 3140 570 3216 retineant,
606 3137 661 3200 sed
684 3137 816 3199 Arianae
849 3139 984 3199 insaniae
1016 3139 1153 3223 gregales
1173 3139 1341 3202 habentur.

87 3203 134 3281 iii.
189 3205 222 3236 '⁸
243 3214 437 3302 ‘Quomodo
456 3225 555 3309 igitur
571 3220 739 3283 Christiani
766 3223 894 3303 suerint,
917 3226 972 3305 qui
993 3244 1057 3284 non
1082 3223 1261 3296 Christiani,
1284 3223 1341 3284 sed

264 3308 474 3370 Ariomanitae
497 3328 536 3392 ap
560 3307 718 3370 ellanturi
761 3321 816 3369 aut
881 3308 996 3371 omodo
1021 3307 1059 3370 de
1084 3330 1214 3370 numero
1228 3306 1341 3368 Eccle-

264 3395 327 3453 siae
352 3394 525 3455 eatholieae
538 3329 727 3470 habeantur,
764 3396 820 3475 qui
868 3393 1053 3476 postolicam
1080 3391 1174 3453 iidem
1200 3412 1342 3475 excusse·

266 3489 352 3555 runt,
379 3490 412 3539 et
435 3497 588 3540 novarum
612 3479 745 3562 pestium
769 3481 945 3540 inventores
958 3499 991 3540 se
1004 3476 1177 3562 praebenti

85 3592 252 3695 ἓζίξζξξξξξ·
347 3618 377 3673 2.
402 3603 634 3667 CYPRIANUS
654 3606 689 3667 L.
711 3604 767 3666 IV.
793 3609 881 3690 epist.
896 3621 925 3672 2.
939 3604 979 3665 ad
993 3604 1218 3667 Antonianum:
1244 3605 1342 3683 Quis-

84 3696 232 3788 fssfffffissu
262 3690 334 3787 flul-t
356 3687 410 3751 ille
432 3703 486 3768 eat,
509 3702 541 3753 et
566 3691 792 3775 qualiscunque
812 3704 868 3769 est,
894 3690 1088 3753 Christianus
1111 3710 1176 3753 non
1201 3702 1258 3769 est,
1283 3691 1341 3775 qui

261 3794 294 3834 in
320 3772 437 3837 Christi
465 3775 594 3838 ecclesia
618 3797 684 3838 non
709 3789 765 3838 est.

82 3909 234 4002 plectionem·
344 3916 375 3973 3.
389 3903 498 3967 IDEM
506 3906 545 3966 'in
557 3905 649 3967 Trac.
665 3905 696 3966 d.
717 3902 826 3990 simpl.
843 3904 977 3969 Praelat.
1001 3908 1065 3968 sive
1087 3904 1118 3967 d.
1141 3906 1218 3966 unit
1234 3899 1340 3964 Ecce:

82 3972 181 4054 iiiiii*
194 3973 234 4062 iit
258 3985 330 4048 Non
354 3992 492 4072 pertinet
521 3989 561 4052 ad
581 3990 698 4052 Christi
720 3993 871 4075 praemia,
901 3996 957 4074 qui
998 3991 1149 4075 relinquit
1167 3987 1340 4049 Ecclesiam

81 4058 246 4150 {ilfflsslssj
258 4070 385 4159 Christi.
426 4075 553 4137 Alienus
585 4089 642 4153 est,
672 4074 855 4159 prophanus
882 4090 947 4156 est,
981 4074 1080 4138 hostis
1115 4086 1170 4137 est
1213 4070 1340 4134 Habere

255 4156 336 4303 jarqr
346 4174 412 4219 non
445 4172 550 4245 potest
577 4159 679 4225 Deum
703 4174 844 4246 patrem,
880 4164 935 4248 qui
965 4161 1125 4226 ecclesiam
1151 4153 1343 4222 nonhabet

254 4260 305 4301 ma
337 4262 393 4304 em
