2768 4762
377 323 428 387 Aa
449 320 620 386 chrorau
641 272 834 382 inarrimoa
1000 350 1003 355 ·
1083 317 1170 398 XV,

67 513 295 621 prodidisse.
357 508 534 585 Calvinus
558 532 649 599 raro
675 503 793 606 quid?
817 504 1016 580 Neminem
1040 513 1053 552 ¹
1079 523 1323 622 uapogpfptp

64 667 137 742 qne
178 638 227 712 ad
253 634 431 735 Gregorii
454 651 625 734 tempora
649 631 803 717 vidisse,
828 630 933 730 qnod
956 631 1325 705 Minimo-mc*

62 770 168 841 nium
212 788 282 866 pro
328 761 569 832 Sacramento
619 757 745 828 datum
787 755 927 829 inerit:
965 759 1146 846 Veteres,

64 895 179 964 'cum
207 887 253 960 dc
280 883 529 957 sacramentis
554 880 709 982 proprie
735 880 959 977 loquuntur,
984 907 1029 983 ac
1042 906 1148 980 prae·
1159 905 1329 1002 1333&

67 1012 197 1086 sertim
221 1010 468 1102 Augustinum
481 1061 492 1097 ,
530 1034 607 1079 non
632 1006 741 1106 plura
767 1005 933 1112 duobus,
954 1007 1147 1106 Baptismo

68 1137 244 1208 nimirum
271 1152 307 1207 et
332 1132 591 1220 Eucharistia,
630 1128 849 1228 agnovisse:
890 1130 1026 1202 Omnes
1052 1131 1330 1228 ‘ve-fflffitfl

68 1277 170 1332 teres
197 1285 270 1332 una
307 1281 398 1329 voca
424 1257 606 1343 clamare,
641 1252 782 1323 nullam
805 1252 953 1349 penitus
978 1252 1151 1325 voculam

69 1409 93 1455 a
120 1383 332 1457 CHRlSTO
359 1381 561 1460 emissam,
588 1376 649 1447 cui
673 1400 753 1445 non
776 1372 826 1444 sit
848 1376 1062 1447 necessario
1090 1376 1153 1448 ob·

69 1507 385 1605 temperandum,
427 1521 570 1595 eosque
601 1480 703 1568 nulla
745 1493 976 1567 dubitatione
1015 1497 1155 1594 ubique

71 1627 238 1710 doecre,
270 1653 337 1713 ea,
378 1646 476 1720 quae
512 1645 685 1692 vocamus
717 1617 942 1716 Euangeliou
979 1618 1157 1705 consilia,

75 1747 330 1823 CilRlSTUM
365 1772 443 1818 non
478 1742 709 1818 consuluisse
744 1741 938 1829 duntaxat,
978 1743 1047 1818 sed
1078 1744 1157 1845 jus·
1227 1824 1230 1829 .

75 1872 196 1945 sisset
230 1871 512 1947 consessionem
538 1868 712 1965 ‘,(quam
746 1883 857 1941 vocat
890 1868 1155 1966 auricularem)
1168 1884 1337 1986 angl-’3232

70 1994 194 2068 multis
219 2012 307 2094 poet
332 1993 585 2069 CHRISTUM
609 1990 768 2066 saeculis
804 1990 1008 2067 inauditam
1039 1994 1156 2070 fuisso

72 2136 186 2216 atqua
211 2119 433 2215 inusitatam.
468 2118 573 2190 Haec
597 2136 710 2216 atqua
737 2116 776 2188 id
804 2142 921 2215 genus
945 2118 1154 2205 mendacia,

72 2230 208 2340 quibus
246 2242 361 2315 veluti
393 2240 564 2314 flosculis
602 2267 730 2314 eorum
769 2245 971 2316 conciones
1006 2262 1044 2316 et
1068 2244 1157 2316 libri

71 2365 242 2443 exornati
268 2382 375 2456 aunt,
411 2388 455 2436 er
479 2365 555 2438 hoc
591 2389 707 2464 opere
734 2366 837 2439 nullo
864 2368 1016 2464 negotio
1043 2351 1155 2466 plane

72 2506 283 2590 aperteque
311 2484 593 2583 redarguuntur.
644 2490 837 2560 Postremo
863 2488 1003 2560 habent
1024 2488 1087 2559 hic
1110 2488 1158 2560 ad

73 2637 225 2685 manum
259 2607 422 2680 Parochi
441 2626 497 2710 ,el
516 2609 834 2697 Concionatores,
858 2637 948 2711 quo
975 2607 1024 2680 ad
1051 2610 1158 2682 Cate-

75 2736 259 2809 chismum
307 2732 393 2805 aliis
439 2731 658 2807 tradendum
696 2736 904 2834 paratiores
953 2733 1160 2817 accedant,

75 2857 177 2929 unde
202 2854 340 2928 minori
367 2855 480 2928 etiam
501 2857 652 2952 negotio
668 2858 849 2956 colligant
873 2875 1034 2942 caetera,
1061 2881 1159 2954 quae
1281 2901 1294 2913 ·

77 2999 255 3080 suscepto
292 2996 512 3077 argumento
556 2995 594 3052 et
627 2982 837 3054 auditorum
875 2982 1002 3081 captui
1039 2981 1158 3076 magis

80 3100 361 3177 accommodata
399 3128 483 3175 esse
517 3103 751 3177 ridebuntur.
829 3104 1032 3177 Plurimum
1069 3128 1159 3175 vero

79 3225 208 3307 refert,
233 3249 310 3316 eos,
341 3227 407 3326 qui
432 3226 572 3299 docent
595 3227 689 3300 alios
716 3228 763 3300 de
788 3229 1002 3326 Religione,
1030 3253 1073 3299 er
1090 3228 1160 3302 Ca·
1221 3315 1224 3321 ³

79 3347 264 3422 techismo
295 3324 443 3451 semper
484 3348 639 3448 aliquod
676 3349 749 3424 sibi
783 3370 895 3453 caput
929 3377 1157 3451 excerpere,

81 3470 184 3571 quod
220 3471 451 3547 auditoribus
488 3476 657 3565 uadunt,
698 3493 736 3548 ct
759 3478 956 3553 observata
981 3474 1157 3549 methodo

81 3596 281 3696 expediant
315 3595 531 3671 luculenter.
597 3599 759 3673 Utantur
793 3629 882 3700 ergo
918 3617 956 3676 ct
988 3598 1159 3671 fruantur

79 3721 154 3793 hoc
175 3718 309 3792 labore
340 3719 432 3791 boni
463 3744 615 3821 omnes,
648 3723 726 3796 sive
754 3726 944 3826 magistri,
977 3724 1054 3797 sive
1080 3721 1158 3798 dis·

79 3841 210 3943 cipuli.
261 3842 432 3917 Habeant
465 3869 577 3931 sane,
615 3848 715 3922 uude
741 3877 783 3924 se
809 3870 847 3925 et
870 3874 959 3925 suos
986 3848 1161 3947 inprac-

82 3966 205 4068 cipuis
248 3964 464 4041 Catholicae
505 3948 699 4045 doctrinae
738 3974 949 4073 capitibus,
988 3971 1161 4069 locisque

81 4091 208 4164 multis
242 4088 508 4190 Theologicia‚
530 4092 589 4165 'de
615 4096 752 4193 quibus
775 4124 875 4170 nunc
900 4097 1057 4170 maxime
1084 4095 1163 4166 dis·

81 4229 278 4314 captatur,
312 4213 667 4312 commonefaciant,
702 4234 742 4295 et
764 4218 890 4295 solida
912 4218 1080 4297 veritatis
1104 4235 1160 4295 te·
