2752 4770
335 389 795 472 ⁸uccuuslun
1047 397 1125 472 aaa

49 583 118 644 sint
146 579 304 656 Hilarius,
338 579 526 662 Gregorius,
563 577 772 640 Ambrosius?
803 574 866 639 Sed
901 571 1124 661 qualiscunque

53 666 153 729 homo
178 667 236 741 sis,
265 677 362 724 mmen
387 666 459 745 quia
482 664 651 741 homo-es,
683 663 788 725 videre
808 661 884 723 mihi
905 662 1015 724 uideor
1036 685 1125 725 rere-
1156 672 1162 684 ’

53 751 200 812 cundiam
224 744 328 823 talam,
360 751 387 807 si
412 762 510 808 tamen
535 770 598 809 non
626 752 706 810 inte
732 770 801 830 spes
823 760 867 808 est
896 751 994 809 omnis
1020 770 1124 809 emor-

53 846 108 895 tua
132 835 288 909 sanitatis,
310 843 339 894 et
366 830 595 913 quodammodo
616 834 709 895 audio
735 854 839 913 rocem
863 846 960 893 tuam:
981 834 1207 916 Respon-noaa.
1223 861 1284 902 a...

52 918 127 979 des:
161 916 310 978 absitus
341 918 468 978 audeam
495 939 601 978 caecos
624 923 697 978 istos
719 919 803 977 viros
832 916 880 978 vel
908 920 1044 1001 cogitare
1074 917 1123 978 vel
1132 909 1219 1001 2¹:2²²
1231 912 1280 967 ‘1¹¹¹’

52 1003 167 1065 dicere.
210 1002 251 1061 Et
267 1001 325 1062 sub
346 1000 454 1062 finem:
486 1002 611 1062 Talibus
634 1014 705 1084 post
725 1000 894 1082 Apostolos
918 1014 1037 1063 sauctae
1059 1002 1122 1062 Ee-

50 1085 163 1147 clesiae
185 1086 431 1167 plantatoribus,
456 1086 664 1169 rigatoribus,
685 1082 953 1163 aedificatoribus,
986 1090 1121 1168 pastori-

48 1172 129 1246 bus,
151 1173 356 1232 nutritoribus
377 1175 478 1235 crevit
523 1171 597 1231 ldeo
616 1171 762 1253 profanas
786 1191 877 1229 voces
900 1183 1017 1231 restrae
1031 1174 1121 1232 novi-

47 1258 124 1316 tatis
150 1258 284 1337 expavit,
316 1270 370 1316 cte.
426 1257 480 1316 llis
504 1257 597 1338 igitur
624 1255 754 1336 eloquiis
779 1267 809 1313 et
833 1264 916 1314 tauta
938 1254 1120 1317 auctoritate

47 1351 246 1415 sauctorum,
268 1342 410 1422 prolecto
427 1353 479 1399 aut
492 1338 648 1399 sanaberis
662 1340 719 1399 Dei
740 1337 949 1399 mesericordia
970 1339 1119 1402 donanter

50 1424 151 1501 Quod
174 1438 317 1506 quantum
344 1426 400 1484 tihi
423 1438 541 1507 optem,
563 1423 646 1483 videt
668 1424 722 1504 qui
741 1424 848 1483 laniat:
886 1422 949 1484 Aut
969 1427 1011 1500 si,
1034 1424 1121 1504 quod

47 1510 225 1585 abominor,
248 1512 278 1568 in
295 1509 408 1583 eadem,
426 1532 502 1591 quae
516 1508 573 1567 tibi
592 1507 713 1567 ridetur
724 1509 894 1589 sapientia,
917 1521 945 1567 et
959 1521 1002 1568 est
1015 1530 1121 1590 magna

47 1594 200 1668 stultitia,
230 1595 464 1675 perduraveris,
500 1614 561 1652 non
580 1605 615 1661 tu
634 1592 754 1671 judiees
774 1594 968 1672 quaesiturus
991 1615 1039 1668 es,
1065 1592 1119 1652 uhi

49 1699 172 1739 eausam
195 1688 277 1737 tuam
299 1700 425 1761 purges,
449 1677 501 1736 sed
526 1677 578 1736 uhi
601 1688 646 1735 tot
671 1686 790 1736 sanctos
814 1674 957 1738 doctores
982 1679 1120 1760 egregios
1222 1677 1225 1681 ’

51 1777 146 1845 atque
179 1763 391 1822 memorabiles
420 1761 590 1822 cadrolrcac
621 1763 757 1819 veritatis
783 1781 920 1837 accuses,
942 1765 1118 1836 Irenaeum,

54 1847 259 1933 Cyprianum,
286 1849 457 1921 Reticium,
487 1846 682 1927 Olympium,
713 1843 883 1921 Hilarium,
916 1847 979 1905 Gre
1001 1848 1293 1927 enumeransque».

51 1929 268 2008 Ambrosium,
300 1931 464 2007 Basilium,
499 1930 667 2004 loannem,
702 1928 932 2007 Innocentium,
966 1869 1292 2007 llierouy-ssl'ffisslussg,

51 2035 159 2092 mum,
191 2029 388 2097 caeterosque
414 2018 514 2074 socios
545 2035 579 2074 ae
602 2014 766 2094 participes
793 2035 917 2089 eorum,
940 2017 1066 2095 insuper
1088 2027 1209 2105 et'ggg:
1226 2017 1292 2057 Μ’

49 2100 220 2160 universam
244 2102 358 2161 Christi
380 2098 563 2172 Ecclesiam,
586 2098 636 2154 eui
664 2094 784 2156 divinae
807 2096 937 2158 familiae
956 2076 1140 2161 Dominica⁸
1209 2093 1216 2106 '

49 2183 167 2244 cibaria
191 2182 324 2246 lideliter
343 2186 564 2258 ministrantes,
587 2182 700 2263 ingenti
718 2182 750 2240 iu
773 2180 909 2242 Domino
930 2184 1027 2267 gloria
1055 2185 1120 2247 ela·

51 2278 191 2329 ruerunt.
595 2288 606 2321 a

138 2365 187 2419 13.
231 2345 412 2408 ACTIONE
427 2352 514 2408 tertia
527 2348 655 2409 Concilii
672 2346 940 2428 Chalcedonensis,
963 2354 992 2413 in
1006 2353 1117 2416 Edicto

48 2437 116 2496 sive
150 2431 267 2513 legibus
299 2429 502 2491 Valentiniani
536 2447 565 2493 et
600 2434 742 2493 Illartiaui
768 2435 1013 2516 Imperatorum,
1044 2461 1117 2518 quas

51 2516 178 2598 quidem
206 2515 283 2597 leges
313 2514 500 2575 beatissimus
518 2515 602 2599 Papa
623 2518 684 2576 Leo
710 2520 740 2576 in
759 2521 821 2577 suis
843 2518 1034 2580 eorrsrrmarit
1051 2525 1120 2604 epia

47 2599 154 2662 stolis:
178 2598 299 2674 Quibus
330 2599 556 2660 interdicuntur
591 2600 858 2681 prolriheuturque
893 2605 1115 2685 disputationes

49 2685 91 2747 de
111 2682 171 2743 sule
196 2704 297 2743 coram
321 2683 428 2767 vulgo,
457 2697 488 2745 et
512 2683 728 2745 confirmantur
754 2686 1006 2747 Chalcedonensis
1030 2691 1115 2751 Con-

47 2769 113 2830 cilii
139 2768 258 2828 decreta
278 2782 370 2850 atque
395 2781 523 2842 statuta,
545 2768 620 2828 haee
640 2770 781 2853 leguntur
803 2774 912 2832 verba:
936 2775 1038 2834 Cesset
1052 2778 1116 2855 jam

46 2853 177 2937 profana
201 2856 364 2913 contentio.
407 2853 483 2912 Nam
513 2875 583 2914 vere
606 2856 716 2936 impius
741 2868 831 2936 atquc
859 2859 1021 2941 sacrilegus
1048 2873 1114 2935 cst,

47 2940 102 3020 qui
129 2950 201 3019 post
221 2949 269 2997 tot
293 2937 487 2997 sacerdotum
506 2940 704 3013 senteutiam,
739 2943 877 3021 opinioni
904 2964 974 3002 snae
997 2942 1114 3025 ahquid

45 3023 235 3083 tractandum
266 3022 420 3102 relinquit.
471 3023 630 3082 Extremae
657 3026 772 3108 quippe
805 3027 970 3088 deruentiae
997 3040 1059 3103 est,
1084 3031 1113 3088 iu

45 3105 149 3167 medin
169 3118 198 3165 et
220 3109 382 3189 perspicuo
407 3108 456 3166 die
474 3109 698 3167 commentitum
714 3109 814 3171 lumen
832 3113 996 3193 inquirere.
1019 3113 1114 3189 Quis-

45 3191 116 3272 quis
134 3193 212 3249 enim
232 3204 302 3270 post
328 3193 482 3250 veritatem
501 3203 667 3271 repertam,
691 3194 806 3275 aliquid
825 3195 953 3258 ulterius
974 3198 1110 3275 discutit,

45 3273 235 3334 mendacium
255 3277 417 3356 spiracula*
459 3274 555 3334 Nemo
579 3276 681 3359 itaque
708 3279 755 3338 vel
778 3278 906 3340 clericus
929 3280 974 3341 vel
999 3280 1110 3340 milita·
1193 3290 1206 3315 ⁰

45 3361 103 3432 ris,
137 3359 182 3418 rel
204 3360 328 3420 alterius
363 3358 528 3439 cujuslibet
564 3350 835 3441 condicionique
855 3363 916 3426 fide
939 3364 1106 3427 Christiana
1119 3333 1148 3422 i'i
1160 3337 1245 3428 iiiii.
1257 3339 1283 3382 ⁰⁶

45 3440 182 3527 publice,
206 3443 307 3503 turbis
327 3443 466 3503 adunatis
491 3456 521 3505 et
539 3444 752 3523 audientibus,
782 3460 909 3509 tractare
924 3464 1052 3511 conetur
1076 3453 1105 3510 iu
1118 3433 1184 3524 ἒξῗζ,
1199 3443 1220 3476 ⁰²
1239 3439 1284 3481 '¹⁴⁰

45 3538 222 3610 posterum,
245 3549 278 3588 ex
306 3528 367 3587 hoe
391 3526 539 3589 tumultus
564 3540 593 3587 et
615 3526 763 3611 perfidiae
784 3528 972 3594 occasionem
1003 3534 1242 3624 requi-8⁰⁵⁸qa⁶¹
1258 3536 1282 3575 ¹¹¹

45 3631 124 3671 rens.
166 3610 240 3671 Nam
272 3615 413 3693 iujuriam
440 3613 513 3672 facit
545 3613 664 3693 judicio
691 3615 934 3702 religiosissimae
966 3596 1282 3696 Synodi,n'f·'r‚”aii'ioali3

45 3697 67 3756 ti
92 3695 161 3776 quis
186 3697 275 3756 semel
298 3697 433 3778 judicata
454 3719 488 3757 ac
513 3710 592 3757 recte
618 3698 765 3780 disposita
792 3704 946 3764 revolvere
970 3715 999 3762 et
1023 3683 1281 3787 pub-illidii?

45 3779 98 3839 lice
122 3778 278 3862 disputare
304 3782 473 3858 contendit,
505 3803 570 3841 cum
601 3804 644 3855 ea,
671 3806 747 3864 quae
774 3808 854 3847 nunc
871 3788 908 3847 de
934 3786 1103 3851 Christiana
1115 3787 1278 3870 ?‘'',³·⁸¹⁸,¹²²,'„

44 3858 105 3923 lide
132 3876 240 3926 statuta
272 3878 363 3943 suut,
397 3869 483 3946 juxta
508 3866 688 3947 apostolicas
714 3872 913 3953 expositiones
944 3884 973 3933 et
995 3844 1275 3936 „gunild-idam

44 3959 213 4009 sauctorum
246 3966 368 4033 patrum
397 3962 601 4011 trecentorum
630 3952 733 4012 decem
764 3967 793 4013 et
822 3968 909 4032 octo,
935 3970 964 4018 ct
985 3973 1104 4021 eentum

44 4030 276 4115 qninquaginta,
298 4034 420 4098 delinita
435 4057 498 4096 esse
515 4048 691 4097 noscuntur.
735 4036 811 4097 Nam
827 4041 858 4098 in
879 4054 1103 4127 contemptores

44 4117 135 4199 hujus
162 4114 234 4198 legis
255 4141 343 4201 poena
365 4144 426 4183 non
444 4122 560 4198 deerit,
583 4123 653 4203 quia
674 4141 736 4181 non
755 4123 853 4183 solum
878 4139 984 4191 contra
1010 4126 1102 4191 fidem

44 4218 117 4263 aene
138 4205 335 4283 compositam
365 4209 505 4282 veniunt,
526 4206 580 4267 sed
609 4206 696 4287 etiam
718 4204 842 4269 ludaeis
863 4221 894 4271 et
917 4215 1040 4295 paganis
1064 4236 1100 4274 ex

44 4285 254 4373 cujuscemodi
283 4292 446 4354 certamine
469 4290 634 4377 profanent
656 4292 1003 4385 reuerenda'mysteria.
1034 4296 1098 4383 lgi-
