2768 4762
425 238 434 265 Ι
653 240 657 275 Ι

186 376 192 393 ’
246 386 328 461 a»
469 340 577 447 'nn
625 376 1073 449 ruaucssrrts

64 591 361 693 ,nihaagrpueensu
386 583 581 668 receptae,
608 567 869 666 communique
888 552 1036 668 piorum
1051 593 1125 642 ueu
1133 585 1196 642 tot
1216 593 1334 645 secu·

66 702 89 744 ὅ)
105 693 294 766 ⁴⁸⁸¹²⁸‘·¹¹²lis
321 691 597 792 comprobatae,
621 715 666 762 ac
681 690 795 763 veluti
810 715 880 790 per
899 688 1028 765 manue
1054 691 1102 766 ad
1114 718 1187 769 nos
1200 711 1331 770 trane

69 743 238 800 evisceratu-

69 804 138 835 πω.
173 802 237 836 ί-οι
288 815 296 835 ι

68 850 149 946 gin&
146 802 238 935 22:133
248 839 383 889 missae
410 814 551 913 ubique
577 813 659 885 fere
693 814 856 912 gentium
879 817 1172 916 comperiuntur.
1269 832 1273 847 '

68 943 130 985 sula.

514 978 1047 1112 sca1rrnaan

340 1209 452 1274 Iton.
481 1208 589 1272 x111.:
613 1206 720 1269 Omnis
738 1209 837 1269 anima
858 1210 1065 1293 potestatibus
1084 1209 1330 1275 sublimioribus

245 1315 371 1397 subdita
395 1319 462 1378 sit'
487 1314 560 1377 Nou
584 1327 629 1376 est
647 1317 880 1398 enimpotestas
902 1317 959 1375 uisi
986 1337 1004 1375 a
1030 1317 1109 1377 Deo.
1156 1319 1252 1396 Quae
1272 1343 1329 1380 au·

245 1437 307 1485 tem
324 1435 412 1500 sunt,
450 1421 560 1482 aDeo
588 1422 732 1483 ordinata
759 1437 841 1485 suut.
884 1424 992 1504 Itaque
1014 1426 1069 1504 qui
1088 1429 1218 1487 ‘resistit
1236 1442 1329 1511 pote·

246 1533 335 1610 stati,
365 1532 424 1591 Dei
454 1528 644 1590 ordinationi
672 1533 794 1592 resistit.
852 1530 915 1607 Qui
940 1543 1040 1590 autem
1065 1535 1245 1612 resistunt,
1270 1530 1327 1619 ipii

246 1639 308 1701 sibi
336 1638 562 1699 damnationem
592 1640 768 1718 acquirunt.
819 1638 896 1697 Nam
919 1641 1076 1721 principes
1099 1660 1164 1700 non
1191 1655 1268 1703 sunt
1286 1646 1326 1702 ti·

247 1749 329 1809 mori
351 1746 427 1807 boni
449 1747 570 1827 operis,
595 1745 649 1804 sed
667 1746 748 1806 mali.
802 1744 859 1807 Vis
886 1758 986 1807 autem
1002 1766 1066 1808 non
1087 1751 1201 1808 timere
1236 1763 1327 1831 pote-

247 1853 376 1929 statem?
403 1852 522 1917 bonum
553 1852 623 1912 sac:
659 1866 689 1912 et
706 1852 836 1912 habebis
858 1852 976 1913 leudem
999 1873 1034 1912 ex
1056 1850 1121 1914 illa.
1163 1854 1228 1915 Dei
1246 1858 1323 1916 enim

247 1964 386 2023 minister
410 1972 457 2019 est
488 1958 547 2019 tibi
567 1961 598 2017 in
624 1958 752 2019 bonum.
793 1959 826 2018 Si
851 1972 951 2021 autem
977 1961 1105 2039 feceris,
1137 1962 1229 2021 time:
1256 1984 1323 2022 non

247 2070 326 2128 euim
345 2069 409 2126 sine'
434 2086 525 2125 causa
547 2065 683 2149 gladium
706 2079 829 2149 portat:

331 2195 475 2257 Matth.
498 2196 587 2263 XV.:
620 2197 692 2257 Sine
720 2221 810 2260 causa
843 2195 951 2261 cotum
976 2217 1045 2273 me,
1071 2195 1212 2256 docentes
1235 2195 1316 2257 doe-

247 2306 345 2365 trinas
377 2317 407 2364 et
433 2304 577 2364 mandata
599 2303 759 2367 bominum
793 2319 824 2368 et
857 2304 952 2390 panio
981 2316 1069 2364 ante:
1093 2304 1198 2380 Quare
1224 2318 1316 2364 eti-os

248 2410 497 2495 transgredimini
515 2411 693 2472 mandatum
726 2415 783 2472 Dei
800 2426 933 2496 propter
952 2410 1156 2471 traditionem
1169 2411 1308 2472 vestram?

245 2520 322 2581 Nam
342 2521 424 2579 Deus
448 2518 540 2579 dixit:
571 2520 700 2580 Honora
716 2533 835 2603 patrem
859 2534 889 2581 et
908 2531 1054 2587 matrem3
1080 2529 1130 2578 et:
1145 2520 1216 2597 Qui
1238 2519 1316 2579 maie·

248 2628 358 2686 dixerit
382 2628 465 2710 patri
486 2624 532 2684 vel
553 2629 664 2701 matri,
684 2641 783 2686 morte
808 2629 979 2688 moriatur:
994 2624 1058 2685 Vos
1079 2641 1187 2687 autem
1211 2629 1316 2690 dicitis:

246 2735 434 2815 Quicunque
470 2731 582 2806 dixerit
611 2738 692 2814 patri
728 2735 776 2793 vei
801 2738 912 2810 matri,
954 2753 1067 2793 munus
1107 2736 1317 2817 quodcunque

244 2855 291 2900 est
310 2863 344 2901 ex
365 2862 432 2916 me,
454 2839 511 2898 tibi
536 2840 698 2922 proderit:
723 2854 752 2899 et
771 2861 834 2911 non
849 2840 1075 2903 honorificabit
1092 2846 1318 2925 patrem'suum,

244 2962 298 3009 aut
318 2960 445 3007 matrem
469 2968 572 3006 suam:
604 2960 634 3006 et
655 2948 778 3006 irritum
801 2948 916 3010 fecistis
938 2948 1118 3010 mandatum
1135 2951 1200 3013 Dei
1225 2973 1318 3037 prop-

243 3068 292 3115 ter
312 3055 510 3115 traditionem
540 3066 678 3112 vestram.

330 3184 434 3244 Colo
447 3207 459 3244 s
472 3208 494 3244 s.
514 3160 584 3244 ll.:¹
607 3186 735 3262 Videte,
766 3208 804 3248 ne
829 3189 899 3268 quis
925 3208 980 3249 vos
1006 3186 1146 3269 decipiat
1162 3211 1223 3273 per
1252 3188 1317 3272 phi·

244 3291 419 3374 losophiam
439 3305 469 3353 et
494 3295 612 3352 inoncm
640 3293 813 3381 fallaciam,
839 3295 1006 3356 secundum
1031 3293 1242 3357 traditionem
1265 3296 1318 3356 bo·

242 3404 377 3475 minum,
416 3401 585 3459 secundum
621 3402 766 3460 clementa
803 3401 930 3478 mundi,
976 3414 1006 3462 et
1038 3422 1103 3461 non
1151 3404 1317 3464 secundum

243 3505 409 3567 Christum.
453 3507 495 3566 Et
524 3510 555 3566 in
582 3507 661 3567 iinc:
698 3508 730 3567 Si
760 3529 833 3590 ergo
867 3510 983 3593 mortui
1008 3510 1079 3568 estis
1097 3530 1174 3570 cum
1195 3510 1319 3572 Christo

241 3612 282 3672 ab
305 3612 458 3675 elementis
477 3614 571 3696 hujus
591 3615 719 3691 mundi,
747 3615 824 3697 quid
844 3614 947 3674 adhuc
966 3627 1113 3698 tanquam
1137 3620 1321 3680 virentesiu

242 3719 358 3781 mundo
383 3720 571 3781 decernitis?
613 3722 658 3780 Ne
678 3723 835 3804 tetigeris,
866 3742 969 3803 neque
991 3728 1185 3806 gustaveris,
1222 3748 1320 3810 neque

243 3831 498 3889 contrectaveris:
535 3851 612 3910 quae
630 3843 701 3890 sunt
722 3831 823 3890 omnia
841 3830 873 3888 in
892 3831 1052 3890 interitum
1066 3832 1139 3912 ipso
1163 3852 1253 3910 usu,
1280 3855 1322 3896 se·

244 3935 378 3994 cundum
395 3950 559 4019 praccepta
583 3949 614 3997 et
635 3938 793 3997 doctrinas
810 3936 990 3997 homiuum:
1028 3952 1203 4017 quaesunt
1228 3944 1322 4002 retio-

241 4061 311 4102 nem
341 4044 467 4126 quidem
497 4043 642 4104 habentia
663 4047 829 4127 sapientiae
853 4045 885 4103 in
916 4044 1139 4129 superstitione
1163 4059 1198 4108 et
1224 4047 1323 4110 humi·
1358 3988 1360 4087 i

240 4147 350 4226 litate,
381 4161 412 4212 et
434 4170 497 4210 non
515 4151 552 4210 ad
573 4152 763 4234 parcendum
777 4154 929 4238 corpori,
967 4173 1031 4214 uon
1053 4148 1242 4219 inhonore
1267 4154 1320 4218 di·

239 4277 306 4342 quo
334 4256 376 4322 ad
395 4260 588 4324 saturitatem
607 4261 718 4323 caruis.
