2768 4762
363 399 367 413 ’
431 397 782 511 praeroso
1063 406 1143 481 ⁸01
1246 412 1248 419 ·

64 596 192 670 datum
223 589 420 677 admonet,
455 615 595 665 rernm·
612 612 822 690 purumque
838 585 985 662 'cultum
1013 587 1145 681 corde,

67 747 135 795 ore
169 743 212 791 nc
246 739 361 817 opere
395 711 557 787 fideliter
590 713 967 808 exhibendumesse.
1034 713 1146 813 Quod

69 869 160 918 eene
194 840 260 912 ubi
286 857 388 912 recte
426 837 671 922 observetur,
690 861 697 881 <¹
716 834 818 910 solus
840 837 980 935 -utique
1016 837 1146 910 DEUS

67 971 109 1041 in
144 964 317 1049 omnibus
353 980 391 1036 et
431 988 545 1064 super
578 961 703 1036 omnin
734 960 901 1061 diligitur
937 987 982 1035 ec
1023 950 1144 1034 hono·-

65 1089 268 1165 rificetun

170 1238 210 1310 C·
261 1234 342 1308 Jam
373 1255 515 1306 summe
537 1227 838 1330 praeceptorum,
861 1251 969 1327 qnae
990 1225 1038 1301 ed
1055 1253 1146 1329 pro·

68 1361 206 1434 ximnm
242 1355 479 1456 diligendum
518 1353 726 1454 pertinent,
758 1351 818 1425 vel
846 1353 921 1426 hoc
950 1376 1025 1425 uno
1061 1377 1148 1443 cop·

71 1500 160 1558 etate
189 1481 332 1584 ’Quod
371 1481 418 1550 ab
448 1481 524 1550 aiio
558 1477 677 1548 oderis
700 1473 793 1578 fieri
832 1479 923 1561 tibi,
959 1476 1066 1560 vide,
1101 1493 1328 1547 nostratem.

73 1606 279 1702 aliquando
311 1604 424 1674 alteri
437 1602 578 1698 facias.
631 1600 700 1672 Cui
723 1598 926 1701 respondet
954 1598 1021 1672 ille
1047 1597 1149 1672 Chri·

75 1733 124 1803 sti
158 1703 372 1800 sententio:¹
402 1726 594 1808 Ὀτηηία,
638 1723 879 1821 quaecunque
915 1725 1064 1814 vultis,
1104 1708 1328 1830 ntgfffflgffiffip·

63 1851 222 1950 faciant
250 1853 352 1924 vobis
376 1853 568 1938 homines,
603 1858 641 1920 et
674 1873 738 1922 vos
750 1846 875 1949 facite
906 1851 991 1922 iltis.
1044 1850 1151 1921 Haec

76 1987 130 2048 est
153 1979 254 2048 enim
282 1979 344 2049 lex
361 1986 399 2047 et
418 1975 632 2069 prophetoe.
711 2073 712 2076 Ἴ

353 2230 887 2308 SCRIPTURAE.

160 2394 286 2456 Erod.
309 2394 462 2455 XXXII.:
483 2397 633 2457 Reversus
655 2411 702 2459 est
722 2401 845 2475 Moyses
868 2403 906 2462 de
927 2413 1051 2478 monte,
1073 2421 1153 2484 pon-

79 2517 146 2563 tons
177 2503 253 2562 duas
285 2499 407 2560 tabulas
450 2503 617 2561 testimonii
651 2511 682 2562 ἰη
722 2527 813 2565 manu
848 2528 919 2603 sua,
953 2510 1084 2590 scriptas
1119 2486 1154 2569 er

79 2622 211 2691 utraque
240 2620 343 2690 parte,
378 2620 409 2669 et
441 2607 535 2667 factas
557 2630 652 2692 opere
672 2612 816 2671 Domini:
848 2617 1004 2697 scriptura
1026 2632 1153 2697 quoqne

80 2719 140 2777 Dei
165 2728 231 2777 erat
252 2715 374 2800 sculpta
396 2719 428 2777 in
451 2715 574 2779 tabulis.
671 2788 674 2795 ,

164 2872 212 2933 Et
233 2868 399 2931 XXXIV.:
420 2870 570 2932 Praecide
591 2871 649 2933 tibi
671 2872 747 2933 duas
768 2873 889 2936 tabulas
902 2875 1037 2959 lapideas
1058 2877 1179 2954 instar,

81 2981 254 3063 priorum,
278 2990 308 3038 et
330 2977 462 3039 scribam
483 3001 577 3064 super
600 3003 647 3042 eas
669 2981 784 3060 verba,
809 3006 888 3065 quae
909 2984 1086 3047 habuerunt
1107 3001 1152 3045 ta·

81 3086 194 3161 bulas,
226 3105 300 3166 quas
335 3086 463 3176 fregisti.
514 3089 639 3152 Excidit
672 3111 746 3174 ergo
763 3091 838 3152 duas
868 3091 988 3154 tabulas
1010 3091 1155 3175 lapideas,

83 3192 190 3276 quales
222 3204 310 3253 antea
340 3193 480 3256 fuerant:
508 3208 539 3257 et
560 3196 599 3256 de
619 3211 711 3259 nocte
733 3220 942 3291 consurgens,
966 3198 1103 3261 ascendit
1124 3200 1157 3257 in

81 3312 220 3362 montem
256 3299 362 3380 Sinai,
399 3303 480 3364 sicut
511 3319 711 3391 praeceperat
747 3309 775 3368 ei
815 3308 986 3386 Dominus,
1027 3318 1156 3391 portans

81 3426 188 3468 secum
208 3405 340 3468 tabulas.

170 3536 266 3598 Tob.
290 3538 368 3601 lv.:
402 3538 496 3615 Quod
527 3540 566 3601 ab
599 3541 660 3604 alio
689 3543 793 3605 oderis
810 3493 896 3614 ‚fieri
917 3545 997 3624 tibi,
1027 3540 1098 3603 vide
1118 3562 1157 3603 ne

83 3657 119 3706 tu
138 3645 307 3727 aliquando
329 3647 418 3707 elteri
442 3649 544 3709 facias.

168 3777 312 3842 Matth.
335 3776 426 3838 V11.:
460 3779 588 3860 Omnia,
622 3804 824 3868 quaecunque
846 3795 927 3864 ete,
951 3795 987 3845 ut
1007 3783 1042 3845 in
1062 3792 1157 3844 textu.

169 3907 259 3968 an.
282 3908 356 3970 vl:
377 3909 481 3971 Prout
500 3912 612 3994 vultis,
642 3927 679 3978 ut
699 3915 815 3978 faciant
832 3912 923 3977 vobis
944 3912 1106 3993 homines,
1128 3923 1160 3974 et

86 4034 141 4076 vos
163 4014 256 4077 ferite
279 4017 341 4079 illis
370 4019 521 4082 similiter.
