2768 4762
252 334 334 465 ιιι
378 338 381 345 ’
542 344 630 509 nn
659 372 916 457 οιιιιιιιιι
946 387 1011 454 ar

253 569 344 646 ritis·
379 553 510 649 eorum
546 575 808 662 consocietur,
844 589 959 702 atque
996 575 1235 658 orationihus
1267 579 1333 659 ad·

131 777 135 783 ,
254 688 414 803 juretur.

575 808 1012 975 scurrantis.
1113 887 1117 895 ·
1214 838 1216 849 ’

338 1062 378 1129 A.
418 1066 530 1132 Rom.
548 1067 598 1134 L:
620 1069 792 1152 omnibus,
814 1071 871 1156 qui
888 1082 963 1134 sunt
980 1069 1098 1136 Romae
1119 1069 1243 1140 dilectis
1264 1077 1334 1162 Dei,

166 1256 176 1263 ἱ
223 1188 226 1195 “
258 1176 378 1238 voeatis
399 1177 523 1238 sanctis.

194 1267 197 1282 ⁴
341 1282 482 1346 LCor.
512 1285 559 1349 1.=
598 1282 714 1349 Paulus
750 1282 921 1372 Apostolus
957 1282 1056 1346 JESU
1086 1285 1252 1352 CHRISTI
1279 1312 1335 1376 per

257 1387 449 1452 voluntatem
469 1392 551 1471 Dei,
572 1403 603 1454 et
623 1391 805 1455 Timotheus
830 1394 948 1454 frater=
977 1392 1135 1457 Ecclesiae
1156 1395 1234 1475 Dei,
1257 1421 1335 1482 quae

258 1509 305 1559 est
338 1498 507 1578 Corinthi,
536 1518 610 1561 eum
641 1499 786 1563 omnibus
819 1502 956 1577 sanctis,
985 1503 1040 1582 qui
1062 1503 1191 1564 suntin
1211 1507 1337 1568 uuiver-

258 1625 292 1668 ιι
311 1603 441 1688 Achaja.
734 1641 738 1649 ·
934 1637 939 1659 ι

341 1711 503 1796 Philip.
525 1709 597 1778 lv..
630 1712 770 1777 Salutate
790 1730 911 1776 omnem
936 1724 1081 1778 ιιιιοιιιιι
1100 1713 1135 1777 in
1156 1716 1331 1783 cnnlstro

256 1818 364 1884 JESU.
406 1819 550 1884 Salutant
569 1840 626 1885 ros
648 1842 752 1882 omnes
779 1821 887 1883 sancti.

239 1957 246 1970 ·
341 1926 514 1989 Coloss.
535 1928 582 1989 Le
614 1928 731 1989 Paulus
765 1926 941 2012 Apostolus
970 1927 1070 1990 JESU
1080 1919 1257 1992 CHRISTI
1277 1950 1333 2017 por

256 2018 446 2096 voluntatem
466 2032 543 2113 Dei,
566 2046 597 2095 et
617 2033 796 2096 Timotheus
818 2036 932 2124 fraters
968 2034 1026 2115 eis,
1050 2038 1104 2118 qui
1126 2048 1199 2098 sant
1221 2037 1336 2100 Colos-

258 2143 320 2219 sis,
341 2141 454 2202 sanetis
476 2152 509 2202 et
526 2131 670 2203 fidelihus
696 2140 878 2204 fratribus'
868 2164 900 2204 ιιι
922 2140 1096 2206 cnmsno
1118 2142 1225 2202 JESU.
1267 2143 1337 2206 Au·

259 2248 377 2310 dientes
398 2242 492 2309 fidem
512 2259 645 2309 vestram
667 2251 699 2308 in
724 2249 902 2314 cnfflsno
924 2250 1040 2331 tuso,
1071 2259 1104 2312 et
1133 2248 1337 2312 dilectionem

259 2378 352 2440 quam
372 2353 523 2418 habetis
514 2377 548 2417 ιιι
567 2368 690 2419 sanctos
719 2379 844 2420 omnes.
1017 2381 1020 2384 ·

341 2463 531 2526 Philem..
566 2464 723 2528 Gaudium
743 2487 887 2552 maguum
918 2462 1027 2528 habui
1038 2475 1070 2528 et
1089 2459 1333 2526 consolationem

257 2571 290 2632 in
324 2573 451 2634 caritate
483 2584 556 2651 tua,
592 2567 672 2656 quia
696 2576 815 2637 viscera
835 2586 1015 2638 sanctorum
1035 2553 1256 2656 requieverunt
1275 2591 1332 2658 per

256 2691 288 2742 te
309 2679 415 2742 frater.

261 2795 264 2813 ¹
340 2785 467 2872 Apoc.
488 2785 577 2849 Vlla
612 2785 691 2852 Post
714 2787 791 2851 haec
811 2788 876 2849 vidi
906 2783 1033 2849 turbam
1052 2804 1210 2871 magnam,
1244 2805 1334 2870 quant

257 2890 453 2968 dinumerare
485 2916 574 2957 nemo
606 2908 749 2980 poterat,
782 2917 817 2957 ex
838 2893 986 2957 omnihus
1015 2892 1158 2978 gentihus
1180 2904 1212 2954 et
1232 2891 1336 2954 trihu-

256 2999 334 3078 bus,
369 3014 401 3062 et
432 3000 559 3086 populis
571 3045 581 3079 ‚
616 3014 647 3064 et
674 3002 807 3086 linguis,
841 3014 954 3063 stantes
986 3015 1057 3063 ante
1079 2997 1232 3063 thronum
1252 3011 1283 3061 et
1304 3001 1336 3059 in

258 3122 429 3193 conspectu
448 3108 549 3193 Agni,
580 3111 684 3172 amicti
705 3110 794 3184 stolis
815 3108 913 3188 albis,
947 3105 1118 3195 et'palmae
1138 3108 1172 3169 in
1192 3106 1335 3168 manibus

257 3237 387 3294 eorum,
424 3229 456 3278 et
484 3216 659 3279 clamabant
689 3238 766 3279 voce
797 3238 927 3302 magna,
957 3197 1114 3299 dieentest
1153 3212 1244 3286 Salus
1265 3215 1335 3275 Deo

257 3337 391 3401 nostro,
428 3324 482 3405 qui
515 3324 601 3387 sedet
635 3346 730 3409 super
759 3324 934 3402 thronum,
970 3336 1001 3386 et
1020 3322 1122 3408 Agno.
1163 3320 1209 3383 Et
1230 3341 1337 3386 omnes

257 3430 358 3514 angeli
375 3429 513 3522 ‘stabant
544 3434 576 3492 in
616 3434 752 3493 circuitu
779 3431 888 3494 throni
916 3444 947 3494 et
967 3432 1125 3493 seniorum
1146 3440 1179 3489 et
1198 3439 1336 3511 quatuor

256 3536 451 3601 animalium:
489 3550 520 3600 et
550 3539 729 3600 ceciderunt
767 3540 799 3599 in
829 3550 1002 3622 conspectu
1030 3534 1140 3599 throni
1176 3535 1209 3595 in
1241 3532 1336 3594 facies

258 3666 345 3723 suas,
376 3658 408 3706 et
434 3641 644 3707 adoraverunt
664 3646 787 3725 Deum,
818 3646 971 3707 dicentes:
993 3642 1100 3705 Amen.
1144 3635 1342 3713 Benedictio,

258 3764 289 3812 et
310 3753 455 3826 claritas,
477 3764 509 3813 et
529 3753 695 3836 sapientia,
717 3765 749 3815 et
770 3755 939 3839 gratiarum
959 3754 1066 3831 actio,
1096 3747 1204 3811 honor
1226 3756 1259 3807 et
1273 3744 1340 3804 rir-

257 3869 325 3937 tus,
346 3871 378 3920 et
392 3857 555 3946 ⁸fortitudo
578 3859 647 3922 Deo
671 3875 781 3925 nostro
804 3864 835 3924 ln
857 3860 978 3924 saecula
999 3856 1205 3931 saeculorum.
1228 3850 1338 3916 nmen

258 3965 304 4028 Et
335 3967 497 4050 respondit
518 3988 599 4029 unus
623 3968 662 4030 de
683 3968 880 4048 senioribus,
902 3981 934 4030 et
955 3968 1034 4029 dixit
1054 3964 1148 4027 mihi:
1179 3962 1248 4041 ni,
1282 3959 1340 4044 qui

260 4075 365 4137 amicti
394 4085 467 4135 sunt
503 4075 592 4137 stolis
621 4074 718 4152 albis,
752 4077 809 4158 qui
829 4087 954 4137 suntet
974 4074 1059 4149 uude
1079 4067 1254 4134 venerunt?
1299 4066 1341 4128 Et

261 4181 326 4243 dixi
356 4179 425 4242 illis
460 4180 594 4245 Domine
618 4185 680 4263 mi,
722 4193 759 4243 tu
790 4183 859 4275 sois.
903 4182 946 4244 Et
967 4182 1045 4245 dixit
1065 4179 1161 4244 mihis
1189 4177 1232 4241 tii
1255 4186 1340 4251 runt,

263 4294 318 4379 qui
351 4301 504 4354 venerunt
531 4289 571 4354 de
607 4287 812 4358 tribulatione
845 4307 955 4376 magna
967 4333 979 4371 ,
1011 4301 1045 4354 et
1067 4286 1213 4352 laverunt
1244 4279 1341 4349 stolas
