2768 4762
425 384 758 456 sinuoso.
1052 333 1130 465 l„

56 578 89 639 in
121 572 239 637 Christi
261 592 398 659 corpore
421 596 491 639 eum
524 577 714 656 resurrexit,
750 573 791 636 ab
806 571 919 637 *oculis
951 562 1253 656 discipulo-cluisset

56 682 127 721 rum
147 661 252 744 potius
277 660 460 722 abscondita
478 663 593 739 fuisse,
626 682 719 742 quum
733 659 866 722 defuisse
888 656 1044 720 credenda
1067 668 1150 728 est..¹
1180 737 1183 740 ⁴

53 742 127 806 Non
159 743 239 805 enim
270 765 336 805 enm
368 743 465 806 ferret
492 743 645 805 humanus
670 759 831 828 aspectus,
865 743 993 827 quando
1021 739 1073 802 illc
1105 760 1124 804 a

55 830 120 891 suis
144 829 187 889 ito
213 828 342 890 deberet
354 827 553 906 attendisse
570 842 675 911 posset
698 830 841 913 agnosci·
876 828 951 911 Cep,
971 839 1039 896 uon
1060 824 1125 887 Ne·

55 918 121 975 scio
160 933 224 994 quo
250 927 351 974 autem
376 913 471 974 modo
494 914 537 974 sic
563 912 712 974 afficimur
730 932 833 974 amore
856 925 1027 988 martyrum
1046 909 1125 973 ben·

34 1009 161 1058 ··t0rum
174 1040 184 1073 ,
207 992 250 1058 'ut
278 998 406 1058 velimus
431 1000 464 1057 in
489 995 545 1058 illo
562 1017 657 1080 regno
684 1002 716 1058 in
742 1018 849 1058 eorum
866 994 1054 1076 corporibus
1073 997 1123 1054 vi-

57 1081 130 1141 dere
151 1079 314 1142 vulnemm
343 1084 521 1158 cicatrices,
549 1103 628 1164 quae
649 1102 710 1165 pro
728 1083 844 1143 Christi
866 1083 990 1141 nomine
1011 1075 1284 1180 μυῖα-,ἓξὲξ

34 1164 176 1247 ,Ιει-ωιῐτ
206 1178 237 1225 et
257 1168 389 1227 tortasse
403 1166 583 1226 ridebimus.
628 1167 701 1241 Non
720 1170 801 1226 enim
813 1164 992 1225 deformitas
1017 1167 1048 1223 in
1066 1185 1120 1239 ers,

57 1248 110 1310 sed
140 1248 273 1331 dignitas
297 1250 372 1310 erit:
408 1263 439 1310 et
470 1250 640 1331 quaedam,
671 1252 807 1332 quamvis
829 1251 860 1308 in
881 1268 919 1308 co
986 1266 1040 1322 re,
1057 1267 1122 1307 non

56 1336 218 1417 corporis,
240 1334 294 1394 sed
313 1336 437 1394 virtutis
452 1334 659 1415 pulchritudo
678 1335 826 1416 fulgebit:
851 1353 908 1391 nec
925 1268 997 1391 idib
1010 1342 1120 1406 umen,
1131 1312 1299 1411 ,ffl'ffl

54 1420 80 1478 si
109 1418 213 1499 eliqua
231 1417 421 1494 martyribus
441 1430 598 1500 amputata
626 1430 657 1479 et
681 1418 784 1478 ablato
811 1428 884 1476 sunt
903 1413 1057 1490 membru,
1079 1414 1256 1509 si-fflffip
1265 1470 1298 1508 m·

55 1522 94 1561 ne
124 1503 198 1583 ipsis
246 1501 391 1562 membris
426 1513 519 1561 erunt
563 1504 596 1560 in
626 1504 884 1561 resurrectionem
913 1511 1121 1573 mortuorum,
1178 1512 1185 1523 ³

54 1585 172 1666 quibus
204 1585 323 1644 dictum
357 1597 424 1646 este
468 1584 607 1667 Capillus
641 1587 751 1668 capitis
783 1588 875 1644 vestri
902 1601 967 1643 non
996 1580 1123 1666 peribit.

53 1668 119 1728 Sed
132 1671 157 1728 si
182 1668 245 1728 hoc
264 1667 387 1729 decebit
408 1671 440 1729 in
471 1668 528 1730 illo
546 1690 628 1731 novo
652 1670 793 1746 sacculo,
822 1681 857 1731 ut
879 1668 991 1728 indicia
1004 1666 1127 1751 glorio-

54 1772 165 1811 sorum
195 1751 357 1811 vulnerum
389 1754 420 1812 in
455 1753 508 1813 illa
538 1755 703 1816 immortali
732 1752 1029 1815 cornece1·nnntur:
1068 1747 1125 1809 ubi

57 1832 207 1911 membra,
229 1836 541 1979 etpraeeiderentur,
559 1858 703 1921 percusse
721 1840 769 1899 vel
788 1852 870 1899 secta
889 1848 979 1915 sunt,
1007 1834 1052 1894 ibi
1079 1835 1125 1894 ci·
1187 1868 1190 1873 ·

58 1920 207 1978 catrices:
233 1940 265 1980 se
310 1929 410 1981 umen
437 1920 573 2002 ejusdem
589 1922 733 1984 membris
752 1923 904 1998 redditis,
929 1941 994 1980 non
1014 1919 1125 2004 perdi-

54 2003 117 2077 tis,
150 2001 376 2085 apparebunt..
396 2004 541 2081 Quemvis
562 2007 667 2089 itaque
685 2010 812 2082 omnia,
842 2027 922 2088 quae
946 2004 1125 2069 acciderunt

55 2088 186 2168 corpori
208 2088 301 2164 vitia,
321 2100 397 2149 tnnc
413 2110 476 2150 non
498 2103 607 2151 erunt:
638 2111 703 2152 non
728 2103 799 2153 sunt
814 2103 914 2151 temen
934 2088 1137 2173 deputanda,'

55 2168 102 2229 rel
122 2170 305 2252 appellanda
328 2175 422 2250 vitia,
445 2176 569 2235 virtutis
589 2176 713 2236 indicis.
770 2175 863 2237 Absit
889 2187 1012 2248 eutem,
1031 2185 1068 2233 ut
1083 2172 1123 2233 ed

55 2256 263 2316 resuscitanda
285 2275 443 2339 corpora,
476 2261 619 2340 vitaeque
644 2260 825 2336 reddenda,
854 2280 918 2321 non
938 2260 1038 2342 possit
1054 2278 1123 2318 om·

55 2339 229 2419 nipotentia
252 2342 402 2399 creatoris
426 2342 528 2400 omnia
549 2363 715 2417 revocare,
742 2366 820 2424 quac
844 2343 889 2402 vel
919 2343 1041 2421 bestia,
1071 2342 1119 2401 vel
1134 2338 1300 2428 ¹’,02‘fi'i'ffl-¹

56 2422 136 2504 ignis
156 2420 345 2503 absumpsit:
376 2422 425 2480 rel
443 2425 474 2481 in
493 2424 651 2505 pulverem
673 2429 843 2486 cineremve
872 2427 1053 2510 collapsum,
1072 2402 1302 2499 velitiisssilJei.

56 2506 88 2564 in
130 2503 292 2564 humorem
316 2504 461 2582 solutum,
483 2506 531 2565 vel
556 2509 587 2566 in
612 2528 700 2568 auras
728 2523 773 2569 est
795 2507 976 2568 exhalatum.
1020 2509 1122 2581 Absit,
1132 2492 1235 2533 '‘m‘'

56 2601 93 2649 ut
114 2587 200 2649 sinus
227 2584 327 2664 ullus,
346 2601 558 2670 secretumque
576 2603 702 2651 naturae
716 2591 759 2652 ita
774 2593 904 2673 recipiat
915 2590 1034 2671 aliquid
1049 2589 1127 2649 sub-

56 2685 193 2733 tractum
228 2671 366 2733 sensibus
395 2675 529 2748 nostris,
558 2687 595 2735 ut
625 2677 762 2735 omnium
789 2676 938 2737 creatoris
952 2686 1020 2735 -eut
1035 2673 1128 2735 lateat

59 2759 293 2839 cognitionem,
329 2769 382 2816 eut
411 2756 537 2841 effugiat
562 2772 754 2841 potestatem.
806 2761 848 2821 Et
871 2771 944 2844 post
958 2757 1126 2840 quaednmr
1202 2780 1206 2791 ¹

58 2839 125 2899 Etsi
151 2838 296 2900 omnibus
314 2843 457 2924 periisset
485 2841 585 2903 modis
605 2865 679 2905 caro
698 2843 851 2920 bumana,
887 2866 942 2904 nec
962 2840 1025 2902 ulla
1058 2841 1127 2923 ejus

58 2927 200 2985 materies
227 2927 258 2983 in
293 2923 365 2984 ullis
395 2938 524 2986 naturae
540 2925 667 2988 latebris
686 2928 892 3007 remansisset,
914 2925 998 2989 unde
1023 2926 1126 3004 vellet,

58 3029 125 3071 enm
144 3020 303 3091 repararet
319 3013 523 3093 omnipotens.
573 3070 575 3074 ,

141 3090 399 3157 ATHANASIUS
421 3097 452 3163 in
476 3094 600 3170 Symbe
634 3095 683 3156 Ad
716 3098 808 3177 eujus
832 3095 995 3157 adventurn
1021 3114 1125 3156 omncs

55 3175 198 3238 homines
220 3198 381 3259 resurgere
409 3176 526 3239 babent
551 3201 619 3240 cum
646 3178 834 3262 corporibus
862 3184 942 3256 suis,
964 3192 995 3239 et
1021 3178 1128 3239 reddi-

55 3263 123 3320 turi
154 3273 228 3321 sunt
258 3261 297 3321 de
319 3262 407 3323 factis
434 3267 574 3345 propriis
602 3266 760 3324 rationem.
803 3266 845 3326 Et
872 3266 925 3346 qui
951 3264 1035 3325 bona
1058 3283 1130 3346 ege-

55 3356 152 3433 runt,
188 3344 281 3407 ibunt
309 3348 342 3407 in
364 3349 460 3411 ritum
487 3359 658 3409 aeternnm:
680 3351 823 3432 quivero
846 3349 941 3427 mela,
971 3351 1004 3408 in
1028 3349 1129 3432 ignem

54 3442 226 3493 aeternum.
999 3456 1005 3467 =

528 3624 638 3705 XXl.

236 3799 338 3907 Quis
367 3820 428 3886 est
455 3823 693 3921 postremus
723 3800 960 3889 Articulus‘?
1015 3813 1017 3817 ’

155 3985 202 4057 Δ.
252 3988 310 4062 De
333 3988 408 4064 ritu
431 4009 605 4074 aeterne,
640 3974 752 4092 qnam
775 3992 904 4066 clectis
925 4006 1012 4091 post
1028 3989 1308 4128 mor-iggff'illi

1164 4100 1177 4127 ι
1216 4098 1267 4133 At.
1285 4097 1309 4134 tt

55 4119 346 4210 tennsnperesse
364 4114 515 4192 minime
532 4117 754 4193 dubitemus.
807 4122 930 4217 Atque
943 4114 1007 4188 bie
1025 4112 1126 4187 leuc·
1138 4144 1309 4239 {arrham
1349 4188 1354 4203 ,

53 4244 119 4305 tus
138 4249 178 4309 et
194 4231 279 4309 linis
297 4255 354 4312 est
381 4235 497 4324 lidei,
527 4242 630 4346 spei,
661 4242 866 4344 patientioe
886 4256 926 4319 et
948 4238 1311 4336 exercite-{ffflfflflg
