2768 4762
291 390 351 458 02
623 382 697 447 DE
738 382 877 449 FIDE
920 384 988 450 ET

295 566 397 628 dentis
433 567 543 667 copiae
576 567 735 654 largitate,
768 570 869 631 unitas
889 583 989 631 tumen
1014 578 1156 637 sensatur
1177 571 1209 630 iu
1233 572 1366 655 origine.

293 648 402 712 Avelle
418 652 540 713 redium
554 652 636 715 Solis
658 674 675 714 a
699 674 850 739 corpore:
873 653 1053 715 divisionem
1075 652 1162 730 lueis,
1185 656 1365 719 uuitssnou

293 736 397 818 capit:
419 734 459 796 sb
481 736 596 800 arbore
616 740 725 884 treuge
745 758 872 817 ramum,
895 738 1011 798 fractus
1035 739 1206 821 germinare
1226 759 1290 801 nou
1302 762 1367 825 po·

291 820 385 881 terite
417 840 436 882 s
467 821 556 887 fonte
579 824 682 905 praeci
707 844 724 883 e
745 825 867 900 rivum,
899 820 1056 906 p'riiecisus
1079 834 1204 883 arescet.
1248 824 1300 885 Sic
1331 837 1364 886 et

291 901 431 966 Ecclesia
461 904 589 968 Domini
629 906 697 968 luce
725 907 869 990 perlusa,
902 927 961 990 per
991 905 1101 967 orbem
1129 909 1361 969 totumradios

289 1007 364 1049 suos
389 990 545 1075 porrigite
580 1010 677 1051 unum
697 1003 799 1052 tamen
829 991 933 1051 lumen
954 1002 1017 1068 est,
1039 988 1127 1072 quod
1148 989 1268 1073 ubique
1293 992 1359 1053 dif-

289 1071 455 1152 funditur,
487 1095 545 1135 nec
575 1077 676 1137 unitas
706 1078 850 1160 corporis
883 1086 1058 1157 separatore
1096 1078 1198 1135 'ramos
1230 1095 1303 1137 suos
1324 1078 1360 1138 in

288 1157 462 1219 universum
482 1170 596 1221 terram
618 1160 709 1243 copia
731 1159 881 1221 ubertatis
898 1158 1054 1235 extendit,
1089 1156 1278 1241 profluentes
1293 1159 1359 1220 lur-

287 1242 368 1323 giter
389 1243 473 1304 rivos
494 1242 587 1304 latius
609 1244 774 1327 expendit:
795 1263 892 1303 unum
912 1255 1012 1303 tumen
1034 1255 1129 1325 caput
1150 1254 1211 1319 est,
1236 1255 1268 1305 et
1287 1246 1356 1304 ori-

254 1332 259 1340 ’
308 1345 328 1384 o
352 1344 429 1403 una,
464 1338 496 1388 et
516 1348 578 1388 uus
601 1341 716 1407 muter,
749 1327 968 1389 foecunditatis
1000 1326 1192 1388 successibus
1216 1328 1353 1410 copiosa.

284 1346 375 1469 itlius
407 1410 496 1473 luctu
525 1414 701 1490 nascimur,
735 1410 819 1474 illius
843 1411 922 1472 lacte
940 1414 1117 1487 nutrimur,
1152 1413 1266 1494 spiritu
1285 1412 1354 1493 ejus

282 1495 463 1557 animamur.
517 1494 699 1557 Adulterari
731 1517 796 1558 nou
841 1508 923 1557 otest
943 1516 1055 1579 sponsa
1076 1493 1214 1571 Christi,
1248 1497 1355 1556 incor-

283 1589 378 1661 rupta
399 1589 446 1640 est
468 1590 500 1640 et
520 1580 653 1664 pudica:
683 1600 775 1641 unam
806 1518 934 1641 domum
963 1587 1067 1656 novit,
1100 1582 1191 1639 unius
1213 1578 1353 1643 cubiculi

84 1724 93 1733 ,
282 1664 473 1725 sanctitatem
484 1676 569 1726 casto
586 1665 707 1748 pudore
720 1665 866 1727 custodit.
910 1664 993 1725 Haec
1014 1685 1072 1725 nos
1090 1664 1159 1725 Deo
1170 1675 1270 1724 serrat
1290 1675 1348 1724 etc.

166 1744 168 1748 ’
233 1762 236 1767 ·
365 1761 394 1814 2.
436 1748 643 1809 IRENAEUS
664 1748 699 1809 L.
721 1750 746 1810 1.
769 1748 837 1810 adv.
858 1746 976 1810 haeres.
998 1769 1065 1832 cap.
1088 1762 1138 1817 δα
1159 1748 1350 1831 Hancprae-

282 1828 469 1893 dicationem
495 1848 566 1894 eum
593 1835 765 1916 acceperit,
798 1846 829 1894 et
851 1832 931 1894 hanc
952 1829 1063 1909 fidem,
1092 1831 1350 1914 quemadmodum

281 1914 504 1998 praediximus,
541 1916 701 1994 Ecclesia,
737 1929 769 1979 et
825 1916 929 1979 uidem
949 1919 980 1977 in
1004 1918 1179 1978 uuiversum
1201 1916 1351 1976 mundum

106 2009 139 2052 112
155 1997 494 2079 Seduludissemiuats,
517 2000 681 2085 diligenter
707 1938 865 2076 custodit,
888 1998 976 2082 qus‘si
998 2021 1090 2061 uuam
1112 2000 1237 2060 domum
1259 1999 1351 2061 inha-

106 2058 270 2159 iii.''1‚il'¹i„l‡
281 2081 404 2156 bitaus,
426 2096 457 2146 et
477 2084 619 2147 similiter
641 2085 741 2147 credit
761 2088 816 2163 iis,
837 2084 981 2146 videlicet
1002 2086 1089 2167 quasi
1110 2104 1201 2143 unam
1219 2084 1349 2143 oninium

104 2165 397 2248 ffifflssghahens
419 2179 451 2230 et
470 2188 567 2233 unum
589 2191 662 2248 cor,
684 2182 715 2231 et
735 2182 943 2231 consonanter
961 2167 1038 2230 haec
1057 2167 1215 2252 praedicat
1235 2181 1266 2228 et
1287 2167 1347 2228 do·

279 2264 330 2313 cet
351 2265 383 2315 et
402 2252 500 2314 trudit
521 2256 608 2336 quasi
630 2274 727 2314 uuum
747 2253 909 2338 possidens
931 2273 977 2315 os.
1019 2255 1096 2317 Nam
1125 2253 1181 2315 etsi
1204 2254 1235 2313 iu
1256 2273 1349 2312 mun-

278 2335 320 2398 do
347 2335 492 2419 loquelae
513 2338 672 2399 dissimiles
705 2351 801 2409 suut.
834 2336 888 2399 sed
909 2350 1008 2398 tamon
1042 2339 1140 2397 virtus
1166 2336 1347 2413 traditionis

275 2441 337 2481 uns
356 2432 388 2482 et
408 2421 513 2483 eadem
536 2434 590 2483 est.
646 2423 688 2483 Et
709 2443 811 2505 neque
830 2420 910 2500 hae,
933 2442 1012 2505 quse
1031 2422 1251 2497 iu‘Germania
1272 2431 1346 2482 suut

101 2514 192 2556 &⁰¹0⁸-
207 2513 263 2557 ⁰⁸¹·
275 2504 422 2567 fundutse
445 2504 601 2569 Ecclesiae
608 2546 620 2585 ,·
640 2508 731 2568 aliter
751 2507 904 2583 creduut,
926 2519 982 2568 aut
1004 2504 1100 2567 aliter·
1113 2504 1260 2567 trsdunt:
1290 2526 1346 2565 ne·

72 2563 260 2653 'libilbff'
276 2588 425 2672 quehae,
448 2612 528 2674 quae
550 2595 582 2652 iu
606 2591 731 2653 Hiberis
752 2604 834 2668 suut,
856 2610 958 2673 neque
980 2587 1057 2666 hae,
1082 2609 1162 2671 quae
1183 2593 1215 2651 iu
1236 2588 1342 2665 Celtis,

98 2662 239 2763 ffissssfflff
273 2695 374 2758 neque
384 2674 451 2753 hae,
464 2678 583 2757 quaein
596 2674 734 2752 Oriente,
746 2674 919 2758 usquehuc,
937 2676 1055 2758 quaein
1066 2671 1220 2758 Aegypto,
1240 2693 1343 2756 neque

97 2766 143 2804 ⁰⁸⁶·
273 2756 341 2836 hae,
351 2780 429 2840 quae
440 2762 472 2819 in
484 2757 592 2837 Libya,
615 2781 717 2843 neque
726 2760 793 2837 hae,
810 2780 889 2840 quae
901 2762 932 2819 iu
945 2758 1047 2819 medio
1061 2759 1169 2818 mundi
1182 2771 1253 2819 suut
1264 2779 1342 2818 con·

271 2843 410 2904 stitutue:
436 2843 490 2904 sed
501 2845 583 2904 sicut
595 2844 642 2905 sol
651 2856 808 2905 creaturae
816 2843 874 2902 Dei
884 2848 915 2902 in
930 2845 1076 2904 universo
1087 2842 1205 2904 mundo
1219 2862 1298 2903 unus
1311 2853 1343 2903 et

267 2925 350 2987 idem
372 2939 437 3004 est,
465 2928 513 2988 sic
546 2941 578 2988 et
598 2928 701 2988 lumen
721 2926 913 3011 praedicatio
944 2929 1094 2988 veritatis
1108 2927 1226 3010 ubique
1246 2926 1340 3003 lucet,

269 3022 302 3071 et
322 3010 477 3073 illuminat
497 3032 603 3074 omnes
624 3012 781 3089 homiues,
804 3014 857 3094 qui
880 3011 991 3073 volunt
1009 3011 1049 3072 ud
1065 3014 1273 3095 coguitionem
1285 3032 1341 3071 ve-

268 3095 368 3156 ritatis
401 3098 516 3158 venire.
570 3097 613 3158 Et
646 3117 748 3179 neque
770 3097 825 3179 qui
856 3094 945 3157 valde
966 3094 1121 3181 praevalet
1141 3097 1173 3153 iu
1196 3115 1340 3156 sermone

198 3222 200 3227 ,
267 3199 303 3240 er
326 3183 384 3257 iis,
407 3183 463 3263 qui
484 3194 633 3265 praesunt
663 3180 834 3256 Ecclesiis,
866 3180 946 3252 alis,
969 3199 1061 3263 quum
1081 3176 1262 3256 haecsunt,
1286 3179 1336 3239 di·

267 3275 327 3324 cet.
370 3265 467 3327 Nemo
498 3268 579 3325 euim
611 3286 707 3349 supra
735 3268 915 3351 magistrum
946 3277 1009 3326 est:
1039 3282 1139 3344 neque
1153 3259 1278 3323 infimus
1303 3264 1336 3322 iu

267 3345 418 3426 dicendo,
449 3348 658 3410 deminorsbit
684 3351 893 3413 traditionem.
951 3351 1029 3410 Cum
1052 3349 1133 3408 euim
1158 3368 1220 3408 unu
1237 3360 1268 3407 et
1282 3366 1335 3406 ea·

267 3432 336 3492 dem
365 3429 443 3495 fides
471 3435 529 3511 sit,
558 3455 659 3517 neque
690 3438 731 3512 is,
753 3438 806 3518 qui
828 3433 957 3494 multum
981 3434 1019 3494 de
1040 3453 1076 3493 ea
1096 3443 1200 3516 potest
1220 3430 1333 3506 dicere,

264 3516 418 3601 amplius:
442 3537 543 3599 neque
565 3520 607 3593 is,
633 3521 687 3602 qui
710 3521 833 3595 minus,
856 3518 1040 3579 deminorat.

346 3614 377 3669 ὅ.
419 3600 692 3663 HIERONYMUS
715 3603 753 3662 ud
772 3600 926 3685 Agerueh.
949 3622 1004 3662 seu
1027 3603 1144 3662 Geron.
1164 3601 1195 3661 d.
1216 3599 1333 3660 Mono-

260 3704 340 3770 gum.
361 3685 450 3769 epist.
474 3697 542 3752 11.=
565 3686 669 3746 Erunt
693 3686 758 3747 duo
786 3688 819 3745 in
840 3704 963 3746 carnem
987 3706 1098 3759 unam,
1120 3707 1185 3747 non
1202 3687 1235 3746 iu
1255 3682 1333 3744 duas

83 3766 221 3818 ΜΛΝ·
257 3771 364 3831 necin
384 3782 458 3830 tres.
499 3767 638 3851 Propter
667 3770 754 3852 quod
778 3769 934 3855 relinquet
958 3769 1055 3831 homo
1076 3784 1196 3853 patrem
1219 3780 1251 3830 et
1266 3787 1333 3831 me·

80 3872 226 3932 spisses-
255 3865 357 3927 trem,
381 3864 413 3914 et
428 3850 610 3915 adhaerebit
628 3857 719 3914 uxori
741 3875 828 3916 suaet
857 3867 1015 3915 certeuou
1030 3854 1190 3915 uxoribus.
1234 3848 1340 3931 Quod

78 3938 466 4010 :whflfflstestimonium
498 3936 615 3999 Paulus
643 3939 834 4016 edisserens,
872 3937 912 3999 ad
940 3938 1098 3999 Christum
1120 3940 1218 4000 refert
1235 3950 1267 3999 et
1289 3936 1332 3998 ud

79 4028 132 4107 2⁸⁸·
140 4017 245 4109 ,22ss3
256 4020 439 4082 Ecclesiam:
471 4033 506 4083 ut
528 4024 647 4106 primus
667 4022 766 4084 Adam
790 4025 822 4082 iu
844 4043 956 4099 carne,
993 4023 1146 4084 secundus
1165 4024 1198 4084 iu
1214 4023 1332 4105 spiritu

78 4115 199 4161 ἱππεῦσί.
253 4125 453 4189 monogamus
479 4107 528 4167 sit.
573 4106 622 4168 sit
644 4128 703 4168 uus
725 4108 805 4183 Eva,
828 4121 925 4168 mater
945 4119 1132 4193 cunctorum
1143 4109 1330 4168 virentium:

253 4201 285 4249 et
304 4210 368 4251 uua
386 4190 525 4252 Ecclesia
527 4212 676 4338 &pareus
687 4196 824 4253 omnium
836 4191 1097 4255 Christianorum.
1141 4191 1229 4253 Sicut
1244 4191 1331 4252 iilam

75 4265 526 4372 ffiffid‘maledictmlasm
602 4278 634 4337 in
655 4275 736 4357 dus·
756 4275 861 4339 divisit
879 4296 1010 4340 uxores:
1034 4274 1331 4339 sic‘hanelreereti·
