2768 4762
442 379 778 459 SYMBOLO·
1094 387 1169 456 119

96 557 256 637 mndata,
286 572 318 622 et
341 580 420 639 eos,
444 562 511 644 qni:
534 563 664 627 faciunt·
680 562 891 645 iniquitatem:
918 573 950 625 et
969 564 1093 622 mittent
1114 580 1167 621 eos
1211 624 1217 637 ,

96 671 125 731 'm
149 671 302 729 caminum
323 669 413 751 ignis.
455 667 505 729 Ibi
522 671 583 730 erit
603 665 693 728 fletus
707 679 739 731 et
752 667 871 729 stridor
884 658 1035 730 dentium.
1077 667 1167 730 Tunc

93 776 167 861 justi
196 774 363 858 fulgebunt
386 774 469 835 sicut
498 773 548 836 sol
571 775 605 834 in
628 794 724 858 regno
756 775 854 856 patris
885 795 1005 836 eorum.
1062 773 1168 836 Simile

93 895 137 943 est
157 904 288 966 regnum
311 878 469 942 caelorum
490 902 619 966 sagenae
648 883 757 941 missae
777 880 809 944 in
834 901 937 960 mare,
969 897 1001 944 ct
1025 874 1067 946 ex'
1082 885 1166 944 omni

88 1010 201 1072 genere
219 991 352 1072 piscium
377 992 588 1073 congreganti.
632 988 750 1066 Quam,
788 970 857 1046 cum
873 989 999 1071 impleta
1017 1003 1112 1065 esset,
1132 1009 1167 1050 e-

80 1094 258 1172 ducentes,
293 1110 324 1155 ct
346 1096 537 1158 secus'iittue
557 1095 711 1172 sedentes,
734 1090 894 1179 elegerunt
912 1096 1014 1158 honos
1032 1099 1065 1155 in
1084 1115 1165 1172 vasa,

88 1202 187 1265 malos
202 1216 304 1264 autem
318 1204 403 1266 foras
418 1206 580 1265 miserunt.
624 1203 674 1261 Sic
697 1202 756 1262 crit
779 1204 810 1259 in
822 1205 1085 1263 consummatione
1100 1223 1168 1262 sac·
1277 1218 1282 1227 “

78 1310 179 1373 cuii:
202 1310 330 1372 cxiirnnt
344 1312 467 1396 angeli,
490 1324 522 1372 et
544 1307 734 1391 separabunt
754 1305 851 1366 malos
875 1307 914 1367 de
938 1308 1040 1369 medio
1061 1310 1177 1388 justo-r

87 1439 178 1499 rum,
209 1429 241 1478 ct
261 1421 386 1478 mittent
414 1438 468 1484 eos
491 1416 526 1479 in
552 1416 704 1478 caminum
734 1414 821 1502 ignis,
872 1414 922 1475 Ibi
944 1417 1005 1477 crit
1025 1410 1116 1474 fletus
1135 1427 1167 1474 et

90 1523 212 1585 stridor
231 1522 380 1584 dentium.

82 1610 85 1615 ¹
173 1627 321 1690 Mattb.
343 1624 462 1695 XXV‚s
495 1627 539 1691 Et
559 1624 652 1687 ibunt
677 1624 712 1688 bi
731 1628 763 1688 in
784 1627 975 1713 supplicium
997 1640 1166 1703 aeternnm,

91 1737 167 1815 insti
184 1747 285 1795 antem
311 1737 343 1797 in
368 1738 461 1799 vitam
482 1746 645 1797 aeternam.

173 1839 259 1902 Job.
279 1841 391 1907 xlx:
412 1843 485 1907 Scio
492 1888 503 1922 ,
527 1840 616 1924 qnod
638 1840 819 1924 redemptor
840 1825 897 1904 etc.

173 1946 342 2009 (ioioas.¹
359 1950 434 2012 nt:
468 1944 659 2010 Mortificate
679 1948 818 2011 membra
839 1961 959 2028 vestra,
991 1967 1071 2031 quae
1094 1959 1165 2009 aunt

89 2066 336 2137 superterram,
357 2054 621 2133 fornicationem,
643 2055 870 2118 immunditiam
893 2069 952 2118 etc.
975 2084 978 2091 ·

168 2161 194 2221 1.
215 2154 321 2221 Petra
353 2160 433 2223 111³
470 2161 617 2224 Mortuus
643 2174 690 2224 est
721 2164 827 2245 justus
862 2184 923 2246 pro
945 2164 1092 2245 injustis,
1126 2175 1163 2222 ut
1266 2175 1271 2193 ⁸

88 2287 142 2327 nos
165 2266 293 2328 offerret
313 2267 382 2329 Deo
394 2282 404 2353 ς
439 2266 648 2330 mortificatos
678 2269 805 2350 quidem
832 2291 947 2349 carne,
988 2267 1161 2332 vivificatos

84 2385 185 2435 autem
207 2375 329 2455 spiritu.

170 2478 195 2537 1.
218 2478 310 2538 Cor.
331 2477 387 2537 IX.
400 2478 414 2535 ε’
444 2477 570 2563 Castigo
600 2499 714 2560 corpus
740 2504 840 2543 mcum
870 2495 900 2543 et
925 2486 958 2543 in
982 2486 1160 2545 servitutem

85 2583 216 2667 redigo,
247 2603 288 2644 ne
324 2582 408 2644 forte
438 2603 509 2644 cnm
543 2584 612 2646 aliis
632 2585 890 2667 praedicaverim,
919 2589 985 2669 ipsa
1005 2588 1160 2670 reprobus

84 2689 215 2755 efficiar.

74 2786 78 2791 ¹
168 2798 279 2860 Rom.
300 2792 373 2857 VL:
396 2794 468 2859 Non
490 2819 565 2884 ergo
588 2784 696 2885 regnet
716 2811 877 2885 peccatum
895 2800 928 2859 in
949 2811 1053 2861 vestro
1075 2818 1163 2858 mor·

82 2906 138 2969 tali
159 2925 314 2988 corpore,
335 2915 373 2964 ut
394 2903 548 2968 obediatis
571 2910 831 2991 concupiscentiis
858 2909 936 2989 ejus.
979 2905 1041 2968 Sed
1060 2926 1163 2988 neque

82 3010 252 3073 exhibeatis
272 3011 410 3073 membra
427 3026 529 3075 vestre
549 3036 635 3076 arma
661 3016 835 3098 iniquitatis
855 3028 1003 3098 peccato:
1039 3014 1094 3077 scd
1110 3034 1163 3075 ex·

82 3118 188 3181 hibcte
208 3140 264 3180 vos
286 3119 375 3200 Deo,
412 3130 560 3205 tanquam
585 3144 621 3184 ex
641 3124 774 3184 mortuis
802 3123 950 3182 viventes:
973 3133 1004 3183 et
1024 3120 1162 3183 membra

81 3238 184 3287 vestra
203 3247 288 3288 arma
309 3230 447 3310 justitiae
469 3230 548 3291 Deo.
605 3228 696 3293 Sicut
717 3227 900 3290 exhibuistis
934 3228 1072 3290 membra
1092 3249 1163 3289 ves-

80 3346 134 3395 tra
148 3335 264 3395 seivire
281 3335 548 3397 immunditiaeet
565 3336 724 3418 iniquitati
739 3337 779 3397 ad
794 3339 999 3419 iniquitatem,
1015 3336 1059 3395 ita
1076 3354 1159 3394 nunc

80 3439 223 3504 exbibete
238 3440 376 3503 membra
391 3453 492 3503 vestra
499 3445 614 3504 servire
630 3444 769 3526 justitiae
783 3446 814 3503 in
829 3440 1116 3504 sanctificationem.

166 3548 193 3609 1.
215 3542 307 3616 Cor.
338 3549 425 3611 XV.:
459 3548 635 3612 Seminatnr
666 3553 948 3635 incorruptione:
987 3561 1094 3633 surget
1127 3549 1171 3608 in-

77 3658 330 3739 incorruptionc.
354 3657 530 3718 Seminatur
552 3661 584 3717 in
607 3626 821 3741 ignobilitates
863 3669 970 3743 surget
992 3659 1025 3716 in
1047 3653 1157 3739 gloria.

79 3764 259 3825 seminatur
294 3766 326 3822 in
359 3763 560 3826 infirmitate:
596 3779 703 3850 surget
736 3768 769 3826 in
802 3769 927 3828 virtute.
984 3763 1158 3825 Seminatur

79 3891 199 3958 corpus
221 3871 367 3933 animale:
389 3885 496 3957 surget
516 3893 633 3958 corpus
656 3873 808 3957 spiritale
1062 3866 1065 3871 ’

454 4029 775 4102 Patruus.

165 4171 201 4234 Δ.
226 4174 533 4238 “ΗΙΕΒΟΝΥΜΠ5’
556 4177 590 4236 in
619 4176 708 4258 epist
733 4188 803 4244 152.
837 4174 876 4235 ad
898 4176 1008 4237 Miner.
1031 4185 1062 4232 et
1083 4170 1157 4230 Ale·

83 4274 161 4317 au:
196 4259 376 4338 Quaeritis,
414 4279 480 4341 quo
509 4280 603 4322 sensu
624 4260 742 4323 dietum
762 4263 823 4340 tit,
856 4273 887 4321 ct
921 4279 987 4341 qno
1006 4254 1102 4321 modo
1124 4258 1156 4316 in
