2768 4762
214 400 293 470 350
517 391 585 454 DE
620 389 895 457 cantra‘rn
926 386 1000 457 ET

215 581 392 668 proximum
423 599 533 656 sunm,
570 589 605 639 et
633 598 694 662 per
725 577 871 642 insidiosa
902 576 943 641 ab
975 576 1066 644 ultan·
1096 599 1169 648 meo
1193 587 1306 656 evelles

215 712 302 769 earm,
323 701 360 750 nt
382 688 538 750 moriatur
560 698 619 747 etc.
659 703 662 708 ’

301 817 445 882 Mattb.
467 816 525 878 V.=
553 816 709 894 Audistis,
733 817 806 898 quia
828 814 946 876 dietum
968 820 1200 901 estantiquis:
1233 824 1307 890 Non

219 929 362 992 occides:
399 927 454 1009 qui
488 937 590 986 antem
623 923 795 1000 occiderit,
840 945 912 984 rens
945 926 1006 985 erit
1042 926 1180 1008 judicio.
1236 933 1305 1014 Ego

220 1049 322 1099 autem
356 1035 428 1095 dico
459 1032 584 1110 vobis,
608 1033 683 1113 quia
716 1032 836 1106 omnis,
862 1033 925 1113 *qni
948 1032 1094 1093 irascitur
1117 1035 1214 1100 fratri
1237 1064 1304 1123 suo,

220 1166 292 1205 reus
328 1144 389 1203 erit
422 1140 555 1222 judicio.
611 1139 675 1215 Qui
700 1150 800 1199 antem
820 1136 941 1199 dixerit
963 1139 1054 1201 fratri
1076 1163 1160 1219 sno,
1184 1147 1305 1216 Bacca:

221 1273 292 1312 rens
323 1251 384 1310 erit
420 1246 567 1308 concilio.
624 1247 689 1322 Qui
722 1256 822 1305 autem
853 1244 980 1324 dixerit,
1011 1248 1114 1315 fatnet
1150 1274 1227 1317 reus
1247 1263 1305 1323 erit

138 1433 141 1439 Ι
221 1357 377 1443 gehennae
407 1353 497 1440 ignis.
549 1355 583 1415 si
614 1373 689 1437 ergo
712 1352 806 1414 offers
826 1373 938 1435 munus
959 1352 1049 1416 tuum
1070 1358 1110 1418 ad
1132 1360 1254 1444 altare,
1276 1382 1304 1430 et

221 1465 267 1525 ibi
290 1463 470 1526 reeordatus
493 1463 614 1539 fueris,
651 1462 725 1544 quia
756 1460 854 1535 frater
880 1473 952 1522 tuus
976 1462 1072 1526 babet
1102 1467 1231 1552 aliquid
1251 1476 1306 1535 ad.

220 1594 344 1634 versum
379 1585 427 1632 te:
457 1569 673 1659 relinque‘ibi
695 1589 805 1628 munus
827 1579 914 1638 tuum
936 1583 1005 1631 aute
1028 1572 1140 1650 altare,
1175 1591 1209 1640 et
1232 1583 1306 1644 vade

219 1683 308 1766 prius
335 1679 534 1771 reconciliari
565 1678 658 1739 fratri
686 1688 764 1736 tuot
806 1687 837 1735 et
857 1688 933 1754 tunc
954 1681 1079 1743 veniens
1102 1682 1219 1750 offeres
1239 1712 1306 1752 mn.

220 1809 279 1848 nus
295 1798 395 1849 tuum.

307 1918 325 1980 J
337 1913 449 1978 acob.
477 1914 536 1974 Π.ε
577 1912 642 1990 Qui
667 1910 760 1974 dixit:
791 1910 864 1975 Non
885 1912 1122 1993 moechaberis3
1155 1922 1238 1989 dixit
1261 1941 1305 1990 ets

222 2025 295 2089 Non
330 2022 465 2085 occides.

305 2131 332 2192 1.
354 2130 373 2190 J
383 2147 473 2193 oan.
493 2126 574 2188 111.=
597 2124 729 2204 Omnis,
750 2128 804 2209 qui
824 2127 894 2190 odit
915 2129 1043 2193 fratrem
1060 2137 1172 2212 edum,
1194 2131 1307 2199 bomi-

225 2238 296 2300 cida
327 2247 382 2298 est.
435 2235 479 2320 Et
513 2235 616 2313 scitis,
651 2235 797 2315 quoniam
827 2238 926 2299 omnis
950 2237 1106 2304 homicide
1119 2261 1192 2305 non
1211 2241 1306 2308 habet

116 2378 124 2388 1
223 2349 318 2409 vitam
340 2356 493 2407 aeternam
507 2342 541 2401 in
566 2352 660 2401 semet
685 2343 754 2424 ipso
773 2336 954 2406 madentem.

308 2444 455 2538 Ephes.
479 2444 552 2509 Νι
586 2448 776 2529 Irascimini,
808 2463 838 2513 et
859 2452 957 2516 nolite
984 2474 1132 2538 peccare;
1168 2457 1219 2522 sol
1242 2479 1296 2520 non

224 2561 350 2626 occidat
371 2578 466 2644 snper
489 2556 682 2618 iracundiam
702 2553 844 2619 uestram.
901 2559 1039 2644 Ibidem:
1064 2563 1179 2627 Omnis
1199 2567 1300 2628 amari-

223 2671 326 2748 tudo,
349 2680 380 2730 et
406 2670 469 2743 ira,
492 2678 523 2727 et
546 2665 742 2748 indignatio,
764 2678 795 2727 et
816 2666 954 2748 clamor,
979 2681 1010 2730 et
1030 2669 1231 2756 blasphemia
1244 2673 1300 2736 tol-

156 2848 159 2852 ,
223 2777 308 2840 latur
329 2798 347 2838 a
371 2774 555 2837 vobiscum
582 2782 667 2836 omni
691 2773 816 2834 malitia.

308 2885 470 2948 Coloss.
495 2885 568 2944 111.:
603 2882 692 2963 Nunc
731 2894 832 2940 autem
863 2880 1011 2965 deponite
1047 2896 1079 2945 et
1101 2905 1162 2947 vos
1190 2889 1301 2948 omnixe

223 2997 320 3072 iram,
353 2993 615 3078 indignationem,
636 2986 803 3066 malitiam,
832 2987 1071 3074 blasphemiam,
1093 3003 1227 3079 turpem
1250 3015 1303 3057 w.

223 3124 346 3165 monem
371 3102 408 3162 de
428 3122 483 3162 ore
501 3111 619 3160 vestro.

305 3210 380 3271 Psa
392 3200 448 3267 lm.
473 3206 550 3269 1V.=
572 3206 765 3282 Irascimini,
787 3217 818 3266 et
838 3204 937 3266 nolite
959 3224 1102 3290 peceare.

235 3289 238 3297 ι
306 3318 408 3378 Rom.
430 3315 524 3376 XII.:
563 3313 651 3375 Nulli
681 3313 796 3374 malum
825 3334 887 3396 pro
921 3313 1003 3375 malo
1027 3315 1217 3379 reddentesa
1240 3316 1303 3378 Non

223 3436 342 3485 vosmet
366 3427 452 3508 ipsos
481 3421 698 3498 defendentes,
731 3423 902 3497 carissimi,
925 3420 980 3481 sed
1002 3412 1208 3485 date'loenm
1230 3427 1305 3491 irae;

224 3534 377 3615 seriptum
408 3543 455 3592 est
487 3532 587 3591 euim:
630 3530 711 3591 Mihi
744 3529 927 3606 vindictam,
963 3540 996 3592 et
1024 3549 1083 3614 ego
1112 3532 1306 3608 retribuam,

224 3638 302 3700 dicit
319 3640 482 3699 Dominus.

307 3747 336 3805 D
351 3759 427 3808 eut.
456 3745 609 3807 XXXIL:
639 3745 709 3807 Mea
736 3757 784 3806 est
800 3742 901 3821 ultio,
931 3757 962 3807 et
989 3766 1046 3831 ego
1071 3746 1253 3810 retribuam
1269 3749 1308 3808 eis

223 3852 427 3934 intempore.
1115 3861 1119 3867 ’

306 3959 420 4020 Eecl.
441 3958 614 4023 nvnc:
645 3961 710 4037 Qui
734 3960 887 4022 vindicari
905 3960 989 4040 vult,
1018 3982 1037 4024 a
1056 3961 1201 4027 Domino
1224 3965 1310 4025 iuve-

222 4069 287 4128 niet
302 4067 487 4128 vindictam:
520 4080 550 4131 et
568 4081 695 4151 peccata
718 4067 803 4128 illius
819 4089 943 4130 servans
965 4069 1109 4132 servabit.
1152 4050 1310 4154 Relinque

221 4176 366 4256 proximo
387 4187 442 4236 tuo
471 4179 597 4237 nocenti
627 4189 680 4255 te,
714 4187 745 4237 et
776 4188 851 4236 tune
870 4176 1051 4261 deprecanti
1079 4176 1158 4257 tibi,
1180 4192 1312 4264 peccata

222 4281 391 4345 solventur.
445 4283 548 4346 Homo
570 4278 692 4348 bomini
712 4285 967 4366 reservatiram,
999 4298 1031 4349 et
1052 4305 1079 4349 a·
1092 4285 1165 4348 Deo
1184 4288 1312 4372 quaerit
