2768 4762
336 430 341 453 .
414 398 774 466 DRCALOGO.
1054 374 1150 483 ιη’
1238 440 1243 454 .

58 592 238 663 confitebor
271 590 351 654 illisa
386 588 469 668 Quia
489 608 646 672 nunquam
667 587 740 650 novi
763 605 839 664 vos:
870 586 1020 654 discedite
1040 609 1059 654 a
1079 612 1128 657 me

143 807 331 874 LThess.
362 805 425 866 V.:
458 803 522 864 Nos
557 816 675 900 autem,
717 803 770 886 qui
794 799 855 864 diei
874 824 995 884 summ,
1023 805 1123 871 301„st
1207 795 1210 799 ’
1253 868 1259 884 α

57 921 168 995 simus,
217 913 320 976 induti
362 911 490 973 loricam
534 907 608 971 fidei
647 922 679 971 et
727 911 889 990 caritatis,
933 926 966 975 et
1007 914 1123 999 galeam

54 1048 141 1111 spem
161 1022 278 1085 salutis.
1164 1096 1169 1103 ,

142 1129 292 1214 Ephes.
319 1125 392 1188 v1.=
423 1124 461 1186 Iu
493 1121 634 1185 omnibus
666 1134 815 1184 sumentes
836 1135 956 1186 scutum
977 1125 1068 1210 fidei,
1088 1118 1122 1195 in

58 1259 123 1322 qno
158 1239 270 1322 positis
298 1234 400 1294 omnia
416 1231 475 1293 tela
494 1231 671 1312 nequissimi
697 1231 784 1313 ignea
808 1229 1001 1323 extingueres
1026 1247 1124 1322 etgu·
1214 1296 1216 1303 ,
1273 1286 1276 1293 i

57 1345 137 1407 leam
159 1344 266 1407 solutis
288 1341 452 1402 assumitcs
491 1348 523 1399 et
552 1334 687 1420 gladium
707 1338 851 1422 spiritns,
879 1338 967 1420 qnod
989 1353 1035 1404 est
1051 1365 1123 1405 vesi-

55 1450 133 1513 bum
142 1450 226 1618 ,¹1³3
240 1575 267 1614 r.
301 1552 376 1614 V1.:
418 1547 622 1632 confugimus
654 1545 694 1608 ad
726 1548 887 1612 tenendam
926 1557 1122 1638 propositam

54 1686 157 1751 spem,
194 1681 286 1743 quam
306 1659 386 1718 sicut
417 1676 562 1717 ancoram
583 1654 731 1716 habemus
751 1660 868 1720 animae
888 1670 985 1721 tutam
1005 1682 1042 1726 ac
1065 1659 1124 1725 fir-

55 1791 157 1845 mam,
191 1779 223 1826 et
239 1764 426 1825 incedentem
442 1783 541 1844 usqne
561 1761 600 1822 ad
621 1764 770 1825 interiora
788 1765 944 1828 velaminis
959 1778 1017 1829 etc.
1078 1802 1080 1813 ι

140 1876 165 1935 1.
185 1875 302 1935 Joan.
328 1871 401 1932 1112
424 1870 486 1948 Qui
508 1889 571 1929 non
593 1867 718 1953 diligit,
747 1884 849 1934 manet
870 1873 903 1932 in
924 1886 1034 1939 morte.

139 1979 302 2041 Mattius
324 1977 441 2040 XXV.=
474 1975 645 2038 Novissime
658 1978 787 2040 veniunt
804 1990 835 2040 ct
857 1978 996 2066 reliquae
1023 1984 1120 2071 virgi-
1216 1978 1226 2047 J

52 2109 122 2164 nes,
143 2086 299 2149 dicentesz
321 2085 473 2162 Domine,
494 2084 652 2162 Domine,
673 2085 759 2168 aperi
780 2083 883 2149 nohis.
925 2086 972 2153 At
989 2089 1044 2155 ille
1067 2113 1119 2156 re·

53 2195 222 2281 spondeus,
245 2195 306 2256 uit:
326 2190 423 2254 Amen
444 2191 516 2253 dico
539 2189 629 2253 uobis
640 2234 651 2271 ,
671 2194 776 2256 nescio
796 2213 878 2262 uns.¹

420 2407 740 2480 Ponant).

140 2590 169 2647 1.
189 2576 381 2642 nuosrnu
399 2576 473 2661 neg.
495 2574 556 2658 up.
578 2575 614 2636 n.
635 2574 693 2637 nr.
713 2573 817 2641 aevu
830 2565 1036 2664 contempte.
1054 2595 1119 2652 m
1144 2605 1274 2654 sm.

55 2665 176 2727 Caritas
202 2676 270 2742 est,
309 2675 345 2723 ut
366 2661 442 2725 mihi
463 2659 604 2736 videtur,
639 2671 724 2721 recta
743 2661 888 2724 voluntas
915 2663 954 2724 ab
976 2654 1194 2730 omnihusm‘*

55 2749 187 2812 terrenis
212 2768 248 2810 ac
269 2745 483 2834 praesentibus
518 2763 650 2827 prorsus
675 2763 797 2807 aversa:
828 2747 934 2827 juncta
951 2749 1020 2812 Deo
1039 2753 1123 2813 luse-

56 2831 239 2916 parabilitcr
271 2846 301 2893 et
319 2834 424 2892 nnita:
459 2832 529 2912 igne
557 2827 693 2910 quodam
714 2834 809 2891 sanc‘d
833 2832 991 2915 Spiritus,
1012 2854 1031 2894 a
1055 2856 1122 2917 quo

57 2929 120 2992 est,
143 2928 174 2975 et
197 2914 236 2976 ad
264 2937 353 2998 quem
376 2914 531 2990 refertur,
553 2915 692 2975 incensas
713 2917 934 2997 inquinamenti
955 2921 1055 2980 omnis
1068 2941 1121 2981 ex·

55 3013 181 3075 nunes,
205 3002 364 3082 corrumpi
385 2999 508 3075 nescia,
529 2997 608 3060 nulli
635 3001 713 3061 vitio
742 3000 955 3063 mutabilitatis
975 3002 1121 3082 obnoxie,

58 3104 154 3165 supra
173 3087 294 3160 omnin,
327 3104 406 3165 quae
431 3080 595 3145 carnaliter
619 3081 792 3168 diliguntur
823 3084 938 3146 excelsu
950 3129 960 3164 ,
982 3087 1122 3149 affectio·

58 3188 146 3229 num.
161 3171 297 3228 omnium
324 3168 550 3250 potentissima,
585 3164 706 3228 divinae
727 3169 997 3253 contemplationis
1021 3172 1121 3248 undu,

57 3254 92 3312 in
111 3252 254 3313 omnibus
275 3272 395 3335 semper
417 3252 552 3324 invicta,
585 3271 699 3314 summa
712 3255 868 3314 actionum
889 3254 1053 3334 bonarum,
1072 3268 1256 3319 saw-rinei.
1271 3280 1294 3322 r,

57 3336 107 3397 luc
121 3357 243 3396 morum
254 3374 270 3411 ,·
284 3333 355 3396 finis
375 3333 548 3417 caelestium
566 3350 825 3420 praeceptorum,
846 3350 929 3400 mors
949 3326 1150 3418 cr‘uuinum,⁷’
1203 3334 1210 3353 ¹

57 3423 120 3481 vita
136 3422 307 3496 virtutum,
339 3421 437 3479 virtus
458 3420 678 3502 pugnantium,
698 3419 799 3505 palma
825 3424 1000 3502 victorum,
1022 3429 1121 3488 anima

58 3518 231 3566 sanctarum
253 3508 421 3578 mentium,
444 3523 534 3564 ceusu
564 3505 930 3584 meritorum-bonorum,
950 3512 1120 3593 praemium
1130 3515 1207 3559 0¹¹⁸·
1224 3517 1292 3558 ¹⁰¹¹·

56 3590 280 3674 perfectorum.
331 3590 368 3649 Iu
389 3590 521 3670 pcccatis
541 3591 604 3650 suis
624 3603 766 3652 mortuos
785 3593 920 3667 suscitat,
943 3592 1120 3677 languentes
1128 3569 1206 3658 llam
1216 3567 1290 3609 '¹⁰¹⁰'

58 3687 165 3751 sanat,
195 3675 336 3759 perditos
362 3674 532 3749 instaurat,
564 3694 648 3756 spem
670 3674 838 3758 desperatis
860 3677 1012 3759 inspirat,
1033 3700 1120 3761 pacs-

56 3757 134 3819 ficas
152 3771 266 3818 mentes
289 3755 462 3819 inhabitat:
485 3757 643 3820 fructuose
666 3763 698 3821 in
713 3758 964 3842 poenitentibus,
986 3760 1065 3824 laeta
1088 3766 1122 3824 in

57 3841 323 3926 proficientibus,
359 3841 495 3925 gloriose
528 3843 561 3902 in
588 3842 872 3926 perseverantibus,
901 3847 1069 3908 victoriosa
1089 3849 1123 3908 iu
1197 3851 1200 3855 ’

59 3927 271 4004 martyribus,
305 3947 438 4009 operosa
475 3927 505 3986 in
527 3928 670 3989 omnibus
691 3932 818 3991 omnino
839 3925 1001 3991 fidelibus:
1030 3953 1124 4014 quum

58 4009 139 4071 fides
162 4014 310 4096 concipit,
332 4012 485 4093 adquam
507 4031 576 4095 spes
598 4015 714 4089 currit,
737 4014 786 4072 cui
807 4013 967 4096 profectus
988 4020 1125 4077 omnium

57 4096 173 4175 servit,
207 4118 243 4158 er
264 4116 328 4178 quu
347 4093 501 4177 quidquid
526 4109 572 4157 est
598 4097 675 4157 boni
708 4099 835 4179 operis,
867 4099 959 4177 uiuit,
981 4100 1039 4161 sub
1060 4120 1124 4185 qua

61 4179 240 4244 obedientia
254 4182 391 4256 veracis,
412 4198 577 4262 per-qnam
598 4183 746 4265 patientia
757 4181 863 4260 vincit,
884 4198 1125 4268 propterquam

60 4265 198 4329 carnalia
222 4265 430 4328 blandimenta
449 4262 574 4327 devotio
594 4265 738 4351 religiosa
762 4269 944 4328 contemnit:
977 4271 1125 4349 sineque

839 4372 920 4454 14*
