2768 4762
427 345 762 457 simeone
1097 402 1149 471 35

163 578 253 640 Luc.
277 576 330 639 l.:
353 578 464 640 lllissus
487 588 533 639 est
553 574 677 661 angelus
696 574 824 638 Gabriel
846 598 864 639 a
889 576 959 641 Deo
984 580 1017 643 in
1043 582 1152 645 cirita·

78 700 140 748 tem
163 685 336 761 Galilaeae,
366 686 417 744 cui
444 705 555 747 nomen
574 682 749 758 Nazareth,
776 683 817 746 ad
839 678 988 772 virginem
1015 686 1152 775 despon-

79 807 173 854 satam
197 795 285 871 viro,
308 793 360 853 cui
383 811 492 852 nomen
516 804 583 853 erat
604 791 744 875 Joseph,
777 790 816 853 de
840 791 933 854 domo
960 795 1086 875 David,
1120 812 1152 861 et

80 920 193 961 nomen
216 901 344 983 virginis
368 898 477 959 Maria.
519 898 562 959 Et
584 899 627 959 ait
648 897 773 982 angelus
790 900 836 960 cix
857 899 903 962 Ne
917 903 1022 967 timeas
1040 904 1150 984 Maria,

80 1010 224 1069 invenisti
246 1010 326 1068 enim
350 1007 479 1089 gratiam
496 1003 580 1086 apud
600 1006 717 1065 Deum:
739 1006 821 1069 Ecce
845 1011 1002 1095 concipies
1022 1014 1054 1073 in
1080 1026 1151 1077 ute-

81 1136 144 1195 ro,
166 1127 198 1176 ct
220 1117 319 1199 paries
344 1111 467 1187 filium,
486 1123 517 1174 et
541 1110 667 1174 vocabis
693 1132 806 1173 nomen
834 1115 902 1196 ejus
932 1117 1107 1182 resumere.

166 1222 210 1284 Et
229 1222 288 1283 lt:
309 1222 392 1282 Exiit
423 1220 599 1282 edictuma
628 1219 756 1281 Caesare
782 1214 946 1303 Augusto,
976 1235 1014 1283 ut
1035 1224 1153 1287 descri-

81 1330 211 1392 beretur
230 1332 390 1391 universus
414 1324 502 1388 orbis
535 1341 594 1390 cte.
651 1323 801 1387 Ascendit
821 1338 924 1388 autem
945 1340 977 1390 et
995 1328 1113 1415 loseph
1136 1353 1155 1395 a

82 1436 222 1499 Galilaea
238 1435 277 1498 de
302 1438 424 1497 civitate
450 1432 626 1511 Nazareth,
649 1435 682 1494 in
701 1430 849 1494 iudaeam
877 1435 1031 1497 ciuitatem
1041 1437 1155 1518 David,

82 1565 164 1627 quae
187 1556 320 1605 vocatur
347 1536 525 1616 Bethleem,
549 1560 587 1601 eo
628 1541 715 1623 quod
736 1554 814 1602 esset
838 1540 991 1603 dedomo
1013 1554 1044 1603 et
1066 1545 1156 1603 lami-

82 1651 127 1711 lia
146 1634 267 1723 David,
288 1660 324 1707 ut
340 1643 547 1731 profiteretur
565 1667 635 1707 cum
655 1648 754 1709 Maria
777 1647 960 1733 desponsata
983 1648 1042 1710 sibi
1061 1671 1158 1713 uxore

81 1766 283 1842 praegnante.
334 1754 462 1815 Factum
490 1764 536 1815 est
573 1767 674 1815 autem
710 1776 778 1816 cum
800 1770 900 1818 essent
936 1755 1004 1835 ibi,
1037 1755 1157 1843 impleti

84 1875 161 1925 sunt
186 1860 271 1939 dies,
313 1874 349 1923 nt
383 1872 519 1946 pareret.
583 1860 626 1921 Et
666 1862 790 1945 peperit
827 1858 927 1925 filium
969 1884 1058 1927 suum
1087 1865 1164 1951 pri-¹.

82 1972 283 2057 mogenitum.

167 2078 276 2139 Esai.
299 2072 385 2142 VIL:
411 2073 500 2136 Dece
519 2074 608 2159 virgo
627 2074 789 2159 ¹concipiet
809 2086 841 2137 et
862 2076 964 2160 pariet
981 2074 1091 2138 lilium

167 2184 310 2247 leram.
332 2182 467 2244 ml:
500 2180 623 2257 Crescit
655 2180 812 2244 Dominus
837 2203 953 2245 norum
973 2203 1070 2270 super
1090 2196 1156 2246 tcr·

86 2312 168 2353 ram:
194 2292 343 2353 Foemina
372 2287 580 2352 circumdabit
596 2289 707 2350 virum.
1196 2350 1200 2357 ,

170 2396 386 2458 Ezechiel.
419 2396 549 2458 mvn
582 2396 669 2457 Dixit
706 2394 861 2457 Dominus
890 2394 930 2457 ad
949 2417 1020 2475 mc,
1056 2394 1156 2459 Porta

87 2507 168 2569 hacc
203 2504 307 2566 clausa
339 2505 418 2581 erit,
450 2525 513 2565 non
529 2504 709 2588 aperietur,
745 2512 777 2561 ct
791 2500 842 2560 vir
862 2519 927 2559 non
950 2502 1078 2562 transiet
1101 2523 1159 2583 por

87 2634 171 2675 cam:
194 2612 341 2695 quoniam
366 2608 518 2673 Dominus
542 2630 620 2673 neus
642 2607 740 2673 lsrael
763 2608 918 2692 ingressus
944 2620 990 2670 est
1013 2627 1070 2692 per
1084 2626 1159 2704 cam,

87 2723 212 2802 eritque
234 2716 338 2781 clausa
354 2720 501 2803 principi.

118 2850 133 2867 =
172 2828 190 2889 J
202 2847 221 2888 o
234 2846 289 2887 an.
311 2826 386 2887 illm
406 2828 473 2889 Nisi
495 2828 565 2909 quis
590 2837 713 2887 renatus
734 2822 831 2885 luerit
852 2844 887 2885 ex
910 2840 992 2906 aqua
1016 2830 1049 2882 ct
1066 2818 1161 2905 spiri·

90 2948 126 2998 tu
152 2947 282 3012 sancto,
302 2953 368 2995 non
397 2946 501 3018 potest
520 2935 651 2994 introire
674 2935 705 2993 in
733 2952 862 3016 rognum
882 2930 952 2992 Dei.

175 3042 201 3103 1.
222 3042 307 3103 Pete.
340 3040 401 3103 11.=
432 3042 630 3125 Deponentes
667 3042 764 3125 igitur
802 3059 924 3102 omnem
960 3035 1106 3099 malitiam
1131 3048 1163 3097 et

93 3170 216 3210 omnem
235 3148 364 3224 delum,
386 3158 418 3208 et
439 3144 665 3227 simnlationcs,
688 3160 722 3209 et
745 3146 897 3224 invidias,
928 3156 960 3206 et
977 3164 1082 3206 omnes
1106 3143 1163 3203 de-
1209 3204 1213 3215 ,

95 3256 284 3334 tractioncs,
313 3256 394 3316 sicot
431 3251 527 3313 niodo
563 3254 657 3336 geniti
691 3254 838 3332 infantes,
861 3249 1077 3328 rationabiles,
1098 3250 1164 3311 siue

95 3358 176 3425 dolo
198 3359 246 3422 lae
268 3359 501 3446 concupiscite,
525 3361 663 3421 utinen
682 3362 825 3422 crescatis
847 3362 880 3423 in
899 3357 1037 3421 salntem.

181 3463 283 3529 Ibid.
314 3468 389 3531 llLa
422 3466 518 3547 Quod
547 3480 579 3531 et
608 3488 664 3529 vos
691 3486 775 3531 nuno
799 3466 905 3529 similis
924 3450 1042 3529 formae
1065 3447 1192 3530 salvos'

97 3575 173 3638 iacit
198 3572 359 3660 baptisma.
935 3556 938 3561 ¹
1063 3580 1066 3585 ’
1142 3656 1146 3661 ¹

179 3680 301 3744 Hebr.
320 3682 376 3743 lis
411 3683 582 3761 Quomodo
605 3702 662 3746 nos
685 3681 885 3765 cllugiemus,
904 3681 930 3740 si
950 3672 1066 3744 tantam
1093 3700 1169 3763 neg-

100 3788 262 3855 lexerimus
296 3786 447 3869 salutem,
480 3812 558 3873 quae
591 3812 661 3853 cum
697 3789 821 3849 initium
846 3788 1013 3873 accepisset
1030 3776 1189 3849 enarrari

99 3916 159 3981 per
181 3896 367 3975 Dominum,
400 3896 440 3959 ab
470 3901 536 3977 eis,
569 3899 624 3981 qni
641 3896 830 3975 audierunt,
855 3896 888 3957 in
905 3916 962 3957 nos
989 3890 1171 3956 confirmata

99 4014 163 4081 est,
185 4016 376 4067 contestante
400 4004 469 4065 Deo
493 4006 610 4091 signis,
634 4002 854 4089 etportcntis,
881 4013 912 4064 et
932 4004 1025 4065 variis
1047 3999 1172 4061 virtuti-

97 4109 178 4187 bus,
199 4124 230 4172 et
252 4110 389 4199 Spiritus
414 4114 512 4175 sancti
535 4108 811 4175 distributionibus
827 4110 996 4175 secundum
1018 4096 1172 4172 suam'r'oss

102 4217 265 4285 tuamen.
711 4236 714 4241 ·
783 4210 795 4237 ''

919 4302 972 4381 ⁸!
