2768 4762
171 400 174 404 ,
248 382 330 457 aa
501 366 1071 437 nnaaancnrrrs

334 560 377 622 11.
397 556 536 625 Thess.
557 558 633 620 111.=
656 557 886 619 Denunciamns
909 568 1011 619 autem
1031 555 1122 618 robis
1144 556 1292 634 fratres,
1312 557 1344 621 in

249 669 375 731 nomine
395 667 524 729 Domini
544 669 645 728 nostri
668 666 771 727 JESU
794 663 977 742 CHRISTI,
1010 675 1046 724 ut
1065 663 1267 726 subtrahatis
1290 689 1343 729 vos

248 775 291 843 ab
321 775 405 836 omni
435 774 533 837 fratre
563 774 741 837 ambulante
776 773 972 850 inordinate,
1009 783 1041 835 et
1073 792 1140 833 non
1165 773 1343 837 seeundum

250 882 473 962 traditionem,
507 903 602 966 quam
625 895 812 968 aeceperunt
829 904 849 945 a
869 878 974 944 nobis.

564 1099 1021 1193 ruerus

337 1285 366 1343 1.
389 1271 426 1336 A.
471 1274 801 1339 CHRYSOSTOMUS
834 1273 920 1338 hom.
950 1289 980 1346 t·
1009 1276 1042 1336 in
1073 1288 1104 1345 2·
1134 1273 1271 1356 Thess,
1309 1289 1342 1340 ut

224 1387 226 1393 ¹
254 1380 340 1443 supr.
365 1372 482 1442 quaest⁴
505 1376 534 1428 2.
556 1360 591 1421 C.
794 1396 797 1403 ·
928 1404 931 1408 -

337 1437 1342 1553 nfflmmfflmmffimwnmn

253 1552 363 1635 Itaque
394 1553 508 1614 fratres
532 1567 609 1618 state
644 1568 732 1620 etc..
760 1552 819 1615 Vel
842 1552 915 1615 hinc
946 1558 1037 1617 etiam
1058 1556 1268 1638 perspicuum
1289 1571 1342 1634 est,

256 1637 344 1720 quod
373 1637 523 1721 pleraque
558 1643 648 1701 etiam
669 1643 736 1700 sine
757 1641 881 1721 scriptis
914 1661 972 1722 per
993 1660 1191 1718 sermonem,
1227 1641 1262 1702 td
1286 1656 1339 1719 cst,

95 1725 323 1807 apostolurum
345 1744 421 1784 voce
442 1724 648 1800 tradiderint,
683 1745 746 1785 non
769 1723 869 1785 solum
890 1744 949 1808 per
970 1724 1145 1807 epistolam.
1191 1726 1341 1786 Similiter

77 1797 357 1902 ffiffiii⁰'autem
384 1821 415 1869 et
441 1807 518 1870 haec
543 1824 573 1872 et
594 1810 647 1871 illa
673 1807 736 1870 fide
759 1809 851 1893 digna
881 1822 963 1883 sunt,
1006 1810 1117 1890 Itaque
1140 1822 1172 1871 et
1193 1810 1340 1871 Ecclesiae

76 1904 123 1940 m.
257 1893 457 1952 traditionem
487 1890 549 1953 fide
581 1895 706 1978 dignam
738 1896 950 1955 existimemus.
994 1893 1140 1956 Traditio
1162 1908 1233 1972 est,
1262 1895 1340 1955 nihil

259 1977 393 2059 amplius
417 1997 547 2058 quaeras.

348 2073 375 2126 1.
398 2060 432 2120 Β.
473 2060 705 2122 CONCILIUM
728 2074 756 2126 2.
777 2061 883 2122 Nicen.
913 2073 972 2122 aet.
994 2075 1024 2130 7.
1047 2062 1078 2121 in
1108 2063 1171 2144 ipsa
1193 2057 1337 2121 delinit..-

77 2144 294 2220 rnautomr.8i
318 2145 387 2225 quis
410 2143 611 2204 traditionem
633 2142 812 2221 Ecclesiae,
834 2148 897 2205 sive
918 2160 1062 2229 scripto,
1083 2148 1141 2206 sire
1161 2156 1333 2204 consuetu-

78 2226 177 2322 ξζῇμζξ
200 2227 334 2289 ¹²⁰¹¹d'1ne
362 2227 511 2288 valentem
541 2250 604 2288 non
640 2233 811 2307 curaverit,
843 2229 1011 2291 anathema.
1062 2229 1104 2291 Et
1129 2227 1226 2313 paulo
1250 2240 1338 2287 ante:

262 2315 409 2374 Fatemur
427 2325 529 2374 autem
561 2315 839 2393 unanimiterpnos
879 2315 1112 2375 Ecclesiasticus
1141 2313 1333 2387 traditiones,

259 2400 321 2459 sire
352 2400 491 2480 scripto,
523 2399 586 2459 sire
618 2398 842 2459 consuetudine
863 2398 997 2458 valentes
1029 2411 1061 2459 et
1082 2398 1247 2472 decretas,
1270 2401 1331 2457 reti·

258 2502 333 2543 uere
364 2481 461 2543 velle:
497 2503 630 2564 quarum
664 2483 702 2542 de
734 2504 863 2544 numero
899 2496 943 2543 est
965 2484 1135 2566 imaginum
1155 2483 1332 2568 effiguratio.

79 2583 208 2642 taanenu
222 2579 247 2620 ss·
259 2568 338 2630 Item
359 2568 455 2627 infra:
479 2569 579 2651 Igitur
601 2569 657 2650 qui
680 2570 744 2628 ausi
770 2569 886 2629 fuerint
906 2567 989 2628 aliud
1002 2570 1130 2644 sentire,
1153 2569 1333 2638 antdocerc,

78 2641 314 2726 ffi'ss’fflauut
342 2673 428 2712 more
452 2655 618 2735 impiorum
651 2651 878 2714 baereticorum
903 2653 1135 2713 Ecclesiasticus
1158 2654 1335 2714 traditiones

77 2731 226 2823 ξξξξξῗξζὶᾞ
261 2739 486 2813 contaminare,
521 2749 575 2797 aut
598 2749 707 2798 eontra
729 2738 787 2798 ista
815 2738 953 2802 vafreet
978 2735 1124 2819 improbe
1148 2737 1274 2820 aliquid
1294 2757 1337 2794 ex·

77 2831 236 2872 contimtum
261 2826 417 2906 cogitare,
461 2821 549 2902 quod
579 2824 619 2882 sit
655 2835 765 2882 contra
798 2824 1051 2883 constitutionem
1082 2821 1335 2883 eeclesiasticam:

77 2885 165 2922 ”m
260 2909 285 2967 si
308 2908 427 2967 l'ueriut
459 2907 609 2989 Episcopi
643 2919 696 2966 aut
718 2906 854 2983 Clerici,
884 2906 1109 2988 deponuntur:
1131 2909 1160 2967 si
1195 2903 1334 2968 Monacbi

259 3005 313 3053 eut
335 2992 438 3063 Latini,
462 2992 679 3051 communione
701 2994 873 3072 privantur.
1061 3048 1063 3053 .

99 3100 246 3161 staturos„
343 3090 373 3143 2.
418 3074 585 3137 OCTAVA
609 3075 727 3149 Synod.
755 3075 1165 3159 gen.Constaut.can.1.=
1200 3073 1333 3159 Regulas,

77 3151 229 3254 fifflssfflj
259 3180 339 3242 qnae
370 3174 492 3221 sanctae
522 3157 701 3222 Catholicae
729 3173 823 3243 atque
852 3159 1073 3303 Apostolieae,
1101 3171 1169 3219 tam
1193 3183 1211 3223 a
1233 3161 1333 3221 sanctis

79 3258 156 3291 ”¹⁸¹-
258 3247 471 3306 samatissimis
500 3244 713 3328 Apostolicis,
748 3266 878 3326 quama
925 3244 1192 3306 Ortlrodoxorum
1217 3248 1333 3305 unirer·

258 3329 393 3404 salibus,
418 3349 559 3389 necnon
585 3343 616 3390 et
647 3328 798 3390 localibus
836 3331 1000 3403 Conciliis,
1031 3328 1078 3387 vel
1102 3331 1199 3389 etiaim
1223 3352 1240 3391 a
1264 3350 1335 3410 quo·

257 3415 336 3475 libet
365 3415 516 3496 deiloquo
544 3414 638 3474 Patre
662 3435 697 3475 ac
720 3436 766 3473 ma
790 3418 885 3490 istro,
915 3413 1070 3473 Ecclesiae
1097 3415 1239 3475 traditae
1260 3425 1332 3485 sunt,

257 3519 378 3558 servare
399 3512 493 3581 atque
511 3498 670 3559 custodire
697 3437 899 3581 produntur:
923 3497 970 3559 bis
995 3509 1025 3556 et
1048 3501 1216 3579 propriam
1239 3502 1335 3569 vitam,

257 3595 289 3642 et
312 3603 431 3659 mores,
455 3596 609 3665 regentes,
634 3595 664 3642 et
687 3604 804 3643 omnem
827 3582 992 3643 sacerdotii
1015 3580 1215 3664 catalogum,
1250 3597 1337 3665 atquc

258 3688 381 3740 omnes,
405 3670 461 3748 qui
486 3666 663 3727 Christiano
688 3681 850 3728 censentur
873 3664 1047 3743 vocabulo,
1069 3669 1185 3750 poenis
1208 3680 1243 3728 et
1257 3667 1338 3728 dam·

256 3751 458 3826 nationibus,
491 3764 522 3810 et
555 3773 571 3810 e
595 3752 717 3812 diverso
741 3742 971 3834 receptionibus
995 3762 1025 3810 et
1045 3747 1339 3832 justificationibus,

258 3855 337 3916 quae
361 3834 507 3916 perillus
529 3836 670 3919 prolatae
693 3848 764 3897 sunt
785 3850 878 3918 atquc
901 3834 1066 3909 delinitae,
1088 3837 1249 3897 canonice
1271 3836 1341 3899 sub-
1378 3856 1380 3911 ι

232 3921 313 4000 vjici
336 3920 544 3985 decernentes.
599 3922 715 3980 Tenere
738 3924 857 4005 quippe
878 3921 1080 3995 traditiones,
1115 3940 1197 4002 quas
1221 3924 1344 4005 accepi·
1378 3941 1380 3979 ι

257 4024 346 4080 murs,
380 4005 444 4063 sire
476 4026 533 4086 per
561 4026 752 4080 sermonem,
788 4009 850 4066 sive
883 4026 940 4087 per
962 4001 1124 4088 epistolam
1146 4021 1342 4082 sanctorum,
1378 3984 1380 4053 l

77 4115 101 4203 pi
124 4106 207 4154 neas.
226 4090 314 4171 ,qui
339 4099 432 4151 antea
454 4088 629 4168 fulserunt,
650 4088 766 4151 Paulus
789 4102 895 4174 aperte
915 4089 1070 4151 admonet
