2768 4762
255 360 310 433 at
407 378 415 397 =
598 352 669 417 na
711 354 849 419 rrua
894 326 963 421 nr

111 546 376 617 nonanus-Romae
409 543 441 601 in
468 540 540 603 loco
573 540 688 603 celebri
722 564 759 605 ac
785 542 952 605 multurae
973 542 1097 629 populo
1121 542 1333 627 frequentato,

87 620 250 698 llfflm
264 629 401 690 locatum
420 625 500 703 fuit,
520 622 602 687 hanc
619 626 854 711 inscriptionem
866 628 978 689 Latino
991 646 1131 691 sermone
1145 631 1177 688 in
1195 650 1234 690 eo
1244 652 1334 691 man-

266 714 321 775 dat
339 708 500 773 incidere:
523 710 598 773 Hoc
617 714 761 774 salutari
781 714 895 794 signo,
912 731 993 775 uero
1005 706 1223 797 fortitudinis
1243 716 1333 777 indi·

215 852 218 863 .
266 792 337 868 cio,
369 795 538 859 ciuitatem
563 804 710 857 vestrum
740 796 930 876 tyrannidis
940 795 1025 884 jugo
1048 796 1207 875 liberavi,
1246 807 1279 861 et
1297 798 1332 861 8.

268 879 309 945 Ρ.
335 878 375 967 Q.
400 880 442 941 R.
467 878 504 941 in
525 877 710 941 libertatem
729 880 904 943 vindicum
916 924 928 955 ,
959 882 1121 963 pristinae
1138 882 1334 963 amptitudi-

269 966 306 1028 ni
325 970 359 1028 et
379 960 548 1044 splendori
573 963 714 1027 restitui.
1083 1008 1095 1013 --

96 1042 260 1133 {ljffllffiffffi
352 1060 384 1117 5.
427 1046 524 1107 leto.
546 1066 574 1107 c.
595 1062 641 1117 qn
674 1046 779 1131 Atque
805 1047 884 1111 adeo
916 1048 981 1130 jam
1012 1046 1138 1109 salutari
1160 1046 1334 1113 Servatoris

96 1150 123 1181 tu
137 1130 382 1203 ,cuidem-vexillo
403 1132 568 1193 exercitum
595 1152 684 1193 suurn
715 1132 931 1206 antecedente,
951 1132 1161 1217 praeclariora
1184 1134 1334 1193 uictoriae

96 1199 163 1233 “⁹¹‘'
271 1214 424 1315 trophaea
451 1228 636 1278 consecutur
651 1256 654 1261 -
670 1226 724 1277 est.
776 1216 853 1279 Nam
883 1218 915 1277 in
933 1237 995 1301 qua
1019 1229 1108 1303 parte
1129 1214 1214 1277 istud
1231 1218 1334 1278 crucis

271 1298 416 1361 vexillum
439 1301 540 1361 visum
559 1298 643 1377 fuit,
669 1298 775 1362 hostes
796 1302 900 1385 fugam
916 1322 1044 1385 capere,
1075 1303 1209 1362 victores
1227 1320 1336 1401 perse-

272 1385 339 1467 qui.
383 1384 512 1459 Quare
537 1383 693 1445 intellecta
717 1384 908 1469 imperator,
939 1384 1041 1447 sicubi
1063 1398 1183 1467 partem
1202 1384 1338 1467 aliquam

271 1470 320 1531 sui
336 1470 487 1529 exercitus
508 1466 701 1553 languentem
720 1470 884 1548 cernebat,
919 1469 963 1532 ihi
986 1470 1121 1531 salutare
1139 1467 1218 1529 illud
1242 1466 1340 1529 vexil-

272 1552 338 1613 lum
355 1564 502 1634 tanquam
515 1552 675 1637 quoddam
694 1552 868 1615 subsidium
894 1554 934 1615 ad
961 1556 1122 1617 victoriam
1138 1552 1340 1614 obtinendam

279 1636 379 1699 locari
399 1636 563 1699 mandavit,
607 1638 706 1719 Cujus
729 1637 915 1719 adjumentis
936 1636 1088 1721 extemplo
1105 1648 1194 1721 parta
1211 1648 1257 1698 est
1271 1639 1340 1697 ric·

273 1722 371 1787 toriar
392 1723 510 1803 quippe
522 1723 734 1783 dimicantium
746 1725 827 1783 viros
846 1724 958 1783 Divina
969 1722 1100 1804 quadam
1112 1724 1253 1805 potentia
1270 1720 1342 1781 fue-

275 1826 310 1867 re
331 1802 498 1865 admodum
530 1804 739 1866 confirmatae.
782 1805 941 1867 Deindec
981 1820 1030 1874 ter
1063 1808 1161 1866 refert
1183 1808 1342 1888 quinqua-

275 1890 361 1973 ginta
381 1890 467 1949 viros
489 1888 529 1949 ad
551 1889 740 1973 portandum
771 1890 901 1951 Crucem
920 1890 1064 1951 delectos.
1118 1890 1161 1950 Ca
1185 1934 1193 1949 .
1215 1903 1244 1959 9.
1264 1910 1341 1952 vero

277 1970 366 2069 qupd
394 1971 434 2032 de
461 1974 624 2033 cruciferis
661 1972 787 2054 quidam
810 1995 880 2034 cum
900 1974 1047 2057 fugisset,
1077 1912 1257 2035 interfectus
1280 1976 1340 2033 site

279 2052 1342 2225 liia'iii,iifiiili‘ssifiiiip’,filiifliiiiiiimilii

280 2222 343 2285 tela
362 2223 403 2284 ab
427 2222 571 2285 hostibus
591 2226 676 2307 jacta
691 2228 736 2286 sic
753 2228 835 2287 intra
862 2229 1003 2309 exiguum
1026 2225 1110 2287 illum
1131 2238 1162 2287 et
1179 2238 1343 2309 angustum

281 2307 402 2370 hastilis
432 2308 582 2369 ambitum
604 2309 829 2393 provolabant,
859 2314 948 2371 utin
976 2311 1084 2371 eodem
1106 2308 1164 2371 fixa
1181 2308 1344 2369 haeresce-

282 2404 369 2453 rent:
391 2405 457 2453 tum
478 2393 564 2475 quod
586 2394 654 2471 itte,
677 2398 732 2477 qui
753 2394 832 2456 illud
852 2397 954 2478 ipsum
973 2394 1127 2479 gestabat,
1147 2404 1279 2455 mortem
1294 2392 1345 2452 ef-

282 2477 414 2560 fugeret.
464 2478 531 2539 Imo
556 2498 632 2539 vero
651 2491 686 2540 ut
717 2481 772 2561 qui
793 2478 855 2541 hoc
870 2481 1072 2539 ministerium
1092 2478 1241 2557 obibant,
1262 2475 1344 2537 nthil

283 2560 386 2621 damni
420 2563 647 2623 incommodivc
677 2562 845 2645 aliquando
876 2566 1062 2647 acciperent,
1123 2562 1231 2646 Neque
1260 2572 1345 2622 certe

281 2644 359 2707 haec
380 2659 489 2707 nostra
511 2660 557 2707 eat
577 2648 701 2724 oratio,
734 2648 788 2709 sed
810 2648 908 2732 ipsius
928 2650 1144 2731 imperatoris,
1179 2647 1233 2731 qui
1253 2666 1347 2731 prae·

281 2742 331 2791 ter
355 2728 430 2791 alias
445 2752 514 2807 res,
536 2730 617 2791 hanc
637 2734 728 2792 etiam
749 2732 842 2793 nobis
870 2752 976 2793 coram
998 2734 1187 2793 memoravit.

366 2813 680 2887 uNIOEPHORUS
702 2815 818 2877 Galliac
841 2815 926 2876 Eccl.
949 2814 1020 2876 bisc
1044 2816 1077 2875 L.
1099 2814 1188 2875 vltl.
1210 2826 1278 2883 ca.
1295 2834 1347 2875 re·

283 2898 346 2959 fert
367 2898 468 2975 idem,
489 2897 576 2979 quod
598 2898 752 2959 Euscbrns
774 2900 812 2960 de
834 2902 923 2985 signo
948 2896 1209 2963 centunculo
1230 2898 1349 2959 aCon-

283 2984 418 3042 stantino
456 2982 649 3066 Imperatore
676 2985 760 3062 viso,
801 3004 872 3045 cnm
900 2983 1018 3045 bellum
1048 2994 1169 3067 gereret
1198 2981 1348 3044 adversus

282 3066 480 3129 Maxentium.

367 3166 396 3219 5.
420 3150 462 3212 Et
480 3151 514 3212 L.
536 3150 608 3213 vn.
630 3173 658 3213 c.
679 3164 730 3219 47.
760 3162 874 3212 narrat.
904 3150 1139 3213 Constantinum
1166 3148 1268 3212 denuo
1300 3151 1350 3211 vi-

285 3232 366 3295 disse
389 3238 509 3319 signum
532 3238 633 3297 crucis
663 3238 696 3297 in
716 3235 802 3297 caelo
832 3256 903 3296 cnm
929 3237 1036 3298 eadem
1052 3236 1275 3320 inscriptione:
1306 3235 1350 3295 In

285 3320 346 3383 hoc
367 3320 438 3401 ipso
462 3320 559 3405 signo
590 3322 700 3383 hostes
720 3340 836 3384 omnes
855 3322 988 3385 uinces:
1017 3320 1114 3405 idque
1131 3322 1165 3381 in
1185 3318 1271 3380 bello
1291 3316 1349 3379 ed-

284 3423 392 3465 versus
416 3404 581 3481 Byzantios
599 3416 695 3489 gesto.

136 3512 215 3580 rme,
230 3515 275 3575 u,-
371 3501 402 3555 6.
431 3488 474 3549 Et
495 3510 522 3549 c.
555 3500 607 3557 49.
640 3491 735 3551 tertio
762 3508 886 3550 crucem
922 3488 1128 3552 Constantino
1157 3486 1347 3574 apparuisse,

111 3574 185 3701 lldllu
196 3566 276 3653 ‘52¹3'
287 3590 359 3631 cum
381 3570 529 3633 adversus
542 3572 675 3650 Scythas
700 3572 818 3635 bellum
836 3584 965 3657 gereret,

114 3667 165 3701 elan
179 3660 231 3703 'nuj
