2768 4762
424 388 735 458 SYMBOLO.
1076 394 1127 463 69

43 587 148 651 stitiec
162 593 194 645 et
217 578 330 642 sanitas
357 576 390 637 in
405 575 515 660 pennis
543 576 630 659 ejus:
666 589 697 638 et
722 575 941 662 egrediemini,
963 588 994 637 et
1013 573 1129 636 salietis

49 697 133 757 sicut
151 687 241 750 vituli
265 683 304 745 de
326 697 474 746 armento.
517 684 559 746 Et
579 684 737 746 calcabitis
757 686 888 772 impios,
920 706 990 746 cum
1013 684 1132 745 suerint

50 802 130 864 ciuis
146 794 207 859 sub
232 789 341 878 planta
364 790 478 874 pedum
499 804 698 869 vestrorum,
720 793 753 851 in
776 791 848 870 die,
872 815 932 876 qua
955 813 1012 877 ego
1036 791 1131 865 facio,

53 906 134 969 dicit
163 901 318 963 Dominus
353 900 549 959 exercituum.
606 900 793 959 Mementote
823 898 896 984 legis
922 901 1026 977 Moysi
1051 900 1132 960 servi

54 1015 137 1090 mei,
161 1028 253 1093 qnam
290 1005 432 1066 mandavi
455 1007 483 1065 ei
516 1006 548 1065 iu
569 1003 678 1065 Horeb
711 1004 751 1064 ad
774 1026 893 1066 ornnem
920 1006 1015 1068 Isra‘el
1040 1027 1133 1090 prae-

53 1133 146 1206 cepte
172 1129 203 1179 et
234 1113 365 1198 judicia.
424 1111 505 1172 Ecce
527 1130 584 1195 ego
600 1113 720 1173 mittam
747 1111 837 1174 vobis
859 1113 960 1174 Elium
986 1111 1134 1201 Prophe·

55 1245 140 1306 tam,
172 1235 336 1305 antequam
360 1221 466 1280 veniat
503 1215 568 1282 dies
591 1218 719 1279 Domini
746 1241 873 1304 magnus
904 1232 934 1281 et
957 1218 1132 1296 horribilis,

53 1349 88 1399 et
110 1341 272 1397 convertet
300 1348 358 1389 cor
382 1338 508 1411 petrum
529 1324 569 1384 ed
591 1321 694 1399 filios,
728 1339 759 1388 et
779 1348 836 1388 eor
858 1325 996 1387 filiorum
1016 1325 1054 1385 ed
1076 1346 1135 1408 pa-

55 1458 122 1507 tres
156 1460 285 1512 eorum,
319 1456 359 1499 ue
392 1434 478 1497 sorte
513 1434 631 1495 venium
657 1442 688 1493 et
716 1435 889 1516 percutiam
925 1445 1040 1494 terrem
1061 1451 1136 1492 nna·

57 1551 202 1615 themate.

143 1674 255 1740 leel.
274 1670 350 1733 nt:
382 1671 468 1733 Ecce
498 1673 530 1732 iu
561 1669 671 1734 diebus
705 1670 765 1734 illis
791 1685 822 1734 et
847 1675 880 1733 in
904 1683 1046 1756 tempore
1066 1669 1135 1747 illo,

61 1808 136 1850 eum
151 1790 332 1844 convertero
348 1783 558 1865 captivitatem
583 1779 664 1841 tuda
691 1792 722 1841 et
738 1780 944 1856 Hierusalem,
968 1798 1139 1862 congrege-

59 1894 108 1958 ho
136 1908 240 1954 omnes
275 1898 394 1972 genter,
424 1900 456 1950 et
487 1887 637 1952 deducam
658 1908 707 1949 eas
733 1890 765 1951 iu
785 1886 895 1949 vallem
915 1885 1084 1971 Iosophat:
1108 1896 1138 1947 et

59 1994 243 2082 disceptabo
275 1997 411 2058 cumeis
441 1996 488 2059 ibi
519 2018 615 2083 snper
644 1995 767 2082 populo
794 2017 863 2058 meo
896 2007 929 2056 et
947 1992 1138 2055 haereditate

57 2128 124 2170 mee
150 2103 263 2182 lsre‘dl,
299 2124 380 2188 quos
417 2103 633 2187 disperserunt
662 2106 694 2165 in
725 2102 926 2181 nationibus,
958 2114 990 2164 et
1018 2115 1136 2166 terram

60 2233 154 2273 meum
172 2212 351 2273 diviserunt.
396 2211 439 2271 Et
457 2210 553 2293 paulo
575 2223 665 2294 post:
697 2209 894 2297 Consurgunt
919 2222 950 2271 et
969 2209 1136 2270 ascendant

57 2332 162 2405 gentes
195 2321 228 2377 iu
253 2315 365 2375 vallem
401 2315 568 2397 iosaphat:
600 2317 674 2397 quie
706 2316 751 2382 ibi
772 2317 906 2395 sedebo,
941 2327 976 2378 ut
995 2316 1135 2399 judicem

56 2445 168 2486 omnes
181 2431 285 2501 gentes
306 2421 340 2475 in
368 2421 513 2479 circuitu.

145 2517 300 2591 Metth.
323 2518 445 2580 XXV:
468 2520 546 2582 Cum
566 2534 670 2583 eutem
689 2526 809 2586 venerit
842 2523 927 2585 fdiue
949 2525 1083 2588 hominis
1106 2531 1139 2587 in

56 2636 222 2718 majestate
247 2646 324 2704 sue,
359 2637 390 2686 et
411 2646 515 2689 omnes
543 2626 645 2713 angeli
669 2649 739 2690 cum
758 2650 818 2708 eo,
850 2640 927 2690 tunc
949 2630 1069 2693 redebit
1088 2652 1142 2692 eu·

59 2766 118 2832 per
148 2738 253 2802 sedem
291 2735 460 2816 majestatis
485 2756 578 2815 suec,
619 2749 651 2798 et
674 2734 952 2823 congregabuntur·
983 2750 1054 2799 ente
1070 2758 1139 2798 eum

62 2871 167 2916 omues
202 2855 328 2933 gentes,
359 2855 391 2904 et
429 2843 589 2928 separabit
609 2865 663 2906 eos
689 2843 898 2923 abinvicem,
930 2847 1011 2906 sicut
1031 2854 1141 2928 pastor

62 2968 203 3042 segregat
225 2973 298 3014 ores
319 2949 359 3012 ab
380 2948 511 3016 hoedis:
548 2965 579 3014 et
600 2964 715 3015 statuet
738 2973 810 3014 ores
829 2952 955 3036 quidem
980 2974 997 3014 a
1023 2950 1141 3013 dextris

63 3069 148 3142 suis,
183 3060 305 3123 hoedos
336 3072 438 3122 eutem
470 3062 655 3122 usinistris.
698 3058 789 3122 Tunc
811 3059 895 3122 dicet
915 3080 969 3122 rex
993 3058 1063 3137 his,
1084 3058 1141 3142 qui

66 3193 84 3233 e
104 3170 218 3232 deruis
242 3167 310 3249 ejus
328 3179 438 3228 erunt:
462 3166 575 3231 Venite
596 3167 752 3229 benedieti
774 3168 873 3253 petris
894 3169 954 3227 mei
977 3179 1037 3230 ete.

145 3272 291 3338 Metth.
314 3273 454 3335 xxlv.=
486 3276 529 3340 Et
561 3274 652 3335 multi
685 3272 982 3360 pseudoprophetae
1015 3282 1144 3357 surgent

63 3396 126 3458 etc.
177 3366 221 3443 Ei
246 3378 481 3465 praedicabitur
509 3382 574 3445 hoc
601 3381 791 3467 evangelium
823 3384 910 3466 regni
939 3384 971 3441 in
995 3380 1143 3440 uniuerso

61 3490 160 3567 orbe,
195 3489 229 3549 iu
255 3491 466 3551 testimonium
506 3489 652 3553 omnibus
682 3487 840 3575 gentibus:
874 3500 906 3550 et
938 3500 1013 3549 tune
1041 3488 1143 3547 veniet

62 3597 301 3662 consummatio.
346 3598 482 3683 surgent
502 3596 756 3684 pseudochristi,
782 3609 813 3658 et
833 3594 1140 3681 pseudoprophetae,

62 3719 93 3766 et
117 3702 241 3764 dabum
263 3706 348 3788 signa
368 3727 477 3790 magna
500 3718 531 3767 et
554 3705 724 3791 prodigia,
747 3708 792 3765 ita
811 3717 846 3765 ut
867 3707 900 3765 in
929 3725 1067 3765 errorem
1093 3704 1142 3762 in-

63 3813 241 3889 ducentur,
264 3815 304 3887 (si
324 3810 394 3872 fieri
415 3815 532 3897 potest)
556 3813 647 3874 edam
673 3810 772 3873 electi.
815 3812 898 3872 Ecce
926 3810 1063 3896 praedixi
1085 3831 1142 3870 vo-

63 3918 122 3981 bu.
164 3918 298 4003 Si'ergo
336 3917 471 3984 dixerint
491 3922 599 3984 robis:
636 3921 721 3984 Ecce
741 3924 773 3980 in
794 3919 918 3981 deserto
942 3932 1010 3997 est,
1044 3917 1141 3978 nolite

66 4027 155 4087 exire.
198 4026 282 4087 Eece
310 4027 344 4086 iu
377 4030 611 4110 penetralibus,
646 4028 746 4091 nolite
774 4026 910 4089 cr'edere.
953 4026 1043 4088 Sicut
1062 4028 1142 4086 enim

66 4129 171 4216 fulgur
195 4139 258 4196 enit
280 4131 320 4194 ab
345 4133 496 4216 Oriente,
519 4150 550 4199 et
572 4150 783 4222 parcensque
804 4139 837 4196 in
858 4133 1075 4197 Occidentem:
1101 4135 1143 4193 itu

61 4241 126 4303 erit
156 4253 188 4305 et
219 4240 369 4313 ederentur
406 4242 464 4305 tilii
487 4245 631 4308 hominis.
693 4246 881 4330 Ubicunque
904 4242 1000 4302 fuerit
1016 4259 1143 4321 corpus,

756 4506 761 4537 i
