2768 4762
283 126 301 161 i}

267 345 349 419 m
555 335 918 433 nucamenta
950 328 1025 401 ur'

103 721 258 780 ciconiarum

90 776 167 828 pietas
185 785 209 810 ru
222 783 263 824 pa·

90 831 178 865 rentes.

93 1219 139 1260 sor.
146 1218 170 1265 ⁰)
181 1215 263 1262 dicam,

95 1267 164 1323 quod.

523 525 613 599 nx
677 525 1105 614 rerumne.

301 718 305 723 ·
357 699 391 761 n.
423 668 670 764 ‘sirnnosrus
696 699 733 761 n.
768 697 807 760 v.
830 697 964 760 hexaem.
998 719 1025 759 ο.
1049 711 1118 767 ιω
1153 698 1262 777 Quam
1285 727 1358 770 vem

273 783 507 847 rationabilium
530 787 657 846 excedat
678 789 821 868 pietatem
851 806 885 845 ac
908 782 1104 866 prudentiam
1128 786 1275 848 ciconiae
1299 793 1359 852 cle·

274 874 409 948 mentia,
433 871 718 947 considerandum,
741 891 832 951 quam
857 891 913 928 nec
936 882 1009 952 post
1031 869 1201 952 exemplum
1230 877 1358 954 quidem

275 955 509 1016 rationabilium
546 958 708 1038 quisquam
739 968 922 1015 nostrorum
953 952 1066 1013 imitari
1095 958 1226 1036 poterit.
1284 960 1358 1023 n‘am

276 1039 410 1122 depositi
442 1041 538 1121 patris
572 1052 681 1117 artus,
704 1060 760 1122 per
783 1038 965 1120 longaevum
987 1040 1152 1101 senectutis
1176 1038 1357 1123 plumarum

275 1125 406 1206 tegmine
436 1123 616 1206 alarumque
650 1126 777 1206 remigio
819 1124 975 1192 nudatos,
1004 1123 1206 1185 circumstans
1232 1129 1357 1193 soboles

273 1210 383 1291 pennis
417 1211 556 1291 propriis
586 1211 680 1270 fovet.
726 1209 777 1268 ,Et
798 1208 874 1289 quid
895 1205 1066 1291 “)dicam‚
1100 1207 1261 1273 collatitio
1285 1216 1355 1277 cibo

261 1295 393 1437 lami,
430 1294 554 1375 quando
585 1298 674 1354 etiam
709 1296 774 1377 ipsa
810 1304 934 1377 reparat
963 1306 1089 1352 naturae
1113 1293 1305 1383 dispendia,
1325 1314 1357 1361 ut

299 1379 347 1437 inc
379 1389 474 1458 atque
506 1378 577 1437 iude
608 1378 800 1438 sublevantes
828 1396 939 1438 ¹senem
962 1376 1065 1437 fulcro
1088 1378 1209 1439 alarum
1234 1404 1357 1444 suarum

273 1461 313 1524 ud
335 1462 502 1521 volandum
532 1477 715 1551 exqrceant,
750 1475 781 1522 et
813 1465 845 1521 iu
876 1464 1024 1543 pristinos
1047 1483 1120 1524 usus
1145 1463 1278 1528 desueta
1297 1472 1356 1551 jam

272 1560 420 1608 revocent
446 1550 491 1628 pii
513 1550 613 1631 patris
635 1546 792 1607 membru?
841 1548 919 1623 Quis
940 1559 1082 1607 nostrum
1104 1548 1208 1610 levare
1233 1574 1356 1637 aegrum

272 1652 337 1693 uon
372 1633 511 1692 fastidiat
540 1633 680 1716 patrem?
725 1634 804 1709 Quis
836 1624 949 1691 fessum
984 1652 1085 1692 senem
1118 1636 1184 1694 suis
1219 1636 1355 1700 humeris

273 1719 428 1800 imponat,
452 1717 537 1797 quod
560 1719 592 1776 in
616 1720 681 1802 ipsa
703 1718 833 1777 historia
855 1719 902 1775 rix
923 1715 1073 1775 credibile
1087 1715 1247 1780 habetur?
1268 1725 1355 1800 Quis,

274 1814 311 1863 ut
331 1804 401 1882 pius
425 1803 476 1876 sit,
499 1824 563 1861 non
586 1802 648 1863 hoe
673 1803 801 1862 servulis
824 1800 948 1861 mandat
970 1800 1175 1882 obsequium?
1219 1806 1264 1866 At
1284 1831 1354 1868 vero

273 1885 380 1951 avibus
409 1905 473 1944 non
509 1898 555 1946 est
577 1902 690 1970 grave,
728 1885 816 1969 quod
836 1885 958 1968 pietatis
981 1899 1026 1944 est
1046 1885 1192 1968 plenum:
1224 1906 1357 1952 nonest

269 1991 469 2046 onerosum,
502 1971 591 2050 quod
623 1970 756 2032 solvitur
782 1983 911 2031 naturae
944 1969 1061 2031 debito.
1116 1970 1186 2032 Non
1209 1990 1357 2038 recusant

274 2076 343 2115 eves
376 2073 502 2135 pascere
537 2067 678 2135 putrem,
714 2055 802 2138 quod
837 2056 927 2113 etiam
950 2057 1137 2138 praescripta
1159 2063 1358 2137 necessitate,

277 2133 336 2200 sub
359 2149 481 2196 terrore
504 2158 676 2219 poenarum
698 2141 841 2222 plerique
863 2136 1024 2198 homiuum
1039 2153 1226 2201 recusarunt.
1271 2144 1358 2205 Ares

271 2243 355 2283 non.
372 2221 510 2301 scripta,
549 2222 603 2282 sed
637 2237 709 2283 natu
743 2224 789 2285 lex
821 2223 954 2304 stringit.
998 2223 1077 2284 Aves
1097 2222 1219 2284 adbuc
1242 2246 1356 2289 munus

276 2306 366 2366 nullo
396 2317 563 2387 praecepto
598 2310 810 2381 conveniunt,
846 2306 901 2366 sed
923 2309 1039 2389 gratiae
1062 2308 1213 2370 naturalis
1236 2311 1349 2372 officio.

274 2391 356 2452 Aves
376 2410 441 2449 nou
464 2391 651 2467 erubeseunt
673 2389 832 2461 reverendi
853 2394 932 2450 seuis
955 2392 1092 2453 membra
1113 2406 1255 2476 portare.
1294 2396 1345 2454 Est

277 2478 358 2541 enim
391 2485 519 2534 vectura
549 2480 692 2558 pietatis:
726 2475 814 2557 quod
849 2496 1005 2557 eousque
1028 2477 1187 2559 frequenti
1212 2477 1352 2540 testifica-

276 2566 362 2620 tione
396 2559 599 2642 percrebuit,
642 2568 678 2620 ut
698 2566 863 2643 'congruae
895 2560 1065 2620 mercedem
1099 2566 1353 2623 remunerationis

265 2646 438 2706 invenerit.
479 2640 556 2703 Nam
591 2647 802 2705 Rornanorum
838 2666 898 2704 usn
938 2647 990 2725 pia
1029 2647 1091 2705 avis
1126 2661 1268 2709 vocatur.
1317 2650 1354 2708 lit

279 2730 368 2810 qnod
389 2730 438 2786 vix
459 2731 512 2787 uni
534 2731 717 2812 imperatori
741 2729 885 2791 consulto
908 2728 1038 2790 Senatus
1068 2729 1209 2792 delatum
1232 2733 1352 2804 dicitur,

274 2812 337 2874 hoe
359 2816 434 2872 istae
457 2832 525 2873 aves
558 2816 590 2872 iu
626 2835 787 2873 commune
811 2826 1000 2873 meruerunt.
1042 2814 1167 2876 Habent
1191 2839 1268 2902 ergo
1291 2839 1352 2877 aves

275 2900 350 2957 istae
370 2895 496 2954 'decreta
518 2910 641 2981 patrum
664 2898 703 2956 ad
725 2899 874 2979 propriae
897 2898 1015 2981 insigne
1038 2898 1230 2962 elementiae.
1284 2903 1352 2962 Pius

274 2983 355 3061 euim
393 2976 475 3039 filios
520 2996 645 3066 patrum
692 2983 780 3062 prius
819 2984 962 3061 oportuit
1004 2983 1127 3063 judicio
1167 2987 1352 3068 praedicari.

272 3065 396 3125 Habent
417 3068 508 3123 etiam
529 3071 747 3126 universorum
769 3064 922 3146 suffragia.
967 3065 1043 3125 Nam
1068 3068 1242 3132 retributio
1264 3071 1353 3131 bene·

169 3167 172 3172 ’
228 3167 233 3175 ’
274 3148 418 3209 siciorum
453 3152 687 3235 antipelargosis
711 3151 899 3209 nominatur.
957 3149 1106 3235 Pelargos
1129 3157 1213 3214 enim
1236 3158 1352 3218 ciconia

95 3980 153 4022 oon.
164 3991 184 4028 a,
200 3979 249 4029 ut.

94 4031 210 4079 Leritut,
231 4042 262 4078 rt.

93 4089 261 4130 tu-ut.19‚t⁶.

93 4139 126 4175 ¹8·
153 4133 222 4176 Deul.
243 4142 262 4179 β,

93 4189 126 4224 1⁷0
145 4182 215 4222 Emd·
229 4190 262 4226 2⁰!

93 4237 165 4280 13-21.
184 4239 217 4277 12.
226 4244 262 4287 sq·

273 3233 399 3298 dicitur,
441 3231 551 3296 Virtus
575 3239 679 3318 itaque
701 3233 741 3292 ab
763 3232 810 3293 his
834 3254 945 3292 nomen
976 3238 1116 3321 accepit,
1150 3259 1226 3300 eum
1247 3241 1351 3302 relatio

274 3321 442 3403 gratiarum
474 3321 613 3383 ciconiae
635 3317 790 3381 vocabulo
814 3330 1025 3402 nuncupatur.

761 3569 867 3648 XIV.

376 3771 486 3884 Quid
511 3735 693 3859 includit
727 3774 921 3891 quintum
953 3777 1259 3892 praeceptum?

373 3963 419 4036 A.
469 3964 557 4035 Non
598 3960 719 4036 solum
759 3983 948 4037 externam
980 3965 1158 4065 prohibet
1199 3965 1356 4040 caedem

274 4102 311 4157 et
346 4087 419 4159 rim
457 4111 628 4171 omnem,
673 4113 769 4186 quae
798 4115 937 4188 eorpus
970 4106 1007 4160 et
1043 4091 1154 4203 vitam
1193 4089 1356 4190 proximi

273 4206 409 4288 laedit,
438 4207 508 4282 sed
532 4210 779 4330 etiamnum,
806 4213 958 4301 odium,
989 4237 1209 4295 rancorem,
1232 4214 1357 4317 indig-
