2768 4762
357 392 572 457 onanonr
611 392 831 459 nonrmca.
978 469 983 478 .
1053 391 1136 465 141·

141 578 260 648 Hebr.
281 577 354 641 vt:
375 578 593 669 Fortissimum
609 580 755 644 solatium
782 578 946 654 habemns,
980 575 1035 659 qui
1055 594 1135 638 con-

60 688 192 774 sugimus
223 687 264 750 ad
284 685 447 748 tenendam
467 690 663 773 propositam
682 710 787 771 spem.
819 707 912 769 quam
935 685 1017 747 sieut
1037 705 1133 746 aneo-

59 817 126 857 ram
144 794 290 857 babemus
318 796 436 856 animae
456 804 556 856 tutam
587 812 622 857 ae
647 789 788 869 firmam,
811 805 842 855 et
864 792 1058 856 incedentem
1078 814 1134 855 us-

57 924 120 985 que
145 901 184 964 ad
203 905 355 964 interiora
381 902 549 964 velaminis.
910 980 914 985 Ι

140 1004 268 1071 Eceli.
291 1008 454 1069 XXXIV.:
484 1009 559 1092 Spes
594 1010 766 1070 timentium
803 1005 926 1068 DEUM
956 1010 989 1068 ia
1003 1006 1133 1070 salutern

58 1134 116 1183 ete.
161 1116 226 1193 Qui
246 1119 334 1177 timet
352 1117 541 1192 Dominum,
590 1114 668 1176 nihil
689 1114 881 1198 trepidabit,
903 1124 934 1175 et
954 1120 1020 1177 iton
1039 1098 1134 1199 pare-
1169 1134 1174 1142 ·

59 1226 129 1289 bit:
152 1226 301 1309 quoniam
321 1225 386 1307 ipse
408 1234 455 1282 est
473 1243 542 1304 spes
565 1223 645 1304 ejus.

143 1335 252 1395 Rom·
275 1330 382 1393 VIII-a
416 1331 495 1404 Quis
525 1349 599 1410 ergo
633 1349 691 1388 nos
724 1325 882 1411 separabit
911 1336 972 1386 ete.
1016 1324 1135 1387 ¹Certus

62 1464 131 1505 sum
159 1442 256 1515 enim,
292 1439 369 1517 quia
398 1455 498 1515 neque
529 1455 631 1510 mors,
663 1454 765 1515 neque
786 1431 866 1509 vitu,
897 1452 998 1513 neque
1019 1431 1135 1514 angeli,

63 1570 164 1631 neque
185 1545 404 1628 principatus,
434 1562 536 1624 neque
557 1543 706 1617 virtutes,
728 1561 828 1620 neque
850 1540 1013 1616 instantia,
1034 1558 1136 1625 raeque

64 1658 192 1728 sutura,
226 1669 328 1728 neque
361 1646 536 1723 fortitudo,
570 1668 669 1728 neque
692 1646 847 1722 altitudo,
875 1666 976 1729 neque
997 1642 1138 1729 prosun-

64 1760 164 1834 ‹ium,
200 1775 299 1836 neque
329 1771 470 1817 creatura
500 1742 559 1813 alia
590 1755 709 1838 poterit
732 1774 788 1813 nos
807 1773 950 1835 separare
971 1772 989 1813 a
1007 1751 1137 1812 'earimte

63 1865 162 1939 DEI,
194 1882 274 1943 quae
294 1874 340 1922 est
360 1864 391 1921 in
413 1859 589 1923 CHRISTO
611 1858 710 1920 Jsssu
728 1860 866 1921 Domino
889 1868 1008 1920 nostro.

147 1967 288 2028 Psalm.
317 1968 433 2027 XXX:
468 1950 823 2051 Viriliterna‘giteset
854 1950 1170 2029 conforteturenr‘s
1226 2044 1230 2055 ι

61 2086 216 2151 vestram,
240 2094 361 2148 omnes,
391 2075 445 2157 qui
465 2074 594 2159 speratis
617 2074 649 2133 in
670 2073 818 2137 Domino.
998 2078 1004 2089 '
1127 2060 1131 2067 ’

142 2180 265 2242 Pron.
294 2176 458 2243 XXVHL:
488 2181 581 2264 Fugit
612 2180 725 2264 irnpius
756 2184 877 2265 nemipe
913 2191 1132 2270 persequepter

59 2291 162 2372 justus
189 2299 313 2365 autem,
336 2288 426 2369 quasi
452 2285 501 2348 leo
523 2284 705 2365 confidens,
736 2284 855 2371 absque
877 2301 1000 2352 terrore
1017 2291 1089 2351 ‘erit

313 2567 403 2640 EX
459 2564 905 2643 Paratum·

146 2759 405 2828 AUGUSTINUS
427 2764 459 2827 in
481 2765 643 2827 Enehirid.
665 2788 693 2832 c.
715 2777 765 2833 8.=
787 2760 874 2842 Quid
895 2713 993 2828 andem
1014 2770 1132 2853 sperari
1143 2775 1251 2862 ,Allan
1261 2789 1310 2868 m,

60 2864 184 2939 potest,
219 2850 308 2934 quod
335 2872 399 2912 non
431 2850 595 2912 creditur?
636 2845 741 2913 Porro
763 2854 852 2925 ctiam
875 2850 1012 2934 aliquid,
1047 2833 1310 2936 quodnilmiiulil,

60 2960 126 3000 non
147 2949 307 3021 speratur,
343 2936 429 2998 credi
450 2948 563 3021 potest.
605 2938 684 3014 Quis
704 2956 837 3017 namque
858 2933 995 2996 fidelium
1017 2958 1132 3022 poenas
1141 2927 1193 3010 2¹13
1205 2924 1312 3013 52:2¹2,

61 3044 127 3084 non
149 3021 250 3083 credat
262 3022 457 3105 impiorum,
486 3043 541 3083 nec
561 3037 666 3106 sperat
685 3021 806 3082 tamen?
849 3020 906 3080 Est
927 3023 1031 3103 itaque
1054 3020 1131 3083 fides
1141 3018 1192 3062 ³⁸¹³
1202 3026 1225 3061 ‘i
1239 3034 1312 3074 Ῥω·

63 3119 95 3167 et
115 3107 261 3184 malarum
284 3126 386 3166 rerum
408 3117 438 3166 et
458 3104 625 3168 bonarum:
649 3108 723 3188 quia
745 3118 776 3166 et
797 3102 881 3164 bona
903 3104 1073 3166 creduntur
1102 3120 1133 3167 et
1336 3116 1344 3123 ”

61 3189 152 3250 mala.
194 3189 252 3249 Est
276 3192 367 3250 etiam
387 3188 463 3250 fides
497 3202 527 3250 et
559 3194 795 3273 praeteritarum
815 3211 918 3249 rerum
936 3202 968 3251 et
987 3186 1134 3274 praesen·
1213 3243 1216 3252 .

61 3276 144 3336 tium
176 3284 207 3333 et
243 3273 430 3335 futurarum.
486 3275 562 3335 ltem
592 3273 669 3334 fides
704 3287 734 3335 et
762 3295 888 3335 suarum
910 3295 1016 3335 rerum
1038 3288 1083 3336 est
1104 3286 1136 3336 et
1197 3275 1202 3282 '

63 3357 243 3419 alienarum.
287 3358 363 3441 Spes
392 3369 492 3419 autern
513 3378 577 3417 non
599 3360 658 3417 nisi
686 3357 839 3418 bonarum
862 3379 966 3417 rerum
992 3372 1055 3436 est,
1077 3378 1134 3420 nec

61 3443 122 3503 nisi
144 3440 335 3520 futurarum,
368 3455 399 3504 et
420 3441 459 3503 ad
480 3462 550 3503 eam
569 3444 811 3526 pertinentium,
844 3445 899 3525 qui
924 3463 1030 3503 earum
1049 3442 1135 3527 spem

62 3546 172 3610 gerere
205 3525 399 3608 perhibetur.
455 3527 544 3604 Quae
567 3549 638 3587 eum
659 3530 700 3587 ita
721 3531 799 3604 sint,
831 3539 963 3611 propter
985 3527 1039 3590 bas
1059 3550 1134 3589 cau-

62 3632 110 3671 sas
141 3610 357 3694 distinguenda
389 3612 448 3671 erit
478 3609 554 3672 fides
588 3616 697 3694 as'pe:
731 3611 811 3671 sicut
831 3610 1005 3689 vocabulo,
1029 3615 1081 3673 'ita
1103 3624 1133 3674 et
1143 3605 1310 3699 fflffiffnssl‘l

64 3693 244 3754 rationabili
276 3694 458 3762 differentia.
509 3696 587 3756 Nam
619 3696 707 3778 quod
740 3697 852 3756 attinet
868 3695 907 3757 ad
931 3717 995 3756 non
1016 3688 1309 3769 videre,0r·=1⁰ra,dli,·

67 3781 128 3837 sire
162 3799 242 3859 quae
276 3777 447 3863 creduntur
459 3821 469 3856 ,
501 3783 563 3843 sire
597 3802 676 3862 quae
704 3788 884 3863 sperantur,
906 3778 980 3840 fidei
1003 3756 1312 3865 speiqueiiiiiiillil.

67 3883 227 3922 commune
246 3875 300 3924 est.
344 3863 422 3924 Cum
442 3861 526 3925 bona
547 3864 640 3928 bonis
662 3865 768 3930 lutura
788 3882 851 3928 esse
872 3864 1062 3945 creduntur,
1082 3868 1134 3929 ni·

67 3942 115 4007 hil
133 3944 220 4009 aliud
241 3969 333 4032 quam
355 3959 529 4036 sperantur.
