2768 4762
278 408 330 476 ιο
630 395 701 462 ΒΕ
740 394 881 461 sinu
923 396 992 464 ΕΤ

277 585 380 649 Jesum
393 583 561 663 Christum,
583 580 792 669 quemliilinm
801 580 861 643 Dei
875 581 978 645 Patris
990 582 1211 670 omnipotentis
1222 595 1354 657 unicum

278 671 419 749 dicimus,
439 669 570 732 eundem
589 688 718 752 quoque
738 667 779 730 de
799 666 922 755 Spiritu
939 683 1047 739 uncto
1066 685 1174 737 natum
1194 696 1230 747 er
1251 680 1355 743 Maria

277 759 396 842 virgine
418 751 613 817 confitemur.
743 768 752 777 ·

364 875 413 931 10.
442 860 552 923 IDEM
577 861 611 921 in
643 861 732 945 epist.
756 870 805 929 13.
826 856 867 922 ud
886 857 998 923 Pulch.
1021 860 1123 947 Aug:
1165 863 1271 953 Ipsina
1290 868 1353 931 Ce-

103 1002 124 1042 Α
171 947 230 1037 ,ῆῑέξ
279 945 391 1012 tholici
403 943 537 1023 symboli
548 944 650 1007 brevis
663 956 694 1007 et
713 945 853 1029 perlecta
879 943 1052 1022 consessio,
1075 946 1241 1012 duodecim
1258 949 1353 1037 Apo·

104 1011 437 1107 diffido-uotorum
465 1029 597 1093 totidem
621 1040 669 1091 est
692 1031 810 1113 signata
845 1027 1010 1091 Sententiis
1035 1042 1180 1113 tanquam
1199 1035 1352 1102 instructa

100 1096 324 1196 ‘it‘lif'iilti'su
345 1112 661 1188 munitionmuesti,
683 1126 719 1176 ut
737 1134 841 1177 omncs
855 1111 1083 1177 haereticorum
1104 1137 1124 1177 o
1148 1118 1268 1181 iniones
1280 1120 1352 1185 solo

104 1193 256 1287 wlff*
281 1202 379 1287 ipaius
400 1200 524 1285 possint
538 1196 644 1284 gladio
669 1196 857 1260 detruncari.
900 1198 995 1263 Cuius
1016 1138 1150 1274 symboli
1179 1201 1353 1285 plenitudi-

279 1286 396 1349 nemsi
418 1280 578 1363 mete
601 1302 684 1368 puro
705 1294 737 1344 et
758 1281 891 1365 simplici
909 1280 1059 1344 voluisset
1083 1284 1180 1346 corde
1203 1289 1353 1373 concipe-

280 1390 327 1449 re,
348 1371 383 1431 in
398 1364 490 1431 anuo
507 1386 529 1451 ς
547 1365 679 1431 decretis
705 1368 899 1428 sacratissimi
921 1365 1028 1426 Niccni
1057 1367 1189 1469 Consilii
1205 1368 1352 1452 deviaret,

105 1451 569 1636 sa·a=.02,.¹¹,t
585 1450 1353 1618 lul?mellificaturaes

106 1631 250 1673 .t..ms.‚
281 1626 448 1708 ingenium,
468 1620 590 1683 nullum
612 1619 765 1681 elevarent
783 1619 950 1703 eloquium.

367 1743 416 1798 Η.
438 1728 548 1789 IDEM
569 1730 602 1789 in
631 1749 719 1789 serm
750 1740 851 1790 contr.
874 1725 1029 1804 Eutyche
1071 1727 1222 1793 Frater-na
1242 1752 1299 1794 vos
1321 1746 1354 1799 et

305 1828 410 1876 aterna
442 1810 641 1873 solicitudine
674 1832 901 1871 commonemus
936 1825 973 1873 ut
1005 1813 1145 1875 inimicos
1172 1814 1353 1881 Catholicae

279 1838 366 1972 bdei
397 1894 502 1956 hostes
532 1894 698 1970 Ecclesiae,
732 1897 952 1956 incarnationis
981 1894 1152 1959 dominicae
1178 1913 1352 1984 negatores,

281 1995 314 2042 et
335 1982 476 2041 instituto
496 2000 515 2039 a
534 1981 647 2040 sanetis
659 1977 818 2062 Apostolis
834 1978 985 2054 Symbolo
996 1995 1212 2067 repugnantes,
1233 1986 1267 2046 in
1278 1986 1355 2048 nul.

281 2065 342 2127 lam
364 2063 519 2148 recipiatis
541 2065 751 2125 consensionis
770 2061 923 2127 affectum.

369 2186 417 2241 η.
438 2168 630 2232 MAXIMUS
653 2170 832 2230 Teurinens.
853 2168 938 2233 hom.
961 2169 992 2234 d.
1013 2173 1106 2236 Trad.
1127 2173 1234 2252 symb.
1249 2187 1281 2238 et
1300 2198 1356 2239 er·

107 2268 350 2359 symbola-,pos
374 2254 472 2338 ejusd.
516 2254 594 2315 Cum
613 2254 697 2337 apud
718 2254 825 2315 Patres
847 2268 981 2332 nostros,
1004 2261 1084 2321 sicut
1104 2259 1185 2323 liber
1205 2261 1354 2323 iudicum

107 2318 261 2415 iie'ttsoooia·
284 2342 391 2417 refert,
414 2338 562 2422 quaedam
588 2337 775 2400 Israeliticee
797 2338 899 2400 tribus
920 2342 1003 2403 civili
1022 2345 1181 2405 adversum
1201 2366 1233 2406 se
1256 2365 1354 2490 proe-

1284 2428 1354 2490 abi-

284 2525 351 2574 tum
371 2512 451 2569 inter
473 2508 622 2587 bellantes
647 2521 753 2590 posset
778 2529 841 2569 esse
857 2509 1024 2573 diseretio:
1048 2513 1149 2573 tribus
1173 2513 1236 2591 illa,
1260 2517 1351 2597 cujus

284 2597 402 2679 justior
428 2606 493 2654 erat
513 2614 603 2653 cansa
624 2592 793 2735 pugnandi,
828 2596 899 2674 quia
920 2608 1030 2657 merito
1047 2618 1104 2680 per
1127 2599 1184 2657 Dei
1205 2599 1353 2660 auxilium

284 2682 446 2741 victoriam
467 2698 626 2762 praesume
652 2689 701 2752 at,
733 2679 851 2759 signum
876 2679 937 2741 sibi
957 2693 1044 2740 certo
1068 2684 1099 2740 in
1117 2703 1258 2744 sermone
1274 2704 1354 2743 con-

286 2766 396 2840 stiturt,
419 2775 454 2823 ut
479 2783 557 2843 quos
574 2781 635 2820 una
661 2782 817 2821 armorum
847 2763 937 2823 l'acies
957 2765 1179 2842 confundebat,
1202 2770 1354 2829 secretio·

109 2412 252 2516 &22:⁸¹⁸
285 2427 329 2488 lio
349 2425 551 2500 decertarent,
575 2444 630 2482 nec
651 2436 783 2506 propter
801 2425 988 2486 consimilem
1009 2428 1120 2511 populi
1146 2431 1236 2490 unius

286 2853 329 2910 ris
355 2846 442 2906 uerbi
473 2846 673 2928 distingueret
702 2860 921 2909 sacramentum
975 2850 1068 2923 Quod
1090 2848 1172 2909 beati
1194 2851 1353 2933 Apostoli,

286 2946 322 2993 ut
344 2953 401 3014 ego
429 2951 511 3005 reor,
532 2929 698 3011 exemplum
718 2944 888 3011 sequentes,
910 2934 1065 2992 Ecclesiae
1085 2933 1154 3008 Dei,
1178 2955 1269 3015 quarn
1296 2935 1355 2996 ad·

286 3038 408 3076 versum
432 3016 570 3076 militiam
590 3012 737 3074 diabolici
760 3015 877 3075 suroris
891 3015 1059 3092 armabant,
1080 3021 1258 3092 mysterium
1270 3041 1356 3095 synt.

286 3100 354 3162 boli
375 3099 590 3175 tradiderunt,
612 3111 656 3172 ut,
680 3100 753 3180 quia
774 3098 833 3158 sub
860 3120 924 3160 uno
947 3101 1061 3162 Christi
1084 3104 1207 3162 nomine
1224 3104 1355 3164 creden·

287 3188 364 3247 tium
382 3199 447 3244 crat
462 3186 565 3244 littura
586 3182 754 3259 diversitas,
779 3185 969 3267 signaculum
990 3184 1122 3262 symboli
1143 3187 1223 3245 inter
1245 3185 1353 3250 fideles

286 3266 488 3354 perfidosque
512 3280 693 3343 secerneret,
716 3281 746 3327 et
764 3267 912 3330 alienusa
935 3269 996 3330 sade
1020 3284 1113 3352 atque
1136 3268 1235 3331 bostis
1256 3292 1356 3355 appa·

287 3366 370 3414 reret
394 3352 566 3429 Ecclesiae,
602 3366 655 3411 aut
677 3364 821 3433 tanquam
841 3354 1015 3442 baptisatus
1032 3358 1185 3435 nescisset,
1207 3368 1262 3418 aut
1284 3368 1356 3423 ten·

287 3459 380 3528 qnam
395 3437 578 3503 haereticus
592 3438 788 3527 corrupisset.

762 3734 826 3813 vt

434 3938 515 4050 Qui
535 3955 630 4022 sunt
647 3933 831 4044 Symboli
859 3934 982 4044 hujus
1009 3935 1198 4023 articuli?

111 4051 246 4107 dyabolu-

114 4102 258 4160 arpiiumt

114 4149 254 4206 uren-ss·
390 4128 555 4205 CREDO
580 4127 619 4201 in
632 4127 751 4199 Deum
774 4142 919 4228 patrem
932 4125 1237 4229 omnipotentem,
1252 4148 1359 4205 crea·

112 4197 278 4243 catechesibus

112 4247 280 4398 ii'iffffi'is
289 4271 408 4328 torem
433 4253 529 4328 caeli
552 4268 592 4325 ct
615 4267 750 4324 terrae.

113 4362 126 4389 9
135 4362 161 4393 ΙΙ
241 4372 249 4386 e
