2768 4762
263 393 343 465 au
451 408 454 413 ·
523 472 526 485 Ι
568 387 642 452 nn·
669 361 933 452 caurrsru
962 382 1024 447 nr

267 595 350 638 mum
381 574 443 638 erit
471 576 503 636 in
530 585 736 660 perpetuum:
771 572 829 659 qni
849 583 953 635 antem
972 569 1060 633 testis
1084 578 1134 630 est
1154 569 1347 653 repentinus,

268 684 437 745 concinnat
461 681 597 767 linguam
631 681 793 745 mendacii.
847 679 948 742 Dolus
970 680 1002 739 in
1027 676 1126 739 corde
1144 680 1346 761 cogitantinn

271 790 368 852 mala:
396 790 450 870 qui
476 801 577 851 autem
599 791 684 873 pacis
718 790 826 848 ineunt
848 785 1000 874 consilia,
1028 787 1180 866 sequitur·
1208 803 1265 842 eos
1283 803 1346 865 qan-
1377 774 1380 788 ¹

272 898 368 961 dium.
411 895 612 985 Abominatio
635 909 683 959 est
705 897 842 958 Domino
864 893 947 955 labia
967 891 1151 953 mendacia:
1176 893 1238 974 qui
1257 905 1344 952 auten

272 1004 410 1070 fideliter
426 1017 542 1090 agunt,
562 1004 686 1089 placent
705 1005 743 1065 ei.

356 1135 407 1197 Et
435 1133 511 1197 IV..·
538 1135 673 1197 Remove
693 1154 712 1196 u
730 1145 762 1196 t'e
782 1153 818 1195 os
836 1132 984 1218 pravum,
1007 1141 1039 1193 et
1056 1127 1265 1192 detrahentia
1276 1127 1343 1189 labia

182 1280 184 1284 ·
272 1244 336 1305 sint
355 1241 469 1325 procul
492 1255 568 1305 ate.
764 1232 769 1240 ’
889 1249 892 1253 ’
967 1238 979 1247 ”

357 1373 461 1434 Item
489 1370 626 1435 xxm:
658 1374 745 1435 Time
766 1372 953 1448 Dominum,
987 1367 1034 1431 lili
1068 1368 1130 1445 mi,
1167 1379 1201 1430 et
1232 1379 1340 1451 regem:

274 1489 307 1540 ct
334 1499 404 1540 cum
426 1478 656 1542 detractoribus
689 1503 754 1543 non
778 1480 1020 1542 commiscearis:
1052 1478 1209 1559 quoniam
1231 1486 1340 1559 repente

275 1599 444 1672 consurget
464 1586 602 1672 perditio
622 1609 749 1650 eorume
777 1600 809 1650 et
824 1589 943 1648 ruinam
966 1586 1135 1667 utriusque
1157 1585 1231 1667 quis
1246 1577 1340 1643 noviti

275 1694 471 1779 Cognoscere
508 1716 673 1780 personam
701 1698 733 1757 in
755 1694 898 1777 judicio,
929 1712 993 1754 non
1025 1704 1072 1752 est
1098 1690 1235 1756 bonum.
1289 1688 1338 1764 Qui

275 1802 386 1865 dicunt
405 1804 520 1886 impio,
542 1804 647 1884 justus
673 1824 721 1863 es:
744 1801 928 1863 maledicent
948 1801 990 1858 eis
1009 1797 1142 1882 populi,
1164 1812 1198 1861 ct
1220 1798 1350 1862 detera.

274 1907 398 1972 buntur
426 1931 482 1971 eos
515 1909 632 1970 tribus:
676 1911 731 1991 qui
762 1920 898 1992 arguunt
927 1929 1014 1984 eum,
1049 1905 1292 1980 laudabuntur,
1318 1914 1341 1962 et

273 2035 371 2098 super
401 2015 488 2097 ipsos
512 2017 614 2076 veniet
645 2014 832 2077 benedictio.
886 2015 982 2076 Labie
1008 2013 1263 2088 deosculabitur,
1294 2011 1342 2092 qni

272 2132 360 2182 recta
385 2118 481 2182 rerba
501 2118 679 2203 respondet
722 2120 768 2180 Nc
794 2123 835 2181 sis
854 2124 940 2182 testis
953 2122 1079 2183 frustra
1099 2132 1210 2180 contra
1234 2120 1344 2202 proxi·

270 2246 356 2289 mum
376 2237 482 2305 tuom,
517 2246 575 2287 nec
599 2224 692 2289 lactes
720 2249 905 2311 quemquam
934 2228 1024 2290 labiis
1048 2229 1119 2290 tuis.
1168 2225 1220 2288 lie
1242 2226 1339 2287 dicas:

252 2333 443 2410 'Quomodo
476 2321 552 2396 lecit
577 2334 675 2413 mibi,
718 2336 762 2396 sic
794 2336 904 2398 faciam
942 2338 989 2397 ei:
1023 2334 1155 2398 reddam
1178 2337 1333 2415 unicuique

271 2441 443 2504 secundnm
480 2460 561 2526 opus
591 2463 690 2505 sunm.

354 2547 407 2611 Et
430 2546 555 2613 XXV.:
608 2549 750 2611 Jacnlnm
792 2550 824 2613 et
869 2549 989 2636 gladius
1036 2561 1071 2611 et
1110 2553 1227 2637 sagitta
1260 2561 1337 2610 aena

270 2654 386 2736 bomo,
425 2656 480 2740 qui
518 2654 665 2740 loquitur
702 2670 812 2721 contra
840 2662 1015 2744 proximum
1043 2679 1139 2719 suum
1170 2659 1280 2720 falsum
1300 2669 1337 2716 te·

269 2765 458 2826 stimonium.

352 2872 371 2933 J
377 2892 395 2933 a
408 2893 425 2933 c
437 2872 496 2934 ob.
517 2871 593 2935 IV.:
619 2872 724 2936 Nolite
746 2872 909 2935 detrahere
928 2873 1111 2936 alterutrum
1138 2873 1255 2937 fratres
1282 2873 1336 2934 mei.

268 2978 334 3056 Qui
356 2977 492 3041 detrahit
526 2979 637 3058 fratri,
673 2992 727 3041 aut
754 2981 807 3062 qui
824 2981 948 3063 judicat
969 2983 1080 3043 fratem
1098 3001 1215 3047 snums
1247 2982 1337 3044 detra·

266 3083 317 3147 hit
334 3084 414 3170 legi,
441 3084 473 3148 ei
495 3084 618 3167 judicat
640 3087 747 3171 legem.
829 3116 837 3121 ·

350 3174 596 3254 1.''Petr.11.=
623 3192 822 3276 Deponentes
848 3197 945 3280 igitur
964 3190 1085 3262 omnein
1107 3199 1279 3276 malitiam,
1312 3208 1337 3256 et

267 3299 543 3377 omnemudolnm,
570 3312 603 3362 et
628 3301 853 3383 simulationes,
886 3318 917 3366 et
929 3307 1074 3383 invidias,
1107 3319 1141 3387 ct
1163 3328 1275 3369 omnes
1293 3305 1337 3365 de-

265 3409 451 3485 tractiones,
485 3409 567 3469 sicut
594 3406 690 3471 modo
724 3412 819 3495 geniti
855 3412 1002 3490 infantes,
1036 3413 1267 3494 rationabiles,
1285 3416 1337 3476 siut

264 3512 341 3575 dolo
366 3512 413 3574 lac
433 3517 654 3597 concupiscite.
1378 3594 1380 3603 Ι

348 3620 499 3704 Ephes.
533 3620 609 3684 lv.=
628 3618 776 3708 'Propter
808 3626 897 3710 quod
920 3626 1110 3711 deponentes
1136 3629 1338 3702 mendacium,

261 3724 428 3808 loquimini
460 3729 620 3790 veritatem
646 3736 862 3816 unusquisqne
893 3758 962 3797 cnm
983 3738 1127 3821 proximo
1155 3755 1238 3805 suos
1268 3755 1340 3820 quo·

258 3832 342 3892 niam
366 3846 470 3894 sumus
503 3837 633 3898 invicem
659 3840 810 3902 membra:
840 3842 947 3905 Omnis
968 3864 1069 3904 sermo
1094 3838 1199 3903 malus
1229 3864 1267 3905 ex
1292 3861 1342 3904 ore

257 3950 361 4001 vestro
387 3961 451 4001 non
479 3929 652 4025 procedat:
685 3947 739 4007 sed
770 3950 796 4008 si
817 3952 886 4033 quis
903 3950 1005 4012 bonus
1026 3949 1066 4011 ad
1089 3946 1343 4013 aedificationem

255 4040 349 4121 fidei,
390 4057 426 4105 ut
449 4046 502 4109 det
529 4054 669 4133 gratiam
699 4054 906 4118 audientibus.
1299 4118 1302 4129 ,

338 4150 458 4213 Pror.
487 4153 610 4219 XVIL:
640 4159 741 4246 Malus
777 4160 887 4222 obedit
907 4164 1030 4246 linguae
1050 4162 1202 4242 iniquae,
1231 4176 1266 4225 ct
1286 4161 1345 4223 l'al·

252 4256 301 4321 lax
328 4257 524 4347 obtemperat
543 4263 633 4328 labiis
658 4266 868 4341 mendacibus.
913 4272 978 4349 Qui
1004 4269 1139 4353 despicit
1154 4289 1342 4358 pauperem,
