2768 4762
272 378 353 451 208
496 367 1118 451 sustentatione

156 625 162 637 ,
273 558 344 647 inde
361 562 389 624 si
407 560 485 646 quid
507 560 617 646 spello
632 558 727 623 noble
739 573 809 639 est,
831 562 857 623 si
885 563 963 647 quid
984 566 1123 648 gratiae,
1145 564 1271 648 siquid
1297 588 1348 630 aa·

95 628 242 722 ‘0³23ssssssss
272 647 362 724 lutis,
394 648 434 708 ab
456 671 492 710 ea
519 649 696 710 noverimus
722 647 914 728 redundare,
947 671 1026 732 quae
1056 650 1194 711 ascendit
1224 652 1347 716 deliciis

263 732 405 799 affluens.
450 734 570 795 Hortus
591 732 682 816 plane
701 730 901 802 deliciarum,
935 754 1027 817 quem
1045 755 1108 796 non
1135 734 1230 797 modo
1254 738 1351 800 alfla-

270 817 350 876 verit
370 819 515 896 veniens,
537 816 590 877 sed
612 828 643 877 et
668 814 844 901 perflaverit
859 815 1076 901 superveniens
1097 832 1199 880 auster
1221 820 1275 879 ille
1292 824 1348 882 di-

269 901 377 979 vinus,
415 915 450 963 ut
466 902 605 987 undique
627 899 725 962 fluant
750 911 782 975 et
803 902 926 964 effluant
956 917 1094 965 aromata
1112 906 1198 986 ejus,
1220 904 1348 967 charis-

270 998 350 1045 mata
368 987 485 1049 scilic'et
526 985 689 1047 ratiarum'
724 983 814 1045 Tolle
832 1006 945 1070 corpus
965 987 1027 1049 boe
1050 989 1169 1066 solare,
1191 990 1277 1070 'quod
1303 991 1348 1049 il-

98 1076 258 1125 lud-suist·
271 1070 400 1131 luminat
428 1010 595 1147 mundum,
618 1069 674 1131 ubi
693 1067 777 1129 dies?
797 1053 887 1130 Tolle
906 1074 1036 1133 Mariam
1060 1072 1140 1135 banc
1159 1075 1251 1133 maris
1270 1075 1349 1134 stel-

270 1154 352 1232 lam,
384 1159 481 1218 maris.
503 1157 612 1238 utique
632 1156 735 1238 magui
760 1166 792 1214 et
817 1159 967 1238 spatiosi,
1003 1157 1079 1240 quid
1097 1159 1155 1217 nisi
1177 1157 1278 1240 caligo
1295 1161 1348 1218 in-

269 1238 395 1300 volvens
403 1284 412 1318 ,
451 1253 482 1301 et
512 1242 622 1301 umbra
649 1240 758 1301 mortis
786 1259 821 1298 ac
850 1243 1044 1304 densissimae
1069 1241 1215 1302 tenebrae
1246 1243 1345 1301 relin-

270 1323 435 1405 quuntur?
476 1325 563 1387 Totis
592 1346 666 1413 ergo
694 1323 835 1383 medullis
857 1327 1020 1403 cordium,
1044 1330 1117 1387 totis
1135 1327 1345 1409 praecordio-

270 1429 341 1469 rum
373 1410 551 1488 affectibus,
581 1422 611 1470 et
628 1411 708 1471 votis
725 1407 868 1469 omnibus
888 1412 1017 1472 Mariam
1039 1410 1119 1471 hane
1146 1431 1344 1488 veneremur,

270 1495 344 1575 quia
364 1497 407 1554 sic
429 1507 475 1556 est
492 1495 635 1565 volumtas
656 1496 741 1575 ejus,
777 1495 832 1574 qui
847 1506 945 1554 totum
961 1514 1018 1557 nos
1038 1495 1152 1555 habere
1166 1495 1268 1555 voluit
1285 1517 1344 1578 per

269 1578 416 1638 Mariam:
449 1578 544 1657 bace,
570 1571 712 1663 iriquum,
744 1579 888 1638 voluntas
912 1582 979 1659 ejus
996 1593 1057 1656 est,
1085 1581 1138 1639 sed
1160 1600 1220 1662 pro
1239 1579 1344 1640 nobis.

269 1662 306 1723 In
329 1662 470 1724 omnibus
488 1664 641 1747 siquidem
663 1676 695 1724 et
719 1683 776 1747 per
794 1641 895 1722 emula
917 1665 1084 1745 providens
1106 1666 1241 1739 miseris,
1276 1676 1343 1722 tre-

269 1746 462 1831 pidationem
488 1762 627 1810 nostram
653 1746 791 1823 solatur,
820 1745 912 1806 fidem
943 1750 1070 1828 excitat,
1100 1769 1185 1833 spem
1200 1747 1341 1824 roborat,

272 1831 472 1895 diffidentiam
509 1834 627 1917 abigit,
672 1834 763 1914 erigit
794 1832 1085 1913 pusillanimitatem.
1139 1833 1188 1892 Ad
1217 1833 1342 1892 Patrem

93 1904 261 2011 bamili
272 1916 426 1977 verebaris
460 1918 626 1995 accedere,
665 1915 734 1976 solo
764 1917 873 1976 auditu
890 1921 1018 1978 territus
1034 1918 1073 1978 ad
1095 1916 1171 1977 folia
1192 1916 1341 1999 fugiebas.

135 2074 138 2081 Ι
272 2000 403 2060 JESUM
423 2001 481 2062 tibi
503 2002 589 2062 dedit
612 2000 821 2061 mediatorem.
875 2002 961 2077 Quid
980 2024 1042 2063 non
1068 2002 1150 2084 apud
1171 2001 1262 2060 talem
1282 2001 1345 2060 Pa-

271 2097 357 2144 trem,
370 2085 469 2145 Filius
482 2085 551 2147 talis
568 2084 728 2146 obtineat?
779 2085 969 2148 Exaudietur
989 2090 1097 2168 utique
1118 2107 1178 2167 pro
1197 2106 1344 2145 reveren-

271 2170 315 2229 tia
337 2191 407 2230 sua:
430 2171 524 2230 Pater
549 2173 630 2230 enim
649 2168 751 2252 diligit
773 2169 895 2230 Filium.
937 2173 987 2232 An
1002 2192 1076 2232 vero
1097 2169 1233 2251 trepidas
1249 2181 1280 2228 et
1303 2169 1344 2229 ad

246 2255 391 2338 «ipsuml
434 2256 545 2316 Frater
576 2268 648 2315 tuus
674 2266 719 2314 est
749 2263 780 2313 et
805 2275 878 2316 caro
906 2268 976 2333 tua,
1008 2267 1142 2316 tentatus
1155 2274 1212 2336 per
1235 2256 1344 2316 omnia

94 2339 388 2421 1l⁰⁸¹·¹¹¹l⁸absque
425 2354 572 2424 peccato,
611 2350 648 2400 ut
674 2339 849 2400 misericors
874 2338 971 2401 fieret.
1026 2341 1117 2402 Hunc
1133 2338 1192 2399 tibi
1212 2337 1343 2397 fratrem

98 2394 370 2488 &ifinwiltare
383 2422 488 2484 dedit:
522 2425 576 2485 sed
591 2424 722 2485 forsitan
743 2434 773 2482 et
795 2426 826 2482 in
852 2427 920 2508 ipso
941 2427 1128 2507 majestatem
1141 2443 1265 2482 vereare
1292 2423 1344 2481 di-

272 2510 391 2586 vinam,
425 2508 513 2591 quod
536 2509 611 2570 lieet
632 2509 732 2570 factus
753 2510 793 2568 sit
829 2507 940 2589 bomo,
968 2512 1114 2571 manserlt
1131 2521 1229 2569 tamen
1246 2507 1341 2566 Deus.

272 2592 464 2655 Advocatum
487 2594 601 2655 habere
626 2595 721 2654 viset
747 2593 928 2675 adipsum?
981 2593 1031 2654 Ad
1052 2596 1181 2655 Mariam
1204 2611 1341 2652 recurre.

271 2678 355 2740 Puro
374 2680 527 2760 siquidem
545 2678 715 2739 humanitas
733 2679 765 2736 iu
785 2680 903 2755 Maria,
925 2701 990 2740 non
1004 2680 1098 2738 modo
1120 2697 1200 2760 pura
1217 2675 1257 2735 ab
1278 2697 1343 2734 orn·

272 2767 304 2823 ni
324 2767 603 2839 contaminatione,
634 2763 687 2822 sed
708 2775 738 2821 et
758 2782 837 2844 pura
863 2764 1070 2847 singularitate
1098 2777 1233 2821 naturae.
1276 2759 1342 2818 Nee

97 2854 165 2898 ⁸⁶¹¹·
182 2848 389 2908 reeca-dubius
422 2849 566 2908 dixerim:
610 2847 791 2907 exaridietur
822 2860 852 2907 et
891 2851 956 2931 ipsa
975 2870 1049 2931 ,pro
1079 2847 1249 2907 reverentia
1277 2864 1344 2902 sua.

97 2906 262 2998 {illisi-„llll
274 2934 427 2993 Exaudiet
450 2935 558 3015 utiquc
586 2945 713 2991 matrem
744 2928 843 3007 filius,
880 2945 912 2993 et
942 2934 1083 2993 exaudiet
1114 2930 1212 2991 filium
1243 2941 1343 3011 pater.

95 3003 395 3094 {22},ffl‘⁰⁸lFilioli,
426 3017 501 3077 haee
530 3030 728 3101 pcccatorum
755 3015 852 3092 scala,
877 3016 952 3077 baec
985 3039 1050 3078 mea
1082 3018 1209 3076 maxima
1227 3012 1345 3073 fiducia

272 3115 337 3179 cst,
363 3101 438 3177 baec
465 3115 531 3163 tota
563 3103 643 3163 ratio
661 3103 724 3185 spei
743 3120 834 3160 meae.
879 3104 964 3178 Quid
995 3101 1088 3162 enim?
1134 3099 1282 3161 Potestne
1306 3094 1350 3156 fis

272 3187 329 3248 lius
349 3201 402 3248 aut
425 3188 591 3270 repellere,
613 3199 667 3245 aut
688 3187 838 3246 sustinere
856 3186 1033 3270 repulsam?
1062 3206 1125 3247 non
1142 3183 1265 3259 audire,
1290 3192 1346 3241 aut

94 3287 221 3335 aarum·
270 3293 333 3331 non
363 3272 464 3332 audiri
490 3270 572 3332 lilius
603 3271 729 3353 potest?
780 3271 930 3332 lleutrum
958 3273 1060 3356 plane.
1112 3270 1260 3330 Invenisti
1290 3268 1346 3341 (nit

271 3357 406 3439 angelus)
431 3359 558 3438 gratiam
584 3355 669 3438 apud
688 3356 799 3416 Deum.
842 3356 996 3417 Feliciter.
1038 3357 1167 3438 Semper
1196 3351 1274 3411 liaeo
1294 3353 1345 3408 in-

270 3444 371 3503 veniet
398 3445 542 3524 gratiam,
576 3452 607 3500 et
630 3438 697 3500 sola
728 3454 773 3501 cst
793 3444 907 3524 gratia,
938 3463 999 3523 qua
1026 3460 1154 3525 egemus.
1198 3435 1344 3496 Prudens

269 3528 358 3610 virgo
375 3546 438 3586 non
458 3527 638 3609 sapientiam
656 3526 737 3585 sicut
753 3525 920 3600 Salomon,
950 3548 1012 3586 non
1034 3525 1174 3599 divitias,
1201 3540 1266 3580 non
1282 3517 1346 3577 lin-

270 3632 380 3689 nores,
408 3631 471 3670 non
497 3612 687 3693 potentiam,
720 3609 773 3667 sed
795 3612 922 3692 gratiam
952 3607 1140 3692 requirebat.
1190 3604 1345 3665 Nimirum

107 3695 152 3785 {⁹¹
163 3695 338 3789 ¹ffiflflsola
364 3709 409 3757 cst
429 3698 540 3779 gratia,
578 3716 638 3776 qua
668 3693 827 3754 salvamur.
871 3695 957 3772 Quid
980 3716 1038 3755 nos
1066 3694 1125 3754 alia
1146 3689 1346 3771 concupisci·

95 3760 195 3852 grid?
271 3802 336 3842 mus
359 3780 494 3842 fratres?
537 3780 727 3856 Quaeramus
752 3781 880 3861 gratiani
911 3793 941 3841 et
965 3801 1022 3863 per
1052 3779 1181 3839 Mariam
1212 3792 1347 3855 quaera-

270 3887 356 3927 mus:
389 3869 477 3948 quia,
497 3863 585 3946 quod
609 3865 746 3943 quaerit,
764 3865 899 3941 invenit,
924 3877 954 3924 ct
976 3865 1121 3924 frustrari
1147 3880 1211 3920 non
1227 3869 1344 3942 potest.

270 3951 314 4013 Et
339 3955 369 4012 in
396 3950 458 4012 line
484 3960 657 4009 'sermonisi
690 3947 850 4008 Caeterum
875 3949 1024 4030 quicquid
1057 3946 1136 4007 illud
1159 3955 1224 4020 est,
1255 3938 1347 4022 quod

275 4036 388 4097 offerre
423 4054 533 4118 paras,
572 4033 690 4091 Mariae
718 4033 933 4093 commendare
966 4046 1134 4109 memento,
1177 4040 1214 4087 ut
1236 4027 1348 4086 eodem

273 4121 359 4182 alveo
390 4121 429 4180 ad
466 4116 644 4198 largitorem
675 4119 790 4199 gratiae
828 4119 927 4198 gratia
954 4119 1075 4195 redcat,
1117 4136 1182 4199 quo
1212 4108 1346 4172 influxit.

271 4205 379 4286 Neque
406 4205 486 4264 enim
509 4202 661 4283 impotens
689 4214 755 4260 crat
778 4201 867 4273 Deus,
888 4214 919 4260 et
950 4206 1016 4261 sine
1037 4201 1100 4262 boc
1129 4195 1347 4281 aquaeductu

273 4291 403 4368 (scilicet
423 4284 537 4368 Maria)
557 4283 721 4351 infundere
741 4287 870 4370 gratiam
887 4300 986 4372 prout
1004 4285 1118 4366 vellet,
1148 4282 1203 4346 sed
1219 4279 1281 4349 tibi
1295 4300 1350 4343 ve·
