2768 4762
327 360 332 381 ”
434 369 801 434 nnenmcn.
1073 376 1150 445 1⁸3

528 620 533 632 .
561 561 684 639 XVII.

141 742 251 855 Quid
277 742 444 858 prodest
467 741 706 849 hujusmodi
736 744 977 829 salutatione
1008 741 1099 824 uti?

182 937 228 1006 A.
281 931 348 1003 His
374 928 578 1026 praeclaris
602 933 727 1008 verbis
743 931 983 1005 admonemur
995 929 1155 1028 primum

80 1057 213 1130 snmmi
240 1050 436 1129 beneficii,
470 1054 572 1150 quod
596 1081 669 1154 per
693 1057 846 1130 Mariam
869 1056 1069 1152 Deiperem
1092 1076 1154 1126 ee·

79 1184 208 1251 ternus
229 1195 335 1276 peter
357 1177 535 1250 inchoare
557 1177 674 1251 voluit
698 1181 736 1251 in
764 1180 932 1266 Christo,
969 1179 1152 1249 ethume·

80 1329 133 1374 no
156 1301 285 1401 generi
316 1301 536 1374 redimendo
562 1301 764 1373 clementer
784 1301 970 1375 exhibere·
1165 1301 1329 1361 mmm*

184 1428 225 1496 Β.
278 1428 373 1496 Tum
403 1424 562 1522 insignis
591 1424 684 1494 haec
720 1440 777 1495 est
798 1419 1070 1496 commendatio
1097 1448 1155 1496 se·

79 1564 302 1620 crosenctee
331 1565 368 1620 et
401 1543 642 1619 admirandae
682 1545 855 1644 virginis,
900 1569 1011 1642 quem
1042 1545 1153 1618 nobie

80 1671 184 1740 Dens
224 1669 464 1742 inventricem
488 1669 629 1768 gratiae
649 1693 694 1742 ec
725 1671 821 1743 vitee
849 1668 1068 1766 genitricem
1095 1650 1281 1755 ‹rs-liiii·

84 1814 126 1860 ee
154 1789 331 1867 decrevit.

181 1911 222 1986 G.
276 1916 399 2014 Quare
412 1914 507 1987 nihil
527 1902 672 2008 mirum,
698 1914 834 2015 sipost
855 1915 921 2017 pie
941 1931 1037 2003 vota,
1053 1939 1181 2014 quee-
1236 1892 1245 1906 ’

75 2033 349 2134 inprecatione
371 2039 567 2111 Dominice
589 2039 672 2111 Deo
694 2037 1059 2123 commendavimus,
1082 2038 1145 2113 hic
1183 2078 1187 2085 ·

73 2177 250 2258 ecceptoe
265 2184 336 2260 per
357 2161 543 2236 Christum
571 2161 711 2260 gratioe
732 2186 936 2250 memores,
967 2186 1045 2233 non
1064 2188 1144 2236 mo·

74 2281 123 2352 do
150 2283 289 2355 Christi
315 2302 468 2357 matrem
480 2336 493 2374 ,
539 2285 609 2356 sed
644 2286 755 2358 etiem
789 2287 910 2358 Deum
938 2286 1084 2358 Patrem
1102 2288 1143 2359 in

72 2402 206 2473 eedem
229 2404 371 2499 virgine
401 2407 566 2503 Deipere
591 2407 803 2490 laudemus,
844 2424 882 2478 et
904 2406 1146 2482 collaetantes

75 2525 244 2621 angelis,
291 2525 445 2598 eendem
476 2543 712 2616 reverenter,
760 2545 798 2599 et
838 2551 950 2625 saepe
982 2530 1146 2626 quidem,

76 2647 291 2722 salutemus.
1114 2660 1117 2669 '

387 2857 820 2934 SCRIPTURAE.

156 3030 239 3094 ort.
261 3027 333 3091 N:
366 3029 429 3092 Ubi
459 3036 543 3095 venit
562 3033 727 3117 plenitudo
749 3033 923 3116 temporis,
956 3031 1040 3092 misit
1059 3030 1144 3093 Dens

71 3136 169 3199 filium
195 3158 285 3200 snum
303 3136 421 3200 factum
442 3161 478 3201 ex
498 3139 645 3219 muliere,
681 3143 797 3202 fectum
817 3126 875 3200 snb
900 3137 989 3221 lege,
1011 3151 1049 3200 nt
1079 3160 1142 3216 eos,

71 3249 126 3329 qui
149 3244 208 3308 sub
229 3245 422 3330 legemem,
452 3247 633 3322 redimeret,
655 3260 692 3309 ut
712 3247 914 3332 adoptionem
930 3242 1069 3306 filiorum
1093 3266 1143 3305 re-

69 3355 250 3439 ciperemut.

153 3462 249 3524 Luc.
271 3460 349 3520 xt:
371 3460 502 3521 Factum
525 3461 572 3522 'est
593 3474 714 3539 tutem,
737 3482 807 3522 cnm
829 3458 907 3520 heec
931 3457 1069 3537 diceret,
1090 3480 1143 3522 ex·
1263 3479 1267 3489 ·

67 3565 183 3629 tollens
207 3589 314 3629 vocem
331 3569 481 3652 quaedem
504 3567 618 3629 mulier
641 3568 680 3630 de
707 3565 822 3642 turba,
844 3565 921 3627 dixit
942 3565 1008 3627 illi:
1029 3566 1141 3629 Beatus
1173 3568 1180 3583 ⁸

67 3687 192 3751 venter,
220 3658 284 3756 qui
310 3689 341 3737 te
366 3679 522 3760 porterit,
546 3690 577 3739 et
603 3675 720 3754 ubera,
752 3694 832 3758 qnae
861 3675 980 3740 suxisti.
1022 3671 1064 3756 At
1087 3674 1140 3735 ille

65 3781 166 3841 dixit:
204 3781 415 3858 Quinimmo.

149 3887 244 3949 Luc.
272 3891 317 3951 l.:
363 3890 405 3951 Et
425 3892 469 3952 ait
504 3888 638 3973 Angelus
673 3892 717 3950 ei:
747 3888 792 3951 Ne
812 3891 917 3950 timess
936 3888 1056 3966 Meris,
1089 3892 1138 3950 in-

65 3995 174 4056 venisti
211 3998 291 4060 enim
335 4001 463 4084 gretiam
508 3998 593 4082 apud
635 3997 746 4060 Deum.
801 3997 883 4061 Ecce
921 3998 1076 4080 concipies
1104 4000 1136 4056 in

64 4110 154 4165 utero
173 4112 231 4166 etc.
