2768 4762
369 118 787 227 ,siluestres
1059 127 1139 199 195

55 335 115 381 are
138 313 172 375 in
189 307 372 373 mulieribus
389 309 479 393 virgo
503 306 695 371 beatissima:
725 324 780 366 ave
796 302 1135 395 stella'fulgentissima,
1169 372 1172 377 ,

57 423 95 465 ex
116 418 177 485 qua
209 394 351 457 Christus
380 395 517 477 prodiit:
551 412 605 453 ave
637 391 842 452 illustrissima
873 391 945 472 lux,
977 405 1086 459 mater,
1103 404 1140 453 et·

58 489 168 568 uirgo:
201 500 272 556 are,
309 499 389 561 quae
414 474 547 538 mirifice
578 497 679 537 reem
711 475 847 535 omnium
865 479 1037 560 peperisti:
1069 498 1133 555 are,

61 590 120 655 per
162 587 253 649 quam
295 563 388 623 uobis
432 562 480 622 sol
523 498 785 646 praeclarissimus
825 558 945 624 illuxit:
992 582 1049 623 are
1072 562 1134 623 do-

58 655 141 715 mina
164 651 282 712 cunctis
317 647 501 707 sublimior:
552 667 606 707 ave
629 646 783 705 canticum
808 642 975 706 Cherubim
995 660 1026 708 et
1042 643 1133 723 bym-

57 758 117 798 nus
146 734 349 819 angelornm:
380 752 434 791 avc
466 751 543 814 pax,
578 731 743 815 gaudium,
774 738 805 788 et
826 724 906 790 salus
926 732 1050 792 mundi:
1078 752 1132 792 ave
1142 724 1205 820 ᾖξ’·
1226 725 1304 819 ffl·

59 823 177 908 generis
216 818 341 879 humani
369 816 506 876 laetitia:
538 837 591 877 ave
610 815 741 876 Patruus
759 817 980 894 praeconium,
1002 829 1034 877 et
1053 820 1229 900 pro-must.

58 906 224 992 phetarum
259 903 372 961 decus:
407 920 460 959 avc
488 901 662 976 Martyrum
691 896 920 982 pulchritudo,
954 912 985 959 et
1014 920 1133 963 corona
1181 902 1186 914 “

59 1003 254 1052 sanctorum:
287 1008 340 1046 ave
370 986 497 1068 piorum
523 984 624 1067 qluria
650 996 681 1044 et
706 985 739 1041 in
758 980 929 1042 solitudine
956 982 1132 1066 degentium

59 1075 208 1151 hymnus:
243 1093 296 1133 ave
318 1066 596 1153 praeclarissimum
622 1064 857 1128 hierarcharum
884 1065 1060 1126 caelestium
1078 1089 1135 1129 or·

23 1204 27 1209 .
56 1171 248 1220 numentum:
282 1176 335 1215 ave
356 1153 650 1236 praestantissimum
681 1150 768 1210 orbis
801 1162 902 1210 terrae
932 1151 1132 1212 miraculum:

56 1265 113 1306 ave
144 1243 262 1324 lignum
288 1241 386 1312 vitae,
422 1235 569 1319 gaudium
591 1247 621 1296 et
646 1233 804 1317 voluptas:
845 1254 899 1295 avc
918 1234 1032 1296 vallum
1054 1234 1135 1298 iide-

58 1329 137 1387 lium
161 1341 193 1385 et
218 1322 326 1383 mundi
347 1321 449 1380 salus:
485 1339 540 1380 ave
559 1316 726 1401 tranquille
749 1330 878 1402 portus,
901 1329 965 1380 eta
985 1317 1133 1381 fluctibus
1144 1339 1270 1403 usquein
1283 1350 1307 1388 s:

58 1414 249 1494 agitatorum
270 1404 442 1465 liberatrix:
463 1423 519 1464 ave
540 1416 647 1464 nostra
672 1402 913 1486 periclitantium
937 1393 1281 1465 auxiliatri'r:⁸'²¹¹¹⁸¹⁸‘¹¹·

61 1516 118 1556 are
144 1491 202 1551 llos
226 1490 341 1573 gratiae
363 1500 394 1549 et
414 1487 652 1549 consolationis:
686 1508 740 1548 ave
758 1487 913 1570 refugium
934 1501 1154 1570 peccatorum,

64 1590 97 1636 et
129 1575 187 1636 hos
212 1575 321 1636 itiam:
349 1592 402 1634 are
437 1592 507 1656 spes
534 1574 671 1633 omnium
697 1569 874 1655 proborum
897 1571 1032 1634 adversis
1053 1575 1134 1634 casi-

61 1660 124 1721 bus
149 1596 354 1720 dilictorum:
388 1677 444 1717 ave
470 1676 689 1718 conversorum
711 1655 884 1739 refugium:
917 1677 971 1717 ave
990 1662 1131 1719 virorum
1165 1662 1296 1718 sorapin,
1355 1709 1362 1720 .

58 1746 148 1826 juxta
180 1742 403 1823 mulierumque
430 1742 536 1824 regina
559 1753 591 1802 et
616 1738 732 1802 tutela:
767 1760 821 1800 ave
831 1740 945 1808 „mundi
968 1741 1131 1803 mediatrix
1140 1716 1306 1805 &illidii

62 1827 299 1910 gloriosissima:
320 1845 375 1886 are
393 1825 528 1885 universi
553 1837 706 1886 terrarum
723 1823 811 1885 orbis
833 1825 1041 1887 conciliatrix:
1075 1812 1305 1905 „efflasse-

58 1912 203 1990 Domina,
233 1922 391 1993 sceptrum
411 1904 556 1970 fidelibus
576 1913 637 1971 tuis
662 1913 832 1993 imperans:
868 1930 921 1970 ave
941 1924 1035 1994 porta
1060 1932 1132 1973 cae-

61 1996 180 2072 lorum,
201 2016 342 2056 ascensus
371 1997 528 2055 omnium:
561 2015 615 2056 are
634 2007 874 2055 reseramentum
895 2009 1059 2078 portarum
1072 2018 1130 2080 pa·

59 2081 174 2143 radisi:
208 2100 284 2153 ave,
314 2097 393 2157 quae
414 2097 572 2138 moerores
603 2079 739 2154 sedasti,
768 2079 947 2140 adornatrix
969 2084 1305 2160 omniumsvauvuu·

61 2185 116 2225 are
136 2162 228 2221 claris
250 2160 409 2221 caelorum
427 2173 459 2220 et
471 2162 558 2242 regni
579 2160 698 2220 Christi
719 2173 777 2221 etc.
818 2160 971 2224 Precibus
992 2166 1051 2225 Dei
1074 2136 1308 2249 ge-l'llm'nfpillii

17 2294 25 2305 .
59 2248 184 2308 nitricis
202 2262 323 2324 semper
343 2243 468 2324 virginis
484 2254 516 2302 et
534 2245 683 2303 exercitus
704 2244 879 2305 caelestium
900 2266 936 2306 ac
955 2260 1061 2309 coetus
1073 2270 1130 2309 an·
1141 2237 1309 2339 ffss‘fiffl}

61 2330 223 2414 gelorum,
252 2322 442 2402 Cherubim,
463 2324 647 2409 Seraphim,
669 2326 924 2410 Prophetarum,
946 2331 1130 2409 Martyrum,
1143 2331 1204 2374 ¹³⁸⁰·

59 2402 318 2500 Hierarcharum,
348 2422 527 2471 sanctorum
553 2409 766 2472 studiosorum
792 2413 1087 2493 intercessionibus,
1104 2429 1137 2478 et

61 2500 201 2561 omnium
218 2495 384 2557 beatorum
402 2494 701 2578 supplicationibus,
723 2498 867 2557 miserere
886 2509 956 2559 tuae
978 2512 1137 2565 creaturae

60 2585 147 2645 Deus
169 2583 211 2642 mi
231 2580 472 2641 clementissime.
526 2579 689 2641 Adextris
713 2583 746 2641 iu
775 2581 854 2644 hora
875 2583 990 2664 judicii
1012 2583 1137 2645 colloca

62 2666 193 2730 humiles
215 2686 320 2727 servos
342 2677 424 2725 tuos.
467 2663 513 2724 Ne
535 2685 554 2725 o
576 2664 709 2726 Domine
731 2666 811 2726 vitae
835 2679 947 2728 auctor
965 2667 1005 2729 ad
1027 2688 1136 2752 opera,

63 2773 145 2834 quae
167 2771 226 2812 uos
247 2749 392 2810 mortales
415 2748 511 2832 legem
554 2750 733 2810 raevaricatr
750 2753 976 2831 commisimus,
1010 2772 1137 2836 aspexe-

65 2839 129 2896 ris:
152 2837 229 2918 quin
248 2836 355 2916 potius
382 2836 483 2918 aspice
506 2770 553 2895 ad
574 2836 764 2895 mitissimam
785 2833 1006 2899 humanitatem
1027 2849 1060 2899 et
1074 2832 1311 2928 mi-i‘thffl·

67 2921 270 2981 sericordiam
293 2930 386 2979 tuam.
428 2918 535 2980 Amen.
1168 2896 1212 2940 “⁸¹
1364 2928 1367 2935 '

150 3017 181 3072 ι,
223 3003 332 3064 IDEM
354 3004 386 3062 in
410 3014 489 3065 orat.
520 3002 560 3064 ad
580 3005 718 3065 sanctiss.
741 3001 800 3064 Dei
828 3006 960 3088 genitr:
981 3006 1136 3068 immacu·
1156 3022 1231 3067 unse·
1245 3038 1300 3080 sps·

63 3087 151 3163 lata,
172 3086 359 3171 impolluta,
379 3089 574 3172 incorrupta,
593 3087 708 3170 pudica
722 3088 822 3172 virgo,
844 3090 904 3150 Dei
921 3111 1044 3174 sponsa,
1064 3092 1136 3154 Do·
1145 3072 1314 3169 ffssss‘ffssssiay.

62 3175 148 3237 mina
168 3185 294 3248 nostra,
317 3172 407 3257 unica
425 3193 495 3256 spes
518 3172 773 3256 desperatorum,
792 3193 1014 3257 oppressorum
1031 3174 1314 3276 sabai-lssgfffiffiffl

64 3259 174 3335 dium,
203 3269 234 3317 et
252 3257 291 3318 ad
305 3269 337 3318 te
359 3259 550 3318 currentium
568 3256 715 3317 auxilium
735 3261 1036 3341 praesentissimum,
1066 3282 1135 3323 om·
1145 3238 1310 3332 mattam.

63 3346 153 3405 nium
174 3341 308 3424 denique
335 3340 585 3404 Christianorum
600 3340 810 3424 profugium,
832 3364 927 3404 meam
957 3322 1315 3413 sordidissi·¹,'i=¹i¹s¹1‘i0³'iiss

65 3448 168 3504 mam,
191 3427 387 3509 indignisque
407 3426 498 3487 labiis
516 3445 687 3510 expressam
702 3429 876 3489 orationem
908 3427 1055 3507 admitte,
1079 3419 1292 3490 neemanim.

66 3532 133 3572 nou
162 3523 251 3571 tuum
276 3511 401 3590 quidem
430 3509 552 3589 filium,
580 3531 681 3571 meum
715 3523 815 3571 autem
844 3511 954 3573 herum
974 3528 1006 3575 et
1026 3516 1137 3591 Deum

68 3607 206 3657 maurus
233 3608 289 3655 tua
313 3593 496 3656 liberalitate
516 3595 624 3656 volens
643 3614 756 3672 exora,
776 3606 814 3657 ut
832 3595 915 3657 mihi
931 3620 1058 3681 quoque
1078 3600 1141 3659 mi·

70 3681 185 3741 tissima
205 3679 258 3739 illa
289 3700 360 3742 suae
387 3682 514 3763 pietatis
528 3682 648 3741 viscera
676 3692 813 3755 reseret,
834 3692 867 3741 et
885 3683 1073 3766 posthabitis
1090 3687 1141 3744 in·

73 3763 318 3825 numerabilibus
350 3767 484 3848 peccatis
513 3766 609 3842 meis,
643 3763 684 3824 ad
705 3767 923 3847 poenitentiam
940 3790 988 3830 me
1009 3789 1142 3832 conaer-

73 3859 138 3924 tat,
157 3848 322 3931 probeque
346 3870 401 3909 sua
425 3850 580 3934 complere
595 3846 736 3910 mandata
758 3851 915 3916 concedat.
957 3852 1048 3916 Adsis
1064 3852 1142 3916 mihi

72 3952 195 4078 semper
219 3936 311 4017 virgo
333 3935 526 4013 misericors,
561 3934 691 3995 clemens
716 3945 748 3995 et
761 3932 915 4021 benigna,
937 3939 969 3999 in
990 3939 1318 4024 praesensissemus

74 4018 202 4100 quiem
227 4019 292 4081 rita
315 4018 434 4082 ferrens
464 4021 639 4105 protectrix
663 4031 694 4081 et
717 4020 907 4099 auxiliatrix,
939 4023 1067 4087 hostiles
1087 3996 1320 4100 imdilllillissu

783 4171 786 4179 .
865 4110 984 4205 ιδ’,
