2768 4762
389 334 858 457 incolatuum
972 462 983 471 α
1067 370 1150 443 tto

130 546 269 619 Hebr
290 551 395 615 XIII..
420 547 557 614 Obedite
576 501 772 638 praepositis.
785 552 897 615 vestris
918 564 997 630 ete„
1017 563 1055 616 ut
1076 573 1148 614 cum

65 663 182 751 gaudio
216 660 280 722 hoc
307 661 440 738 faciant,
474 672 506 722 et
527 682 592 749 non
614 671 785 750 gementem
817 657 884 771 buc
904 664 986 726 enirn
1009 680 1075 723 non
1095 681 1148 723 ex-

67 773 156 858 pedit
180 768 278 831 vobis.

150 900 278 963 Exod
299 898 404 960 xxt:
438 899 502 974 Qui
534 891 724 983 percusserit
745 909 866 982 patrem
886 915 979 962 enum
1006 909 1061 960 aut
1080 915 1148 960 ma·

65 1021 145 1071 trem
157 1006 168 1086 ,
208 1018 310 1069 morte
342 1007 506 1067 moriatur.
562 1007 629 1083 Qui
656 1004 850 1072 maledixerit
885 1008 970 1092 patri
1000 1026 1059 1070 sno
1097 1002 1147 1101 vel

66 1118 180 1193 matri,
203 1127 304 1176 morte
326 1112 488 1173 moriatur.

150 1246 203 1307 Et
223 1242 348 1310 XXII.=
381 1242 450 1304 Diis
472 1261 538 1304 non
559 1237 722 1320 detrahes,
752 1254 784 1306 et
805 1242 946 1328 principi
967 1241 1080 1328 populi
1101 1246 1156 1331 tui
1180 1242 1181 1250 ’

65 1374 132 1416 non
161 1347 336 1414 maledices.
384 1350 528 1411 Decimae
561 1359 629 1412 tuas
664 1361 696 1411 et
728 1351 884 1436 primitiae
904 1361 973 1413 tuae
998 1370 1065 1431 non
1085 1361 1152 1414 tun·

64 1460 154 1523 dabis
178 1458 318 1521 reddere.
798 1536 800 1540 p
906 1502 909 1521 .
1124 1529 1127 1533 ,

155 1566 286 1626 Lavit.
309 1562 407 1625 XX..·
445 1563 511 1640 Qui
544 1558 738 1625 maledixerit
767 1565 851 1649 patri
873 1581 933 1625 suo
968 1577 1024 1628 unt
1049 1567 1152 1648 matri,

24 1727 27 1731 .
67 1686 172 1735 morte
193 1658 357 1732 moriatur.
398 1670 487 1734 Patri
518 1671 674 1755 matrique
706 1673 762 1758 qni
783 1667 997 1752 maledixerit,
1026 1668 1152 1760 sangnis
1201 1655 1206 1675 ¹

71 1782 139 1861 ejus
159 1783 199 1839 sit
220 1798 314 1862 snper
335 1798 415 1839 eum.

155 1888 273 1947 Dent
306 1886 410 1949 XXI·
452 1879 487 1947 st
520 1883 664 1968 gennerit
696 1881 793 1948 bomo
816 1881 918 1948 filium
938 1897 1153 1951 contumacem

69 2007 101 2056 et
121 2006 320 2079 protervum,
342 1994 396 2075 qui
417 2013 483 2061 non
505 1991 641 2053 audierit
661 1991 762 2076 patris
785 2009 824 2052 ac
844 1993 983 2057 matris
973 1988 1151 2082 imperium,

70 2114 101 2163 et
125 2103 280 2164 coercitus
314 2098 453 2167 obedire,
468 2099 712 2183 contempserit,
746 2095 1097 2184 apprehendentem,
1118 2114 1152 2167 et

71 2210 185 2271 ducent
218 2208 257 2271 ad
291 2210 429 2270 seniores
464 2202 598 2271 civitatis
620 2205 729 2285 illius,
763 2217 796 2269 et
817 2205 859 2271 ad
878 2222 1003 2294 portam
1020 2208 1149 2293 judieii,

70 2317 236 2397 dicentque
259 2314 308 2394 ,ad
336 2336 407 2374 eost
440 2313 538 2374 Filius
558 2327 668 2375 noster
698 2314 757 2375 iste
788 2327 1014 2398 protervuset
1033 2331 1150 2381 eontu-
1204 2372 1206 2378 ,

69 2444 137 2484 max
159 2434 224 2496 est,
257 2420 375 2478 monita
396 2431 505 2478 nostra
526 2419 635 2479 audire
657 2423 850 2497 contemnit,
872 2424 1149 2486 comessationibus
1199 2436 1201 2441 ’

72 2538 184 2602 vacat,
217 2537 248 2585 et
268 2523 408 2585 luxuriae
431 2535 524 2605 atque
547 2525 716 2585 conviviis:
751 2519 911 2609 lapidibus
941 2550 1014 2591 eum
1035 2529 1151 2593 obruet

71 2633 212 2719 populus
231 2632 377 2708 civitatis,
401 2643 432 2692 et
451 2632 623 2707 morietur,
643 2641 681 2691 ut
700 2629 847 2693 auferatis
867 2631 981 2695 malum
995 2633 1033 2699 de
1047 2638 1150 2701 medio

71 2743 188 2816 vestri,
211 2752 243 2801 et
264 2743 428 2803 universus
449 2735 546 2799 Israel
568 2736 696 2799 audiens
717 2739 927 2831 pertimescat,

158 2849 213 2911 Et
241 2834 397 2909 XXVII·
442 2845 649 2925 Maledictus,
686 2849 743 2931 qui
775 2868 841 2910 non
873 2845 1015 2913 honoret
1034 2862 1155 2958 patrem

71 2978 162 3019 sunm
186 2969 217 3019 et
237 2969 384 3025 matrem
414 2965 446 3017 et
466 2954 550 3020 dicet
571 2954 670 3017 omnis
691 2954 840 3041 populus.
860 2952 970 3019 Amen.

158 3065 274 3130 Prov.
294 3064 385 3130 XX·
408 3064 472 3142 Qui
488 3063 650 3125 maledicit
670 3066 756 3148 patri
776 3085 835 3126 suo
858 3077 890 3128 et
909 3065 1023 3145 matri,
1056 3065 1159 3173 eutiu-
1184 3040 1190 3050 ¹

72 3186 188 3260 gnetur
211 3172 337 3232 lucerna
359 3174 428 3254 ejus
446 3173 479 3232 iu
503 3171 612 3232 mediis
634 3168 781 3234 tenebris

160 3281 261 3341 Item
282 3278 455 3341 XXVIII:
478 3279 542 3357 Qui
567 3277 725 3342 subtrahit
744 3279 865 3377 aliquid
886 3301 905 3343 a
924 3290 1158 3367 patre-sumet

74 3411 93 3452 a
115 3402 232 3466 matre,
263 3401 295 3450 et
316 3388 403 3466 dicit,
425 3386 488 3449 boc
509 3406 574 3449 non
596 3405 660 3448 esse
681 3401 853 3472 peceatum,
871 3389 1031 3476 particeps
1052 3387 1158 3451 bomi-

73 3474 152 3560 cidae
176 3511 229 3558 est.
577 3569 580 3575 Ι
785 3574 794 3589 .

162 3605 225 3693 Et,
238 3600 359 3664 XXX:
400 3600 593 3679 (senentio,
632 3619 712 3683 quae
733 3603 817 3688 patri
838 3623 896 3668 suo
918 3600 1093 3683 maledicit,
1126 3618 1158 3667 et

79 3733 160 3796 quae
180 3714 272 3772 matri
296 3731 368 3771 suae
390 3730 454 3771 non
477 3707 636 3769 benedicit
664 3721 721 3770 etc.
764 3709 902 3772 Ibidem·
926 3712 1079 3789 Oculum,
1102 3715 1157 3796 qui

80 3819 248 3882 subsannat
268 3831 407 3904 patrem,
430 3830 461 3880 ct
483 3817 538 3901 qui
557 3815 690 3901 despicit
711 3827 836 3900 partum
856 3821 963 3882 matris
984 3841 1065 3900 suae,
1080 3820 1160 3884 effo-

81 3902 170 3990 dierlt
210 3949 280 3990 enm
315 3927 404 3989 corvi
440 3923 479 3987 de
515 3923 728 4007 torrentibus,
772 3938 805 3988 et
825 3927 989 4043 comedant
1008 3948 1079 3991 euru
1099 3925 1159 3991 filii

82 4033 212 4117 aquilae.

170 4139 285 4204 Eccl.
306 4141 388 4215 nt:
411 4139 495 4219 Fili,
516 4141 638 4226 suscipe
663 4153 820 4205 senectam
846 4143 945 4228 patris
961 4143 1028 4228 tui,
1047 4155 1079 4205 et
1097 4161 1162 4204 non

77 4251 247 4315 contristes
272 4268 344 4317 euru
368 4250 403 4313 in
423 4251 488 4314 viu
508 4247 597 4315 illiue
618 4259 699 4330 etc,
717 4261 756 4315 ut
778 4250 888 4338 cupra..
1057 4340 1064 4353 .

909 4378 956 4439 23
