2768 4762
282 381 404 471 isos
654 368 895 438 nerins
927 371 993 438 nr

282 580 336 623 cae
354 557 499 623 ecclesias
524 556 620 634 tides,
698 577 747 620 ana
754 557 903 703 probant
927 576 1033 622 omnes
1050 568 1152 623 tamen
1170 557 1353 644 occidentis,

17 674 22 683 “
283 665 376 729 quam
400 644 529 707 orientis
551 642 656 706 Ortho
680 644 730 705 ori
783 645 917 727 piscopi.

118 760 157 803 m,
171 757 274 803 mam.
366 743 398 799 2.
439 726 645 811 musanus
664 727 702 795 L.
723 727 781 788 III.
807 727 875 789 adr.
897 727 1020 790 Haeres.
1040 749 1067 791 e.
1089 738 1141 798 aa
1162 727 1234 790 Non
1252 748 1354 815 opor-

101 806 330 904 ffi‘⁸¹⁸*“¹·tet
356 811 462 875 adhuc
490 831 638 897 quaerere
658 810 743 896 apud
772 808 851 873 alios
878 813 1059 891 veritatem,
1081 832 1173 895 quam
1194 813 1286 876 facile
1304 826 1354 877 cst

285 897 326 961 ab
347 896 473 977 ecclesia
504 916 648 973 sumere,
681 916 753 956 cum
788 895 814 956 Α
840 894 934 957 ostoli
961 899 1048 979 qnasi
1070 899 1102 957 in
1124 895 1353 981 depositorium

285 980 392 1061 dives,¹
410 979 585 1067 plenissime
609 980 641 1040 in
665 999 700 1040 ea
720 917 911 1040 contulerint
932 983 1054 1052 omnia,
1087 1001 1165 1066 quae
1185 983 1247 1042 sint
1266 985 1353 1044 reri-

280 1069 376 1146 tatis,
396 1067 444 1128 nti
465 1069 584 1141 omnis,
606 1063 787 1146 quicunque
810 1063 902 1140 velit,
924 1078 1024 1126 sumat
1049 1085 1083 1126 er
1113 1086 1148 1126 ea
1170 1078 1282 1148 potnm
1299 1068 1352 1127 ri-

197 1206 200 1213 .
280 1165 339 1214 tae.
380 1150 467 1214 Haeo
494 1161 541 1212 est
570 1149 650 1208 enim
685 1148 765 1208 ritae
785 1149 955 1223 introitus,
989 1170 1093 1211 omnes
1117 1149 1219 1211 antem
1234 1148 1351 1232 reliqui

280 1234 366 1329 furqs
385 1246 459 1296 sunt
471 1246 503 1296 ct
516 1233 671 1295 latrones:
714 1244 847 1315 propter
869 1231 956 1314 qnod
973 1246 1100 1318 oportet
1117 1232 1252 1294 devitare
1275 1234 1351 1316 qui-

281 1314 351 1380 deni
371 1319 461 1396 illos,
485 1338 565 1411 quae
589 1327 690 1377 antem
714 1328 787 1375 sunt
807 1315 971 1393 ecclesiae,
996 1339 1067 1378 cnm
1087 1338 1195 1401 magna
1216 1318 1352 1401 diligen-

280 1405 325 1465 tia
351 1403 500 1487 diligere,
515 1426 519 1431 ·
536 1414 567 1462 et
591 1397 824 1483 apprehendere
844 1401 980 1461 veritatis
1008 1402 1218 1463 traditionem.
1260 1402 1350 1478 Qnid

125 1498 272 1549 resarum·
283 1490 308 1551 si
329 1508 431 1570 neque
451 1483 596 1570 Apostoli
616 1483 741 1566 quidem
753 1486 923 1567 scripturas
936 1484 1134 1568 reliquissent
1149 1485 1252 1563 nobis,
1266 1507 1352 1547 non·

102 1548 322 1657 &diffisus
342 1568 511 1656 oportebat
537 1567 678 1630 ordinem
701 1566 787 1650 sequi
805 1567 1001 1651 traditionis,
1024 1591 1117 1652 quam
1147 1570 1348 1632 tradiderunt

280 1659 335 1734 irs,
374 1653 490 1738 quibus
521 1650 753 1714 committebant
783 1651 958 1713 Ecclesias?
997 1658 1048 1715 cui
1084 1654 1274 1716 ordinationi
1297 1674 1351 1715 as·

279 1741 416 1803 sentiunt
450 1736 565 1799 multae
599 1750 703 1821 gentes
746 1734 957 1797 Barbarorum
996 1760 1184 1822 eorumque,
1222 1741 1276 1820 qui
1314 1740 1348 1807 in

279 1824 438 1885 Christum
461 1822 613 1899 credunt,
649 1823 715 1882 sine
737 1819 916 1882 charactere
938 1821 987 1882 rel
1009 1836 1179 1886 atramento
1200 1825 1348 1906 scriptam

278 1907 426 1968 habentes
451 1905 671 1990 perspiritum
694 1906 727 1963 in
749 1904 898 1970 cordibus
915 1909 979 1967 suis
999 1907 1141 1986 salutern,
1162 1918 1194 1968 et
1213 1920 1349 1968 veterem

276 1990 476 2054 traditionem
494 1988 659 2074 diligenter
670 1987 882 2049 custodientes
907 2003 964 2051 etc.

362 2089 391 2144 ὅ.
433 2074 542 2135 IDEM
573 2074 609 2135 L.
624 2070 681 2135 lv.
703 2090 772 2157 cap.
806 2084 875 2142 aa:
895 2072 1015 2135 Paulus·
1041 2076 1099 2135 ait:
1128 2072 1240 2135 Posuit
1258 2073 1348 2137 Deus

101 2169 207 2223 Errat.
221 2183 253 2221 ss.
275 2159 379 2245 primo
415 2160 447 2218 in
488 2157 619 2223 ecclesia
648 2156 836 2240 Apostolos,
873 2158 1011 2220 secundo
1032 2157 1227 2241 Prophetas,
1247 2161 1349 2220 tertio

278 2245 435 2304 doctores.
494 2240 557 2304 Ubi
579 2243 676 2326 igitur
696 2241 879 2302 charismata
900 2242 1028 2303 Domini
1048 2244 1150 2326 posita
1170 2255 1262 2314 sunt,
1297 2242 1346 2304 ibi

277 2328 396 2390 discere
426 2339 554 2413 oportet
572 2328 748 2402 veritatem,
781 2326 865 2410 apud
888 2348 968 2407 quos
998 2338 1044 2387 est
1062 2347 1113 2404 ea,
1135 2346 1215 2409 qnae
1237 2338 1283 2387 est
1304 2327 1346 2387 ab

206 2464 214 2474 .
276 2411 459 2496 Apostolis,
487 2410 645 2472 Ecclesiae
676 2414 849 2488 successio,
888 2424 920 2471 et
941 2410 991 2488 id,
1015 2411 1103 2492 quod
1120 2423 1165 2471 cst
1183 2431 1287 2472 sanum
1315 2424 1355 2473 et.

100 2497 166 2543 uase
180 2494 508 2580 vntuairreprobabile
542 2497 692 2557 sermonis
729 2507 858 2557 constat
910 2495 951 2554 Hi
983 2498 1063 2556 enim
1095 2507 1127 2556 et
1148 2516 1231 2572 eam,
1264 2515 1348 2576 qnae

98 2552 204 2602 mm
277 2593 324 2643 est
351 2583 384 2641 in
413 2601 511 2641 unum
532 2581 654 2656 Deum,
681 2582 736 2661 qui
765 2583 867 2641 omnia
888 2579 980 2657 feeit,
1015 2577 1109 2639 fidem
1129 2592 1266 2640 nostram
1286 2600 1348 2638 eu-

276 2665 438 2744 stodinnt,
461 2676 595 2741 etcum,
630 2685 707 2746 quae
730 2677 775 2725 est
796 2667 830 2738 in
849 2662 947 2724 filium
969 2664 1047 2739 Dei,
1069 2662 1265 2723 dilectionem
1286 2663 1356 2723 ad«

273 2762 405 2833 augent,
431 2751 486 2831 qni
507 2761 607 2816 tantas
626 2748 672 2810 dis
698 2750 845 2810 ositiones
862 2760 995 2832 propter
1006 2767 1063 2808 nos
1081 2746 1175 2824 feeit,-
1186 2758 1218 2808 et
1241 2749 1347 2831 scrip-

269 2846 358 2896 turas
383 2834 448 2893 sinc
466 2831 608 2916 periculo
628 2770 719 2894 nohis
738 2843 905 2916 exponunt.

357 2925 388 2990 4.
416 2917 472 2976 ΕΤ
498 2937 564 3000 cap.
588 2930 639 2986 63.
668 2918 707 2998 ej.
737 2917 794 2976 L.e
816 2916 942 3000 Agnitio
965 2936 1037 2978 vera
1056 2912 1345 2999 esthpostolornm

272 3000 437 3078 doctrina,
472 3013 504 3062 et
533 3003 679 3083 antiquus
702 2999 847 3061 ecclesiae
870 3012 967 3061 status
990 3003 1024 3061 in
1044 3002 1190 3061 universo
1210 3000 1343 3080 mundo,

271 3098 303 3148 ct
326 3085 505 3148 charactere
526 3087 670 3168 eorporis
691 3084 826 3162 Christi,
847 3084 1016 3146 secundnm
1036 3087 1243 3146 successiones
1260 3084 1344 3166 Epi-

271 3190 454 3254 scopornm,
489 3168 604 3252 quibus
634 3168 786 3246 illisam,
820 3190 900 3252 quae
925 3172 955 3229 in
975 3188 1168 3250 unoquoque
1188 3166 1261 3229 loco
1282 3174 1341 3245 est,

270 3254 438 3316 Ecclesiam
462 3254 680 3330 tradiderunt,
712 3274 790 3335 qnae
822 3255 964 3338 pervenit
982 3274 1080 3335 usque
1101 3251 1139 3312 ad
1155 3272 1212 3311 nos
1230 3263 1341 3312 custo·

270 3337 336 3401 dita
353 3341 418 3400 sine
438 3335 587 3414 fictione,
619 3340 841 3421 scripturarum
859 3340 1045 3399 tractatione
1064 3336 1262 3419 plenissima,
1282 3354 1340 3394 ne·

269 3443 331 3506 qne
346 3421 532 3485 ablationem
550 3423 699 3504 recipiens
722 3422 815 3485 lectio
835 3444 911 3484 tsine¹
923 3422 1095 3497 falsatione,
1114 3432 1144 3481 et
1167 3417 1337 3480 secundum

267 3508 438 3591 scripturas
473 3509 624 3590 expositio
650 3506 786 3590 legitima
820 3518 850 3566 et
875 3506 1023 3590 diligens,
1046 3519 1077 3566 ct
1099 3506 1163 3565 sine
1181 3500 1334 3587 periculo,

266 3602 297 3653 et
322 3592 387 3650 sine
403 3588 604 3675 blasphemia,
626 3602 656 3650 et
677 3591 879 3673 praecipuum
900 3591 1076 3651 dilectionis
1094 3609 1222 3665 munus,
1243 3584 1334 3669 quod

266 3684 312 3734 est
327 3666 514 3758 pretiosius,
539 3694 630 3755 quam
654 3677 791 3757 agnitio,
811 3674 980 3757 gloriosius
1004 3688 1123 3750 autem,
1146 3692 1239 3754 qnam
1256 3689 1356 3754 prn-¹

263 3756 386 3841 photiae
409 3758 553 3820 omnibus
570 3770 670 3818 antem
692 3757 819 3841 reliquis
841 3757 1077 3820 charismatibus
1095 3757 1336 3839 supereminens.

345 3856 376 3911 5.
417 3840 690 3903 HIERONYMUS
719 3845 749 3902 in
780 3840 851 3901 dial.
882 3843 950 3903 adv.
972 3844 1091 3919 Lucii,
1129 3840 1185 3900 ubi
1207 3839 1337 3901 Lucifer

260 3926 324 3986 ait:
343 3926 470 3988 Etiamsi
492 3928 665 4008 scripturae
689 3929 856 3987 auctoritas
879 3948 942 3987 non
969 3927 1127 4002 subesset,
1160 3926 1260 3985 totius
1279 3944 1337 3985 or-

79 4006 307 4103 eorpite-‹astabis
333 4012 363 4068 in
398 4008 478 4069 hanc
503 4022 621 4093 partem
650 4030 816 4071 consensus
845 4014 942 4072 instar
975 4013 1133 4096 praecepti
1163 4006 1334 4074 obtineret.

125 4075 217 4114 ''⁰⁸¹¹''
256 4091 333 4151 Nara
353 4105 384 4154 et
400 4092 495 4155 multa
512 4093 586 4170 alia,
610 4114 687 4176 qnae
707 4115 764 4177 per
789 4094 988 4157 traditionem
1007 4100 1038 4157 in
1063 4092 1200 4156 ecclesiis
1222 4090 1336 4154 obser·

254 4187 385 4254 rantur,
409 4180 625 4242 auctoritatem
647 4177 708 4239 sibi
728 4180 862 4261 scriptae
890 4179 965 4265 legis
988 4187 1225 4265 usurpaverunt.
1269 4176 1332 4238 Cui

159 4320 162 4324 .
252 4265 419 4324 sententiae
440 4261 644 4327 Orthodbxus
663 4264 797 4325 assentit
1002 4268 1011 4275 ’
