2768 4762
380 333 785 435 accusstan
1038 368 1119 441 aas

523 559 645 636 XVII.

51 744 156 856 Quis
196 759 256 826 est
284 736 495 823 doctrinae
524 733 650 823 totius
694 732 975 835 dtr-Ecclesiae
1003 700 1119 850 prae·-

107 882 232 998 ceptis
274 899 317 964 et
354 875 640 962 traditionibus
668 907 768 961 usus
798 908 844 960 ac
877 876 1063 961 fructus?

148 1046 193 1118 Α.
243 1045 377 1142 Ingens
414 1039 586 1143 prolecto
623 1054 680 1112 est
724 1063 768 1115 ac
802 1039 936 1114 rarius.
997 1026 1120 1136 Atque·

47 1166 191 1271 primns
218 1165 394 1263 quidam,
418 1184 460 1238 ut
485 1166 759 1263 intelligamus,
787 1187 857 1234 nos
884 1162 975 1234 solis
1001 1162 1120 1233 literis
1178 1211 1179 1215 ι

49 1318 119 1366 scu
144 1290 338 1389 scripturis
362 1288 494 1365 divinis
521 1290 670 1362 minime
697 1284 855 1386 alligari.
907 1284 1007 1385 Quid
1022 1285 1121 1357 enim

50 1424 111 1505 (ut
141 1414 285 1484 Irenaci
325 1413 468 1486 ¹rerbis
503 1411 666 1508 utamur)
703 1410 737 1484 si
781 1433 904 1507 noque
949 1406 1260 1533 Apostolinnsc.

53 1536 206 1636 quidem
230 1536 433 1635 scripturas
466 1535 705 1633 reliquissent
730 1531 841 1604 nobis
854 1583 866 1622 ,
906 1556 1028 1604 nonne
1055 1556 1122 1630 op·

53 1659 230 1762 pertubat
267 1658 437 1730 ordinem
473 1659 580 1754 sequi
604 1656 838 1738 traditionis,
882 1680 992 1751 quam
1014 1655 1125 1724 tradi·

57 1780 252 1856 derunt”
226 1807 298 1871 ns,
332 1780 467 1878 quibus
493 1774 1005 1853 committebantEcclesias‘?
1051 1780 1123 1848 lta·

59 1930 133 2005 que
159 1903 365 1977 luculenter
390 1903 480 1977 dixit
502 1904 704 1976 ²Basilius:
730 1906 937 2003 Dogmata,
963 1872 1059 1999 quaa
1085 1890 1239 2023 inpar:
1224 1928 1303 2020 '0⁸3¹-

56 2026 230 2101 Ecclesia
256 2022 449 2099 servantur
472 2053 516 2101 ac
540 2027 821 2126 praedicantur,
849 2025 1038 2124 quaedam
1049 2025 1122 2097 ha·
1134 2042 1184 2085 *Ρ
1196 1991 1252 2078 2i”.⁰
1265 1992 1289 2021 ⁰

55 2150 184 2223 bemus
211 2174 233 2222 c
260 2148 429 2249 doctrina
454 2148 596 2249 scripto
622 2154 817 2251 praedita·
845 2150 1026 2249 quaedum
1045 2174 1127 2220 rur·

58 2296 122 2345 sus
162 2296 205 2343 er
243 2244 508 2371 Apostolorum
540 2274 738 2357 traditione
779 2274 818 2342 in
843 2276 1044 2373 mysterio,
1088 2271 1129 2344 id

59 2410 142 2476 est,
187 2394 226 2464 in
277 2397 426 2495 occulto
471 2394 629 2477 tradita,
664 2395 891 2497 recepimus.
965 2397 1132 2492 Quorum

10 2500 19 2617 ζ
62 2530 219 2610 utraque
244 2542 368 2616 parem
405 2520 479 2594 rim
505 2517 645 2590 habent
669 2516 717 2588 nd
742 2515 942 2614 pictatem:
975 2540 1046 2585 nec
1073 2512 1131 2584 his

10 2660 22 2703 ι
61 2632 257 2734 quisquam
287 2644 525 2741 contradicit,
565 2641 733 2739 quisquis
772 2662 859 2709 sanc
885 2637 944 2709 rel
968 2635 1131 2721 tenuiter
1161 2646 1166 2653 '

10 2742 26 2813 '-
10 2779 231 2874 expertus
257 2782 332 2854 est,
360 2792 456 2863 quae
483 2783 569 2839 sunt
593 2765 677 2863 jura
702 2762 976 2835 Ecclesiasticn.

10 2917 21 2957 ι
158 2886 200 2954 Β.
253 2886 384 2981 Neque
423 2889 577 2961 dubium
614 2914 695 2962 csse
723 2902 866 2978 potcst,
905 2886 995 2983 quin
1023 2883 1129 2956 Chri·

10 2994 137 3123 :stus
162 2996 224 3072 ⁸ct
248 3006 421 3101 Apostoli
447 3013 562 3085 multa
587 3030 662 3084 tum
688 3010 853 3107 egerint,
889 3025 965 3079 tum
992 3007 1121 3079 docus
1141 3035 1231 3084 sum
1233 3037 1306 3080 rao.

10 3164 18 3199 ι
56 3125 158 3215 rint,
186 3148 281 3219 quae
307 3126 376 3196 etsi
400 3132 538 3229 scripta
563 3134 715 3230 quidem
742 3158 818 3203 non
843 3130 941 3217 sint,
986 3130 1035 3202 ad
1059 3087 1310 3225 noslffgiffl·

55 3264 185 3322 tamen
216 3264 464 3346 posterosque
497 3255 649 3327 marimo
682 3257 900 3355 pertineant
963 3247 1218 3351 Dequ1.¹¹'²¹²·.

56 3370 133 3442 bus
175 3371 376 3465 generatim
414 3371 576 3445 ‘Paulus
614 3378 843 3450 admonens:
893 3382 951 3450 Dc
987 3389 1309 3459 caeterournraoo·

45 3493 224 3594 fratres,
260 3492 401 3590 inquit,
440 3500 679 3591 quaecunque
704 3508 793 3571 sunt
816 3523 926 3582 vera,
953 3526 1137 3597 quaecun-

59 3639 135 3711 que
159 3616 307 3708 pudica,
332 3638 572 3714 quaecunque
592 3619 710 3722 justa,
739 3647 978 3717 quaecunque
991 3636 1136 3709 sancta,

62 3728 307 3832 quaecunque
344 3740 546 3826 amabilia,
584 3768 821 3837 quaecunque
857 3750 973 3819 bonae
986 3745 1137 3844 samoe,

10 3944 14 3953 ,
63 3852 101 3931 si
125 3884 200 3952 qua
224 3863 369 3952 virtus,
397 3866 428 3935 si
452 3890 527 3958 qua
554 3869 636 3939 laus
662 3869 902 3962 disciplinae,
928 3872 1017 3942 hacc
1041 3872 1140 3967 cogi·
1189 3884 1192 3893 “

62 3990 161 4053 tate.
228 3987 334 4080 Quae
368 3995 405 4057 et
428 3987 632 4082 didicistis,
665 4003 703 4097 et
727 3994 944 4087 accepistis,
971 4003 1009 4066 et
1029 3995 1144 4067 audi·

69 4103 162 4186 stis,
185 4110 220 4171 et
245 4107 389 4180 uidistis
417 4110 459 4183 in
483 4138 561 4201 me,
588 4116 679 4188 haec
705 4119 891 4214 agitaret
918 4115 1019 4190 Deus
1043 4120 1145 4212 pacis

78 4228 152 4301 erit
175 4226 372 4304 vobiscum.

1193 1433 1298 1528 Ριιιὸι
