2768 4762
393 392 782 471 cunamen
1045 388 1126 463 845

50 597 135 669 Deo
162 587 300 664 cultum
318 604 574 690 praestemus,
602 582 815 656 interiorem
836 572 983 651 scilicet
1005 589 1043 645 et
1062 597 1301 697 emmim,
1333 586 1339 597 ·'

53 720 230 793 terionem
268 711 408 801 corde,
465 736 556 793 ore,
603 725 640 779 et
678 729 817 807 opere,
878 699 1050 802 privatim
1086 699 1232 771 ct⁰³⁰¹²·²·

87 842 220 915 ublice.

56 871 84 945 p
155 987 197 1055 Β.
249 981 410 1079 Reliqua
437 997 601 1080 septem,
637 1003 732 1076 quae
772 998 888 1075 porro
907 989 1124 1072 sequuntur,

52 1122 256 1211 praecepta
282 1103 469 1177 secundae
501 1103 650 1175 tabulae
674 1104 870 1184 dicuntur,
903 1099 1041 1211 in'hoc
1061 1096 1126 1170 ad·

53 1233 158 1316 dita,
183 1247 225 1301 ut
243 1245 407 1302 nostrum
424 1252 511 1324 erga
533 1228 739 1326 proximum
755 1220 918 1299 officinm
931 1221 1125 1321 explicent.

328 1454 409 1527 EX
468 1454 496 1522 P
514 1451 547 1522 A
564 1451 597 1519 'I'
614 1452 649 1519 R
669 1450 686 1519 Ῑ
705 1450 734 1518 B
754 1446 789 1520 U
810 1445 849 1519 S·

146 1636 172 1690 1.
195 1619 233 1682 A.
276 1618 535 1682 AUGUS'l'lNUS
558 1632 665 1704 quaest
693 1632 743 1687 71.
773 1638 842 1703 cup.
863 1613 987 1679 Exod.t
1021 1615 1304 1695 Quae-peonnam.

55 1711 160 1782 ritur,
184 1705 287 1766 decem
311 1718 475 1789 praecepta
496 1707 568 1790 legis
591 1702 849 1787 quemadmodum
871 1697 1036 1762 dividenda
1048 1689 1305 1791 sintzffissoessffl

58 1805 162 1850 utrum
189 1802 325 1874 quatuor
345 1794 408 1850 sint
432 1789 586 1871 usquead
611 1798 810 1873 pracceptum
831 1787 869 1847 de
888 1782 1037 1862 Sabbata,
1056 1804 1124 1866 quae
1135 1793 1192 1881 122²
1201 1800 1282 1829 ⁸⁰0⁸·-

56 1875 97 1933 ail
119 1876 217 1955 ipsum
235 1875 334 1933 Deum
350 1876 527 1956 pertinent:
549 1894 600 1935 sex
620 1886 718 1933 autem
744 1871 880 1953 reliqua,
905 1890 1039 1953 quorum
1057 1870 1124 1953 pri-

56 1974 163 2017 murn:
183 1958 312 2018 Honora
336 1970 455 2040 patrem
476 1970 506 2017 et
527 1970 672 2032 matrem,
706 1977 786 2037 quae
807 1956 846 2016 ad
868 1952 1023 2015 hominem
1053 1974 1128 2037 per-

55 2054 172 2101 tinente
198 2061 236 2101 an
265 2044 372 2123 potina
394 2040 447 2101 illa
465 2046 526 2101 tria
555 2044 633 2114 sint,
656 2053 687 2100 et
709 2043 768 2101 ista
789 2051 916 2122 septem.
959 2038 1022 2115 Qui
1047 2041 1129 2099 enim

57 2126 185 2199 dicunt,
224 2123 277 2184 illa
314 2138 453 2206 quatuor
486 2146 566 2202 ease,
608 2136 769 2208 separant,
807 2122 895 2206 quod
920 2122 1038 2183 dict-um
1063 2135 1132 2183 est:

57 2209 127 2268 Non
154 2220 246 2268 erunt
272 2209 331 2269 tibi
365 2210 409 2270 dii
437 2208 488 2269 alii
520 2221 644 2292 praeter
675 2230 742 2269 rnc:
770 2222 806 2268 ut
828 2208 911 2269 aliud
932 2221 1133 2291 praeceptum

58 2295 116 2353 sit:
140 2292 210 2351 Non
233 2293 325 2350 facies
348 2293 408 2352 tibi
432 2293 549 2353 idolum
572 2307 602 2353 ct
621 2307 758 2353 caetera:
780 2291 836 2352 nbi
854 2290 996 2377 figmenta
1025 2291 1134 2352 colen-

57 2377 98 2436 da
119 2374 337 2457 prohibentur.
382 2378 484 2434 Unum
504 2390 601 2435 autem
627 2376 739 2436 volunt
755 2396 837 2435 esse:
872 2376 942 2435 Non
967 2379 1134 2458 concupis-

59 2482 109 2517 ces
134 2477 262 2515 uxorem
283 2459 414 2537 proximi
435 2461 502 2516 tui:
525 2470 570 2516 ct:
593 2456 662 2516 Non
685 2461 886 2540 concupisces
908 2460 1033 2518 domurn
1056 2480 1134 2541 pro-

58 2542 132 2601 ximi
175 2541 243 2615 tui,
278 2552 308 2599 et
344 2542 446 2599 ornnia
474 2541 628 2619 usquein
668 2539 767 2599 fincrn.
820 2542 883 2615 Qui
905 2562 979 2601 vero
1002 2542 1054 2600 illa
1073 2544 1134 2604 tria

58 2646 125 2684 csse
153 2623 275 2698 dicunt,
311 2635 343 2683 et
369 2626 425 2684 ista
454 2637 590 2706 septem,
623 2643 719 2681 unum
742 2623 854 2682 volunt
872 2644 953 2699 esse,
977 2624 1133 2706 quidquid

57 2710 98 2767 de
132 2729 194 2767 uno
224 2706 358 2768 colendo
379 2709 447 2767 Deo
464 2708 677 2789 praecipitur,
700 2728 738 2767 ne
759 2705 879 2789 aliquid
904 2706 986 2768 aliud
1010 2723 1133 2791 praeter

57 2792 147 2853 illum
173 2813 234 2875 pro
263 2793 332 2852 Deo
361 2793 492 2852 colatur.
535 2792 618 2851 llaec
640 2806 741 2851 autem
768 2805 899 2853 extrerna
917 2806 1081 2875 praecepta
1100 2797 1132 2853 in

55 2878 122 2937 duo
153 2877 313 2951 dividunt,
347 2889 382 2936 ut
412 2876 498 2936 aliud
522 2879 562 2937 sit
587 2889 803 2959 praeceptum:
839 2876 910 2938 Non
933 2879 1132 2960 concupisces

53 2979 182 3021 uxorem
217 2962 350 3041 proximi
387 2962 449 3019 tui:
483 2972 514 3021 et
545 2960 650 3021 aliud:
683 2961 753 3022 Non
783 2966 983 3044 concupisces
1006 2962 1133 3022 domum

53 3046 189 3129 proximi
220 3047 284 3119 tui,
308 3065 371 3103 non
404 3064 542 3123 servum,
566 3066 628 3105 non
650 3046 810 3123 ancillam,
833 3066 897 3106 non
914 3047 1044 3125 bovem,
1067 3067 1132 3107 non

52 3131 197 3203 asinum,
226 3149 281 3187 nec
315 3131 440 3207 omnia,
473 3150 673 3211 quaecunque
711 3130 792 3192 illius
814 3143 895 3190 sunt.
938 3130 1052 3189 Decem
1083 3144 1134 3191 ta-

51 3234 125 3273 mon
148 3234 212 3271 esse
243 3227 407 3295 praecepta
443 3216 544 3273 neutri
571 3213 747 3298 ambigunt,
779 3217 927 3296 quoniam
949 3214 1012 3275 hoc
1030 3216 1133 3297 scrip-

50 3310 129 3357 tura
156 3308 294 3356 testatur.
347 3297 427 3357 Mihi
459 3309 559 3358 tamen
594 3300 739 3357 videntur
771 3301 993 3382 congruentius
1029 3301 1129 3382 accipi

51 3384 117 3442 tria
144 3378 216 3467 illa,
241 3392 271 3440 ct
294 3381 352 3441 ista
371 3394 509 3464 septem,
543 3376 690 3464 quonlam
706 3386 874 3443 trinitatem
897 3382 1043 3443 videntur
1065 3384 1127 3461 illa,
1139 3368 1304 3471 ,ᾒξῇᾞξζᾞ

51 3486 135 3547 quac
160 3464 199 3524 ad
219 3465 318 3527 Deum
341 3469 516 3547 pertinent,
549 3470 705 3526 insinnare
730 3467 907 3551 diligentius
927 3468 1126 3530 intuentibus.
1138 3469 1184 3557 ¹³:35
1197 3469 1304 3557 aripenn-

50 3549 96 3610 Et
120 3570 241 3624 revera,
265 3549 354 3633 quod
379 3549 497 3610 dictim
520 3561 581 3610 est:
614 3548 684 3609 Non
711 3565 802 3612 erunt
822 3551 881 3611 tibi
898 3549 941 3610 dii
967 3551 1018 3612 alii
1036 3530 1306 3636 prae-{if‘iiini'a'ij

51 3645 102 3693 ter
125 3654 191 3692 mc:
213 3633 276 3694 hoe
302 3635 403 3705 insum
442 3634 587 3695 ersectius
607 3635 794 3719 explicatur,
825 3656 896 3695 cum
916 3635 1128 3718 prohibentur
1140 3619 1305 3721 21:13⁰ssss

53 3715 184 3776 colenda
216 3714 369 3800 figmenta.
412 3654 670 3801 goncupiscentia
688 3741 787 3802 porro
810 3723 913 3780 uxoria
941 3720 1075 3798 alienae,
1099 3721 1214 3783 et⁶⁰P¹²·

54 3803 304 3883 concupiscentia
326 3802 436 3862 domne
453 3802 586 3880 alienae,
609 3815 728 3864 tantum
742 3810 776 3864 in
792 3804 950 3889 peccando
971 3805 1129 3881 differunt,

55 3894 93 3942 nt
114 3884 178 3957 illi,
202 3888 289 3966 quod
305 3886 421 3947 dictum
446 3900 511 3947 est:
532 3888 603 3948 Non
621 3891 822 3971 concupisces
849 3889 975 3949 domum
996 3893 1129 3974 proximi

19 4050 22 4054 .
55 3966 123 4042 tul,
145 3970 292 4051 adjuncta
315 3973 378 4032 sint
403 3984 433 4033 et
459 3971 535 4049 alia,
559 3972 680 4032 dicente
696 3976 867 4055 scriptura:
888 3973 997 4055 Neque
1021 3996 1129 4058 agrum

55 4050 144 4128 ejus,
185 4075 284 4136 neque
316 4078 438 4117 servum
470 4058 558 4137 ejus,
602 4079 702 4139 nequo
731 4057 872 4118 ancillam
900 4060 989 4140 ejus,
1028 4081 1129 4141 noque

51 4131 148 4196 borea
174 4141 240 4218 ejus
251 4184 261 4216 ,
289 4140 614 4225 neque'subjngalcm
651 4145 739 4222 ejus,
780 4162 880 4224 neque
913 4164 1003 4204 omne
1033 4165 1128 4226 pecus

50 4219 142 4298 ejus,
180 4243 282 4304 neque
314 4246 517 4309 quaecunque
552 4229 685 4310 proximi
714 4229 761 4286 tui
801 4240 881 4288 sunt.
938 4228 1128 4289 Discrevisse

11 4315 151 4369 cautem
185 4308 311 4370 videtur
340 4313 624 4397 concupiscentiam
649 4313 756 4373 uxoris
789 4312 907 4376 alienae
953 4332 972 4374 a
1005 4330 1128 4372 coucu-
