2768 4762
418 405 805 483 necatore
1069 396 1162 492 ma

90 604 96 616 ’
150 623 181 677 2.
211 605 370 669 VICTOR
391 604 470 667 Afri.
494 607 528 667 L.
551 619 580 675 5.
604 605 643 667 de
663 625 780 690 persee.
802 603 948 666 Wandal.
971 605 1046 667 circ.
1067 602 1141 666 fin:

67 695 215 758 Adestote
244 691 342 776 angeli
369 691 428 751 Dei
460 693 535 767 mei,
573 694 627 774 qui
648 713 804 774 nunquam
827 692 955 767 deestis,
977 693 1139 752 constituti
1149 688 1318 793 ‘smm-

68 785 100 842 in
121 781 292 841 ministerio
314 788 418 836 restro
450 787 582 859 propter
612 798 684 852 eos,
716 779 770 858 qui
792 775 1011 837 haereditatem
1032 788 1311 875 capes-qrqmrwf

69 868 134 926 suri
156 877 227 926 sunt
252 875 392 922 aeternae
414 862 536 936 salutis,
559 874 590 922 et
610 862 711 921 videte
734 860 884 935 Africam
898 873 995 922 totam
1018 846 1305 931 dudumltiril'“¹’⁰5

67 963 222 1012 tantarum
238 948 445 1007 Ecclesiarum
469 949 573 1007 cuncis
600 947 729 1020 sultam,
751 966 834 1006 nunc
856 944 895 1006 ab
918 946 1061 1006 omnibus
1083 944 1140 1006 de·

66 1035 216 1096 solatam:
252 1035 344 1092 tantis
380 1031 544 1091 ordinibus
567 1032 761 1092 sacerdotum
789 1043 946 1107 ornatam,
976 1030 1072 1092 modo
1091 1050 1141 1091 se·

67 1121 190 1180 dentem
214 1118 337 1177 viduam
360 1129 391 1175 ct
413 1117 573 1195 abjectam.
617 1117 832 1199 Deprecamini
854 1116 1066 1197 patriarchae,
1101 1115 1141 1176 de

67 1216 203 1287 quorum
233 1205 330 1283 stirpe
350 1203 468 1282 generis
492 1213 560 1260 nata
576 1212 638 1276 est,
672 1221 751 1282 quae
774 1220 857 1259 nunc
879 1198 1001 1259 laborat
1022 1201 1055 1258 in
1077 1211 1141 1259 ter·

66 1293 120 1354 ris.
163 1290 259 1350 Orate
282 1287 378 1345 sancti
401 1283 593 1368 prophetae,
616 1297 835 1367 cognoscentes
853 1283 1018 1360 afflictam,
1049 1305 1142 1365 quarn

63 1389 157 1434 ‘antea
178 1374 361 1432 vaticinante
382 1390 552 1452 praeconio
570 1371 730 1430 cecinistis.
775 1369 884 1429 Estote
906 1367 1051 1451 Apostoli
1072 1369 1142 1427 suf·

69 1460 241 1542 fragatores
268 1458 356 1535 ejus,
393 1475 484 1535 quam
505 1466 540 1512 ut
562 1456 789 1535 congregaretis
801 1498 811 1530 ,
833 1457 1009 1513 universum
1033 1450 1141 1513 orbem

68 1544 251 1604 aseendente
274 1543 305 1597 in
326 1537 416 1598 vobis
440 1540 594 1614 Domino,
624 1550 661 1598 ut
689 1540 763 1619 equi
793 1537 977 1598 velocissimi
996 1538 1143 1597 cursitas·

66 1631 119 1688 tis.
163 1627 334 1704 Praecipue
358 1636 393 1681 tu
414 1623 506 1683 Petre
528 1621 637 1695 beate,
675 1643 772 1704 quare
804 1622 956 1704 silespro
978 1619 1090 1683 ovibus
1112 1633 1143 1682 et

66 1715 175 1793 agnis,
207 1729 224 1768 a
248 1709 402 1766 communi
425 1708 562 1766 Domino
583 1727 629 1766 ma
651 1727 690 1767 na
711 1706 769 1766 tibi
793 1704 912 1768 cantela
937 1718 968 1769 et
982 1706 1141 1767 sollicitu-

69 1797 142 1853 dine
164 1790 404 1852 commendatis?
445 1791 495 1852 Tu
512 1804 616 1851 sancte
632 1728 733 1851 lauis
754 1796 890 1874 gentium
915 1793 1069 1875 magister,
1086 1793 1142 1872 qui

69 1877 109 1937 ab
143 1875 330 1935 Hierusalem
354 1896 452 1957 usque
478 1873 517 1935 ad
547 1875 707 1951 Illyricum
728 1876 913 1957 praedicasti
940 1875 1144 1958 Evangelium
1231 1896 1234 1905 ·

67 1963 149 2031 Dei,
174 1980 347 2043 cognosce,
371 1960 448 2041 quid
471 1959 618 2021 Wandali
640 1959 761 2020 faciunt
781 1959 927 2036 Arriani,
948 1972 981 2021 et
1000 1957 1059 2019 filii
1092 1963 1140 2023 tui

66 2056 189 2128 gemunt
221 2043 355 2127 lugendo
378 2045 500 2127 captivi.
555 2044 695 2104 Universi
720 2045 907 2127 ingemiscite
927 2045 1027 2106 saneti
1050 2044 1141 2106 simul

67 2151 127 2214 pro
145 2128 235 2191 nobis
253 2127 408 2211 Apostoli.
453 2127 515 2188 Sed
537 2129 670 2206 seimus,
705 2132 778 2210 quia
796 2129 959 2214 indignum
982 2140 1029 2189 est
1049 2127 1140 2190 vobis

66 2236 125 2298 pro
142 2213 233 2273 nobis
256 2234 367 2289 orare,
406 2215 480 2295 quia
503 2215 576 2290 ista,
609 2234 687 2295 qnae
708 2227 859 2274 venerunt
880 2213 993 2290 nobis,
1013 2232 1078 2274 non
1100 2213 1141 2275 ad

64 2299 299 2382 probationem,
320 2298 481 2376 quomodo
504 2294 646 2372 sanctiss
664 2296 719 2360 sed
739 2296 825 2359 malis
847 2301 964 2359 meritis
985 2297 1142 2382 supplicia

67 2382 273 2441 debebantur.
326 2379 387 2437 Sed
418 2388 449 2438 et
478 2401 538 2460 pro
569 2381 656 2440 malis
687 2395 774 2442 orate
794 2385 858 2462 jam
887 2382 982 2454 liliis,
1019 2385 1092 2463 quia
1110 2394 1142 2443 et

68 2465 210 2524 Christus
235 2463 335 2522 oravit
361 2463 450 2520 etiam
478 2482 538 2544 pro
563 2465 696 2522 inimicis
725 2464 860 2526 ludaeis.
904 2465 1068 2526 Sufficiant
1089 2487 1143 2526 ea-

67 2547 250 2629 stigationi,
273 2564 350 2626 quae
370 2549 453 2624 juste
476 2543 561 2605 illata
582 2556 655 2605 sunt
675 2546 784 2624 nobis,
807 2559 838 2608 et
858 2549 921 2628 jam
941 2550 1067 2630 jamque
1089 2549 1142 2610 de·

69 2629 281 2712 linquentibus
313 2631 399 2689 venia
428 2628 616 2713 postuletur.
658 2629 791 2691 Dicatur
813 2631 923 2714 angelo
941 2635 1141 2714 percutienti,

67 2716 202 2777 sussicit:
236 2716 300 2797 jam
322 2713 436 2775 cobibe
459 2735 580 2774 manum
600 2727 695 2787 tuam.
739 2715 818 2791 Quis
840 2718 964 2800 ignoret
984 2714 1059 2776 baec
1081 2739 1142 2779 nn·

14 2842 20 2850 ·
67 2802 118 2862 bis
141 2799 334 2883 probrorum
356 2810 536 2860 nostrorum
558 2797 674 2860 scelera
695 2820 898 2884 procurasse,
926 2800 1144 2870 aberrantibus

69 2909 88 2947 a
108 2885 257 2945 mandatis
281 2882 369 2958 Dei,
389 2896 420 2944 et
442 2886 474 2944 in
489 2885 555 2969 lege
574 2886 642 2966 ejus
668 2884 845 2953 nolentibus
865 2884 1040 2946 ambulare?
1081 2886 1144 2948 Sed

68 2972 220 3055 prostrati
253 2989 418 3056 rogamus,
452 2981 488 3029 ut
511 2991 573 3031 non
595 2972 748 3053 spernatis
770 2982 887 3032 vestros
910 2972 1039 3031 miseros
1067 2991 1144 3055 pec-

69 3067 210 3129 catores,
242 3074 299 3135 per
324 3074 414 3129 eum,
446 3055 571 3137 quivos
598 3052 865 3138 adapostolicam
885 3053 1006 3116 culmen
1027 3075 1145 3140 prore·

67 3142 114 3202 xit
142 3136 272 3199 humiles
296 3139 475 3222 piscatores.
876 3216 881 3224 .

152 3235 181 3290 3.
225 3220 484 3283 AUGUSTINUS
505 3224 540 3284 L.
561 3222 632 3284 XX.
653 3235 754 3287 contr.
776 3225 881 3286 Faust.
895 3222 1030 3286 Manieb.
1051 3236 1142 3293 e.21.

66 3307 131 3370 vid.
152 3319 223 3385 text.
247 3318 277 3365 et
297 3326 384 3389 supr.
406 3320 524 3389 quaest
545 3304 616 3368 VII.
636 3307 670 3368 B.
806 3358 814 3367 .
1176 3348 1290 3391 ,mum

105 3461 110 3468 Ι
154 3404 185 3458 4.
227 3390 336 3449 IDEM
355 3391 468 3452 Psaim.
490 3400 541 3460 88.
564 3412 651 3453 conc.
674 3406 703 3459 2.
723 3393 754 3452 in
775 3389 850 3453 fine
885 3391 1031 3455 Natalitia
1052 3397 1292 3491 ”wgffiffl

66 3488 174 3537 torum
191 3494 260 3534 eum
279 3475 447 3539 sobrietate
466 3476 639 3554 celebrate,
659 3489 696 3537 ut
714 3479 869 3538 imitemur
889 3499 942 3540 eos
948 3520 957 3554 ,
980 3481 1143 3561 qui-prae·
1293 3474 1320 3503 '¹

68 3571 250 3635 cesserunt,
297 3572 328 3621 et
361 3561 516 3646 gaudeant
541 3561 580 3623 de
607 3560 719 3638 vobis,
753 3563 808 3645 qui
834 3576 927 3624 orant
948 3584 1008 3646 pro
1038 3562 1140 3664 vobis,

69 3657 107 3707 ut
146 3643 324 3706 benedictio
365 3647 493 3708 Domini
527 3648 560 3708 in
593 3658 752 3707 aeternum
785 3659 904 3708 maneat
939 3667 1034 3734 super
1067 3669 1140 3728 ros,

67 3727 139 3807 fiat,
160 3727 225 3791 fiat
1186 3794 1189 3799 .

153 3829 184 3882 5.
227 3814 282 3875 ET
309 3813 406 3875 Serm.
429 3827 480 3884 47.
514 3814 552 3875 de
587 3814 710 3877 Senot:
744 3816 1001 3903 Quotiescunque
1030 3815 1142 3880 fratres

71 3900 217 3960 carissimi
240 3912 417 3960 sanctorum
432 3911 603 3975 martyrum
623 3899 771 3961 solemnia
793 3899 1000 3978 celebramus,
1026 3903 1071 3964 ita
1092 3903 1143 3987 ip-

73 3984 112 4042 sis
134 3984 395 4045 intercedentibus
417 3998 624 4067 exspectemus
644 4005 661 4044 a
688 3985 825 4045 Domino
851 3988 1000 4070 consequi
1020 3998 1143 4072 tempo·
1215 3986 1231 4067 Ἰ

72 4066 147 4127 ralia
166 4068 334 4146 beneficia,
367 4082 402 4129 ut
422 4072 507 4153 ipsos
529 4081 678 4143 martyres
698 4069 846 4130 imitando
865 4073 1004 4154 accipere
1024 4093 1143 4135 merea·
1176 4120 1242 4161 ,m-
1255 4119 1291 4162 ,q

70 4171 142 4212 mur
164 4167 285 4214 aeterna
338 4153 387 4213 Ab
406 4155 481 4236 ipsis
498 4156 578 4213 enim
597 4164 774 4214 sanctorum
791 4169 959 4231 martyrum
983 4158 1014 4215 in
1027 4133 1304 4230 verita-snsrslpss'

67 4250 99 4298 te
129 4235 327 4299 festivitatum
354 4240 466 4321 gaudia
483 4237 699 4310 celebrantur,
731 4239 787 4320 qui
807 4240 948 4321 ipsorum
972 4218 1308 4318 martyrum‘lliffifff',

67 4321 204 4406 exempla
221 4335 403 4405 sequnntur.
460 4320 682 4386 Solemnitates
703 4325 784 4384 enim
807 4337 978 4450 martyrpm
997 4325 1145 4386 exhorta-

546 4424 550 4431 '
857 4427 903 4483 20
