2768 4762
387 372 751 442 -sannoeu
953 450 958 455 ,
1045 379 1167 450 ιη,

46 585 66 626 a
80 559 267 647 praepositis
284 578 452 623 sacrorum
477 561 611 646 accipiat
635 562 853 626 satisfactionis
884 579 957 622 suae
982 558 1117 621 modum.
1127 561 1291 657 ssssf'ssss'll?

47 648 192 729 Denique
209 664 276 728 cap.
290 643 395 705 XVl.=
431 645 586 708 Certiores
609 661 682 708 sunt
708 647 807 709 claves
822 646 999 721 Ecclesiae,
1025 664 1118 726 qnam
1178 626 1193 666 Ρ
1248 628 1284 658 “’

50 730 147 794 corda
162 731 255 813 regia.
297 725 423 804 Quibus
442 728 580 792 clavibus
598 731 810 816 quodeunque
825 734 856 792 iu
875 743 960 794 terra
977 728 1122 809 solvitur,

51 819 141 877 ctiam
163 816 196 874 in
223 809 309 874 caelo
328 811 464 874 solutum
479 834 544 875 esse
556 817 763 896 promittitur.
786 816 829 876 Et
854 815 952 889 multo
965 811 1122 875 esthoue·

50 902 131 962 atior
150 897 330 974 humilitas,
364 917 425 978 qua
444 918 476 957 se
499 901 631 982 quisque
650 900 793 961 humiliat
810 899 967 961 Ecclesiae
986 898 1065 967 Dei.
1089 910 1120 959 et
1142 901 1212 966 Μῦν·
1224 898 1305 950 aas...

50 983 144 1045 labor
166 983 269 1065 minor
291 982 480 1063 imponitur,
502 995 533 1044 et
552 983 641 1047 nullo
661 982 843 1070 temporalis
863 985 972 1046 mortis
992 962 1264 1067 pericu-'¹'⁸“‘'''

50 1069 85 1133 lu
102 1087 188 1139 mors
209 1079 332 1127 aeterna
352 1067 477 1125 nitatur.

136 1163 167 1220 a.
210 1149 540 1211 CHRYSOSTOMUS
571 1151 607 1213 L.
629 1161 660 1221 3.
694 1153 733 1214 de
750 1146 886 1212 sacerd.s
919 1149 984 1226 Qui
1007 1160 1124 1211 terram

52 1234 198 1297 incolunt
224 1247 318 1296 atoue
342 1232 375 1293 in
397 1248 634 1312 reversantur,
668 1238 705 1297 iis
726 1235 923 1299 commissum
941 1245 1001 1307 est,
1022 1245 1058 1292 ut
1078 1252 1123 1309 ea,

53 1319 186 1401 quaein
207 1316 410 1394 coelissunt,
445 1317 641 1400 dispensante
676 1321 715 1380 iis
747 1319 856 1380 datum
889 1329 956 1392 est,
978 1327 1015 1375 ut
1032 1328 1125 1398 pote·

51 1416 161 1464 statem
182 1400 337 1478 habeant,
368 1422 462 1482 quam
487 1402 572 1462 Deus
594 1404 729 1484 optimus
755 1422 859 1484 neque
889 1421 926 1461 an
949 1398 1002 1459 elis
1023 1418 1125 1480 neque
1134 1380 1303 1484 ,ξῇξᾮᾚ

51 1485 245 1569 archangelis
260 1486 362 1547 datam
384 1504 448 1545 esse
468 1484 584 1545 voluit:
608 1508 721 1569 neque
742 1489 822 1547 enim
844 1485 883 1545 ad
904 1422 975 1544 illos
1008 1482 1125 1541 dietum
1136 1483 1267 1571 pamfli·

51 1584 114 1633 est:
143 1571 356 1649 Quaecunque
389 1568 561 1651 alligaveris
585 1570 745 1647 interra,
779 1581 872 1630 erunt
892 1566 944 1629 alli
966 1577 1015 1627 ata
1042 1577 1072 1625 et
1093 1542 1305 1626 innasffas'm

53 1655 158 1716 caelo:
181 1666 212 1713 et
233 1671 439 1734 quaecunque
458 1652 588 1714 solveris
609 1655 641 1714 in
662 1666 767 1731 terra,
798 1666 891 1714 emant
917 1589 1020 1712 soluta
1041 1661 1073 1710 et
1093 1650 1127 1708 in
1136 1632 1212 1675 Μ·

52 1737 153 1798 caelo.
201 1735 326 1795 Habent
350 1735 474 1818 quidem
494 1750 526 1800 et
544 1750 705 1800 terrestres
732 1740 890 1822 principes
928 1731 1045 1796 vinculi
1089 1753 1128 1794 o·

56 1832 220 1896 testatem,
251 1840 356 1879 rerum
379 1841 551 1904 corporum
575 1822 686 1884 solum.
729 1821 768 1884 ld
789 1834 907 1898 autem,
942 1817 1030 1900 quod
1074 1819 1125 1878 ico

58 1900 263 1986 Sacerdotium
282 1903 448 1982 vinculum,
463 1907 559 1989 ipsam
577 1909 668 1968 etism
692 1911 825 1968 animam
845 1905 1009 1988 confingit
1030 1915 1125 1985 atque
1157 1904 1307 1951 suenten-

56 1986 97 2046 ad
120 1987 219 2048 caelos
239 2007 339 2069 usque
359 1990 521 2072 pervadit:
541 2011 640 2073 usque
661 1990 759 2069 adeo,
784 2002 831 2069 ut,
851 2007 1055 2073 qsmeeunque
1075 1957 1306 2066 imillil'l'li'mll

56 2071 144 2131 ferne
161 2070 335 2133 sacerdotes
353 2072 567 2153 confecerint,
588 2074 641 2138 illa
664 2076 769 2138 eadem
790 2076 876 2135 Deus
897 2090 1031 2157 superne
1060 2082 1127 2132 rata
1136 2052 1180 2098 ‘¹¹²⁰

56 2153 184 2234 tabeat,
217 2176 253 2218 ac
286 2176 445 2219 servorum
467 2160 648 2222 seutentiam
671 2161 827 2222 Dominus
853 2155 1025 2219 confirmet.
1068 2156 1130 2216 Iit-

58 2242 137 2300 enim
157 2241 304 2322 quidnam
325 2240 390 2303 hoc
408 2242 494 2303 aliud
514 2263 581 2305 esse
600 2245 701 2323 dicas,
723 2247 782 2306 nisi
805 2264 926 2305 omnem
939 2261 1044 2304 rerum
1057 2260 1129 2302 cae-
1137 2227 1308 2333 „gssssfflj

57 2321 179 2384 lestium
202 2337 386 2406 potestatem
408 2325 469 2386 illis
491 2327 596 2388 aDeo
616 2326 817 2391 concessam?
859 2329 1129 2406 Quorumcunqne

56 2411 152 2479 enim,
172 2410 225 2483 ait,
245 2420 372 2488 peccata
394 2410 591 2484 retinueritis,
613 2423 732 2471 retenta
753 2423 836 2471 aunt.
878 2412 1046 2488 Quaenam,
1067 2408 1130 2472 ob-

58 2512 168 2566 acero,
201 2501 338 2570 potestas
374 2489 433 2549 hac
455 2511 517 2551 una
537 2494 642 2573 maj0r
666 2492 866 2574 assequenti
907 2493 1000 2554 Pater
1029 2494 1130 2552 omni-

58 2576 173 2636 fariam
201 2573 285 2635 Filio
312 2584 496 2655 potestatem
518 2574 623 2637 dedit:
654 2588 808 2637 caeterum
822 2573 913 2634 video
928 2577 951 2633 ·i
976 2592 1039 2634 sam
1057 2575 1308 2634 ean-¹²¹¹11·ffi›¹⁸·

61 2659 133 2720 dem
160 2658 354 2720 omnifariam
375 2669 558 2741 potestatem
581 2681 599 2719 n
619 2656 689 2720 Deo
715 2657 782 2719 lilio
809 2656 871 2719 illis
892 2670 940 2720 tra
963 2660 1045 2718 itam.
1089 2656 1132 2717 Et

60 2742 157 2827 paulo
198 2754 286 2826 post:
317 2741 440 2802 Nostris
470 2741 683 2806 sacerdotibus
719 2763 782 2805 non
823 2743 969 2826 corporis
1005 2741 1132 2824 lepram,
1203 2804 1210 2816 ‚

60 2849 168 2888 rerum
200 2828 317 2887 animae
350 2826 475 2904 sordes,
511 2848 573 2888 non
606 2827 680 2891 dico
716 2840 863 2913 purgatas
891 2825 1045 2910 probare,
1079 2799 1315 2915 scdwffssffilss',

61 2932 196 2996 purgare
215 2931 346 2993 prorsus
367 2931 544 2973 concessum
564 2925 620 2979 est.

146 3009 176 3062 5.
220 2993 451 3055 CYPRIANUS
472 2997 506 3056 L.
527 2998 553 3060 1.
574 3000 663 3082 epist.
685 3009 715 3066 2.
738 2995 778 3057 ud
803 2993 944 3056 Cornel:
966 2993 1030 3054 Nec
1052 2993 1133 3054 enim

64 3077 111 3140 sas
133 3090 200 3141 erat
223 3091 277 3139 aut
296 3079 495 3161 permittebat
518 3094 646 3164 paterna
663 3084 761 3166 pietas
779 3092 812 3139 et
834 3079 939 3139 divina
963 3076 1133 3153 clementia,

63 3161 235 3223 Ecclesiam
252 3162 449 3245 pulsantibus
466 3163 593 3245 claudi,
621 3180 652 3229 et
676 3162 855 3239 dolentibus
879 3183 915 3224 ae
937 3161 1135 3245 deprecanti·

63 3246 124 3307 bus
146 3249 211 3329 spei
232 3246 374 3309 salutaris
393 3248 568 3310 subsidium
592 3250 757 3336 denegari,
777 3261 816 3309 ut
836 3247 876 3309 de
896 3247 1021 3309 saeculo
1046 3264 1134 3305 rece·

63 3330 197 3408 dentes,
216 3332 281 3391 sine
304 3335 581 3395 communicatione
602 3348 633 3397 et
652 3355 728 3418 pace
750 3333 789 3394 ad
809 3333 978 3394 Dominum
996 3328 1134 3390 dimitte-
1142 3319 1313 3411 „fflffl'ssfflf

61 3426 199 3492 rentur,
220 3416 346 3496 qnando
366 3419 540 3499 permiserit
562 3421 571 3478 i
596 3439 644 3496 se,
666 3420 722 3501 qui
743 3417 839 3501 legem
863 3414 971 3492 dedit,
996 3426 1034 3475 ut
1054 3412 1223 3497 liga-nmio
1262 3429 1312 3459 Μ·

62 3513 95 3561 ta
120 3502 154 3560 in
177 3501 291 3578 terris,
312 3502 403 3562 etiam
419 3504 451 3563 in
473 3440 599 3564 caelisll
621 3516 670 3565 ata
692 3514 810 3563 essent:
830 3499 909 3563 solvi
932 3511 1033 3561 autem
1055 3467 1313 3583 pos-lffilsl'*

63 3596 134 3647 seut
149 3580 236 3662 illie,
257 3604 337 3666 quac
353 3583 405 3647 hic
421 3590 509 3670 prius
528 3589 560 3647 in
614 3588 725 3651 eclesia
744 3584 949 3648 solverentur.

150 3681 182 3738 ο.
225 3667 419 3731 muamus
452 3671 567 3733 Pictas.
590 3673 694 3758 Episc.
715 3689 781 3733 can.
809 3682 859 3740 1⁶.
880 3672 919 3739 ¹in
940 3664 1070 3729 Maon:
1105 3663 1315 3762 Offfigffb·

68 3756 100 3815 in
121 3755 357 3837 nuncupatione
373 3757 446 3816 novi
469 3758 603 3819 nominis
628 3756 701 3819 felix
713 3754 869 3817 Ecclesiae
893 3752 1137 3824 fundamentum,
1203 3730 1218 3772 Ρ

69 3837 227 3921 dignaque
255 3836 469 3901 aedificatione
497 3841 580 3903 illius
599 3854 706 3929 petra,
727 3860 807 3923 quae
828 3838 965 3900 infernas
989 3836 1087 3921 leges,
1109 3845 1141 3894 et

72 3926 180 3985 tartari
209 3936 339 4009 portas,
357 3937 406 3999 ,et
436 3928 540 3987 omnia
569 3929 679 3988 mortis
712 3924 848 3989 claustra
875 3922 1067 3985 dissolveret.
1111 3916 1139 3979 0
1262 3983 1269 3998 ‚
1294 3982 1300 3994 ,

72 4002 180 4068 beatus
213 4007 291 4070 caeli
319 4008 459 4090 janitor,
494 4013 586 4094 cujus
616 4008 749 4072 arbitrio
769 4009 870 4071 clares
896 4008 1012 4069 aeterni
1037 3984 1320 4081 aditusffiilssstffii',

72 4089 258 4172 traduntur,
291 4094 382 4174 cujus
410 4107 556 4158 terrestre
580 4095 735 4179 judicium
765 4094 979 4179 praejudicata
1003 4086 1284 4151 auctori-tntum·

69 4186 120 4235 tas
145 4176 185 4235 sit
201 4178 233 4238 in
254 4178 360 4258 caelo,
380 4192 416 4243 ut
433 4201 511 4263 quae
533 4182 676 4242 interris
695 4192 750 4240 aut
778 4179 870 4263 ligata
894 4189 967 4240 sunt
985 4187 1039 4235 aut
1059 4171 1148 4235 solu·

70 4271 124 4338 ta,
144 4265 252 4353 statuti
274 4263 415 4348 ejusdem
443 4265 654 4330 conditionem
683 4263 846 4328 obtineant
864 4275 895 4327 et
916 4265 949 4323 in
970 4257 1065 4322 caclo.
1164 4300 1167 4307 -

920 4362 939 4422 8
