2768 4762
313 369 709 441 oncnuooa
863 375 864 379 ¹
938 370 1083 455 ,2⁰³-

63 557 288 642 muuo.2·p
304 553 435 635 „aaa
448 559 531 663 hyp
546 561 620 629 2-in
633 530 1014 624 neumanensis:

200 712 296 803 Quae
313 714 358 779 sit
373 723 520 799 potestas
538 715 682 795 credito,
716 728 734 783 ,“
857 781 860 786 ,

147 800 196 865 Et
218 801 367 863 muneris
390 809 554 884 quantum
576 803 706 882 elatum,

150 887 304 959 Probent
334 885 504 972 Quiritum
525 886 674 970 gaudio,

159 969 290 1058 Quibus
317 980 456 1055 rogatus
484 971 616 1033 annuis.
789 1004 796 1019 ι

48 1130 50 1135 ¹
199 1055 297 1142 Quod
318 1057 455 1139 quisque
479 1058 623 1138 supplex
637 1055 807 1136 postulat,

151 1141 230 1203 Fert
249 1141 467 1218 impetratum
489 1154 655 1222 prospere.

152 1226 318 1301 Poscunt,
349 1227 512 1302 litantur,
552 1227 722 1303 indicant,

151 1308 199 1372 Et
228 1309 334 1371 tristis
369 1311 461 1372 baud
483 1312 573 1370 ultus
595 1311 693 1372 redit.
849 1369 853 1375 ,

200 1394 269 1456 Ceu
298 1402 431 1474 praesto
452 1402 583 1474 'semper
603 1395 737 1471 adsies,
837 1410 839 1416 ·

160 1480 312 1560 Tuosque
335 1481 491 1541 alumnos
524 1478 670 1554 urbicos,
725 1538 729 1543 .
801 1500 807 1507 ·

154 1565 319 1626 Lactante
339 1565 532 1642 complexus
554 1563 651 1641 sinu,

156 1647 303 1709 Paterno
329 1666 445 1708 amore
464 1647 604 1709 nutrias.

201 1731 275 1793 Hos
297 1731 404 1808 inter,
429 1751 450 1793 o
477 1731 603 1792 Christi
634 1731 750 1807 dacus,

155 1815 247 1878 Audi
269 1822 404 1896 poetam
443 1815 624 1894 rusticum,

157 1899 274 1962 Cordis
294 1892 465 1983 fatentem
489 1899 651 1976 crimina²
767 1950 794 1974 .,

154 1983 201 2046 Et
223 1982 314 2057 facta
329 1984 530 2065 'prodentem
552 2002 626 2045 sua.
681 2004 687 2020 ·

192 2066 381 2150 Indignus,
416 2085 560 2149 agnosco
587 2075 621 2130 et
651 2062 737 2141 scio,

153 2148 264 2299 gum
294 2151 530 2214 CHRISTUS
561 2153 630 2233 ipse
663 2145 846 2214 exaudialr

179 2237 219 2298 ed
248 2255 310 2317 per
335 2244 496 2316 patronos
520 2247 690 2319 martyres

156 2320 272 2381 Potest
291 2323 456 2380 medelam
481 2323 647 2402 consequi.

197 2402 288 2462 Audi
325 2402 486 2483 benignus
510 2407 692 2483 supplicem

158 2479 350 2545 CHRISTI
385 2504 482 2544 reum
504 2485 750 2563 studentium,
777 2520 786 2532 =-

158 2566 206 2628 Et
230 2567 431 2628 seruientem
467 2571 639 2648 corpori,·

87 2742 94 2760 .
161 2653 306 2715 Absolve
329 2651 450 2714 vinetis
470 2654 627 2719 saeculis

71 2800 128 2864 ET
147 2802 180 2863 in
206 2802 311 2882 hymn.
344 2818 375 2874 ὅ.
410 2804 511 2889 ejusd.
536 2804 607 2866 Lib.
632 2806 665 2867 in
690 2801 796 2872 Eulal.
819 2803 898 2889 virg.
918 2799 1070 2866 Lusitana

198 2957 270 3020 Ista
296 2958 505 3031 comantibus
535 2979 553 3021 e
576 2954 670 3042 foliis

158 3043 309 3105 Munera
332 3044 446 3128 uirgo,
467 3065 615 3126 puerque
636 3047 735 3109 date:

157 3132 220 3191 Ast
247 3149 308 3212 ego
341 3138 432 3190 serta
458 3131 559 3193 choro
582 3131 617 3191 in
644 3128 752 3193 medio

162 3212 267 3273 Texta
286 3208 402 3297 feram
419 3216 503 3294 pede
519 3215 701 3294 dactylico,

91 3319 105 3336 ·
169 3296 272 3374 Vitia,
315 3298 480 3376 marcida,
523 3294 615 3382 festa
647 3308 776 3363 tamen.

197 3381 252 3443 Sic
278 3382 470 3444 venerarier
506 3402 579 3445 ossa
614 3384 712 3461 libet,

159 3464 296 3528 Ossibus
314 3469 404 3527 altar
427 3474 460 3529 et
483 3464 701 3548 impositum.-

154 3549 223 3613 Illa
252 3548 344 3611 DEI
367 3551 434 3613 sita
459 3551 521 3614 sub
551 3551 692 3632 pedibus

155 3635 322 3718 Prospieit
352 3636 455 3707 baec,
492 3639 698 3720 populosque
728 3653 807 3700 suos

160 3720 318 3783 Cormine
348 3720 530 3804 propitiata
540 3717 647 3805 sonet.

69 3870 176 3936 ITEM
185 3874 301 3973 bymn.
324 3888 355 3947 o.
376 3877 409 3937 in
431 3886 481 3944 18.
504 3873 795 3957 Caesaraugustam

115 4004 208 4071 Haec
236 4009 298 4071 sub
332 4005 433 4070 altari
455 4004 521 4067 sita
548 4004 768 4086 sempiterno,

72 4087 238 4171 lapsibus
264 4093 387 4155 nostris
410 4089 547 4155 veniam
574 4097 733 4170 precatur
873 4166 876 4171 .

80 4171 210 4256 Turba,
242 4198 344 4264 quarn
367 4183 479 4240 seruat
497 4195 675 4256 procerum
702 4167 852 4239 creatrix

311 4261 575 4349 Purpureorum.
