2768 4762
441 343 845 446 nectnsran.
1080 350 1187 465 -ttr

47 566 67 637 ἡ
190 564 293 627 Item
320 552 441 625 m:
466 560 545 626 Cum
576 575 680 627 autem
717 566 836 627 venerit
864 561 1000 650 Spiritus
1031 570 1177 648 veritatis,

49 700 69 761 j
107 672 236 736 docebit
255 694 308 734 vos
327 692 450 737 omrreni
469 672 637 733 veritatem.

47 812 68 887 p·
190 800 328 862 Matth.
360 802 497 861 mlh:
546 800 649 885 Super
687 802 863 863 cathedram
896 803 1000 879 Moysi
1031 804 1177 867 sederunt

55 894 64 915 'r

47 964 65 1037 Ρ

104 906 224 967 scribae
260 920 291 968 ct
321 906 483 993 pharisaei.
541 907 650 969 Omnia
679 932 769 995 ergo,
806 930 1006 992 quaecunque
1045 910 1175 973 dixerint
1222 970 1225 975 .

101 1012 214 1091 vohis,
241 1027 359 1075 servate
380 1027 411 1075 et
435 1014 544 1077 facite:
576 1016 744 1077 secundum
765 1036 859 1099 opera
891 1037 964 1075 vero
986 1038 1094 1079 eorum
1114 1041 1174 1081 no-

101 1120 158 1183 lite
177 1122 288 1181 facere.

185 1226 341 1308 Philip.
364 1225 411 1285 L:
448 1227 582 1302 Quidam
614 1229 738 1313 quidem
767 1241 799 1289 et
819 1239 950 1312 propter
979 1228 1120 1290 invidiam
1144 1242 1175 1293 et

98 1318 347 1395 coiitentionem:
377 1332 501 1414 quidam
525 1347 626 1397 antem
652 1350 682 1397 et
706 1348 836 1420 propter
856 1335 968 1395 bonam
986 1334 1175 1399 voluntatem

47 1496 55 1535 Ι
89 1440 312 1513 ¹CHRISTUM
338 1440 526 1521 praedicant.
584 1442 718 1518 Quidam
740 1464 775 1504 ex
796 1445 921 1504 caritate
942 1453 1016 1517 eto,
1049 1444 1175 1524 quidam

96 1560 202 1609 nutem
224 1567 259 1607 ex
279 1550 474 1608 contentione
501 1548 657 1610 Christum
678 1553 858 1613 annuntiant
892 1569 956 1609 non
976 1550 1093 1609 sineere
1116 1561 1173 1611 etc.

96 1653 188 1728 Quid
211 1652 315 1712 enirn?
357 1653 441 1713 Dum
468 1657 550 1715 omni
576 1657 690 1734 modo,
726 1659 788 1737 sive
805 1677 863 1741 per
885 1656 1173 1733 occasionem,sive

95 1780 157 1843 per
186 1760 344 1820 veritatem
377 1762 576 1827 CHRISTUS
606 1768 822 1827 annuntietur:
853 1775 884 1825 et
904 1765 937 1823 in
960 1760 1021 1824 hoc
1044 1763 1172 1845 gaudeo,

99 1865 158 1925 scd
180 1879 210 1927 ct
231 1868 384 1950 gaudebo.

184 1973 323 2033 Joann.
346 1975 423 2035 XL:
455 1977 525 2037 Hoc
550 1990 649 2039 antem
678 1999 697 2038 a
716 1988 811 2038 semet
831 1979 899 2059 ipso
920 1995 982 2034 non
1005 1974 1095 2036 dixit:
1117 1974 1172 2037 sed

94 2098 168 2137 cunr
205 2091 283 2139 esset
315 2080 453 2161 pontifex
486 2082 556 2140 anni
576 2078 675 2157 illins,
705 2082 921 2166 prophetavit,
942 2080 1029 2163 quod
1049 2081 1170 2142 JESUS

47 2186 74 2257 “e
93 2186 267 2263 morituros
290 2198 356 2246 erat
378 2206 438 2269 pro
464 2198 563 2270 gente.

183 2290 325 2351 Matth.
347 2290 485 2348 XVIII.:
516 2292 550 2347 Si
577 2290 746 2351 Ecclesiam
781 2314 844 2353 non
873 2294 1023 2371 audierit,
1052 2297 1093 2357 sit
1111 2295 1170 2359 tibi

93 2399 182 2459 aient
203 2395 356 2453 Ethniens
380 2404 412 2451 et
424 2390 626 2456 Publicanos.

185 2501 303 2559 Dent.
324 2496 446 2572 xvn„
467 2506 505 2557 ut
525 2516 594 2579 sup.
617 2507 736 2577 quaest.
760 2510 809 2566 11.

184 2605 296 2668 Pror.
318 2606 343 2668 I.
370 2617 400 2666 et
420 2600 495 2678 Vh,
529 2611 566 2663 ut
587 2602 619 2663 in
640 2613 712 2664 text.

440 2822 469 2885 P
509 2820 538 2883 Α
576 2818 606 2880 Τ
646 2822 674 2882 R
716 2821 744 2881 E
784 2821 816 2882 S.

182 2980 217 3040 B.
259 2976 504 3041 BERNARDUS
525 2982 557 3039 iu
576 2979 611 3038 L.
633 2978 673 3039 dc
692 2988 847 3061 praecept.
869 2988 900 3037 et
920 2975 1061 3060 dispens:
1084 2972 1170 3050 Quid
1181 2981 1210 3020 ¹³
1222 2978 1345 3031 superiori.

94 3067 246 3137 interest,
269 3075 371 3122 utrum
393 3086 520 3146 perse,
555 3085 592 3123 an
613 3085 670 3145 per
693 3083 764 3122 suos
786 3062 963 3138 ministros,
986 3065 1047 3121 sive
1068 3028 1321 3121 homi-hihiidm

51 3148 71 3169 '¹
92 3167 172 3221 nes,
213 3149 274 3205 sive
307 3168 343 3207 an
365 3146 450 3223 elos,
488 3148 665 3208 hominihus
708 3147 879 3205 innoteseat
903 3165 991 3206 suuni
1023 3143 1171 3228 placitum

91 3230 203 3294 Deus?
233 3220 318 3291 ‘seu
344 3170 503 3309 homines,
532 3234 650 3312 inquis,
686 3231 776 3291 facilc
801 3230 865 3291 falli
891 3232 922 3290 in
934 3232 993 3290 Dei
1015 3228 1171 3288 voluntate

47 3344 49 3349 ·
95 3314 140 3375 de
171 3313 264 3373 rebus
299 3314 400 3375 dubiis
430 3314 649 3400 percipienda,
695 3326 726 3374 et
754 3318 784 3375 in
817 3314 1033 3397 praecipienda
1065 3311 1171 3371 l'ailerc
1183 3327 1298 3379 objectio.

52 3454 56 3459 .
92 3411 239 3485 possunt.
284 3397 345 3458 Sed
369 3401 448 3459 enim
469 3400 547 3481 quid
573 3399 635 3459 hoc
660 3398 756 3459 refert
775 3411 847 3475 tna,
871 3400 922 3480 qui
945 3399 1085 3459 conscios
1107 3416 1171 3455 non

93 3504 154 3557 cs,
176 3486 355 3564 praesertim
377 3505 445 3544 cum
467 3497 570 3544 teneas
601 3484 840 3565 descriptoris,
873 3485 946 3563 quia
967 3482 1049 3543 labia
1069 3493 1284 3540 sacer-sonno.

94 3566 182 3629 dotis
205 3568 384 3628 custodiunt
406 3571 581 3643 scientiam,
604 3579 635 3627 et
655 3566 750 3649 legem
769 3591 803 3628 ex
826 3588 880 3627 ore
902 3568 968 3648 ejus
996 3568 1170 3647 requirunt,

62 3696 65 3703 .
95 3653 174 3733 quia
201 3652 326 3735 angelus
348 3653 473 3713 Domini
496 3654 684 3712 exercituum
707 3652 768 3711 est?
811 3653 1003 3733 Requirnnt,
1033 3650 1171 3724 dixerim,

95 3734 210 3811 legem:
244 3758 307 3796 non
343 3758 433 3817 quam
456 3736 503 3795 rel
536 3735 712 3796 authentica
734 3735 794 3794 nlla
824 3739 978 3817 scriptura
999 3733 1170 3805 tradiderit,
1184 3750 1344 3798 uaricum.

47 3888 61 3901 -
96 3820 146 3878 vei
174 3824 252 3879 ratio
277 3824 433 3881 inanilesto
459 3821 650 3902 probaverit.
706 3821 753 3878 De
775 3818 954 3897 hujusmodi
977 3822 1094 3900 quippe
1116 3839 1171 3877 nee

47 3912 61 3923 '
99 3918 286 3985 praeceptor
317 3904 554 3988 exspectandus,
590 3925 646 3962 nec
667 3902 849 3985 prohibitor
872 3901 1087 3961 auscultandus
1106 3915 1172 3960 est:

99 3988 154 4047 ted
175 3992 261 4069 quod
283 3993 325 4049 ita
361 3991 454 4050 latere
476 4001 530 4048 aut
551 3987 718 4047 obscurum
747 4008 811 4045 esse
834 3987 1053 4069 cognoscitur,
1083 3981 1117 4042 ui
1141 3991 1173 4042 in

47 4102 61 4137 a
98 4070 231 4131 dubium
254 4075 357 4133 venire
379 4075 488 4157 possit,
503 4078 679 4132 utrumnam
700 4071 808 4129 DEUS
831 4073 874 4128 sic
907 4081 960 4129 aut
980 4067 1070 4128 aliter
1092 4068 1173 4127 sorte

47 4200 63 4245 Ι
97 4154 187 4225 velit,
223 4165 330 4215 sinon
355 4156 392 4216 de
415 4155 504 4217 labiis
527 4152 770 4216 custodientibus
793 4156 971 4227 seientiam,
1005 4164 1091 4210 etex
1117 4171 1172 4209 ore

98 4239 199 4323 angeli
221 4241 347 4301 Domini
369 4254 553 4301 exercituum
566 4254 683 4301 certum
706 4235 861 4300 reddatur.
903 4235 932 4298 Λ
954 4256 1019 4319 quo
1040 4234 1173 4314 denique
