2768 4762
270 382 352 452 m
495 371 573 433 un
616 368 1110 436 sarurarroun
1171 346 1238 427 ...’

268 558 413 636 lieribus,
435 569 465 618 et
487 556 668 617 benedictus
691 555 810 631 fructus
832 555 948 615 ventris
969 557 1037 631 tui,
1058 558 1131 637 qnia
1158 560 1345 628 saltatorem

100 693 252 737 mmm·
266 645 413 726 peperisti
449 644 617 704 animarum
648 652 835 703 nostrarum.
888 639 1025 724 Dignum
1051 653 1112 719 est,
1145 657 1182 705 ut
1197 658 1241 713 ¹te
1272 670 1350 715 vare

88 756 164 796 pam.
264 727 383 788 beatam
404 726 542 787 dicamus
561 727 726 808 Deiparam
755 743 875 806 semper
890 721 1027 800 beatam,
1056 738 1087 786 et
1107 728 1254 790 omnibus
1276 754 1350 794 nro-

263 812 311 871 dis
331 811 599 893 irreprehensam,
631 822 662 869 et
684 821 811 868 matrem
834 808 894 883 Dei
912 809 1035 884 nostri,
1058 807 1346 895 honorabiliorem,
1363 852 1374 861 κ

186 930 189 937 ·
263 917 357 976 quam
391 893 579 970 Cherubim,
613 906 644 953 et
677 893 911 976 gloriosiorem,
944 912 1037 972 qnam
1056 892 1240 976 Seraphim,
1263 923 1347 981 quae

110 1004 226 1051 univorsa
264 983 330 1040 sine
350 983 557 1062 corruptione
583 978 683 1037 Deum
708 975 840 1035 verbum
857 977 1029 1059 peperisti,
1061 989 1091 1037 te
1119 1000 1242 1043 revera
1267 985 1349 1046 Dei-

86 1056 371 1161 {ffsslgsszffijssparam
394 1061 630 1146 magnificamus.
673 1061 746 1120 Tibi
772 1083 791 1120 o
811 1058 902 1143 plena
922 1061 1057 1144 gratiae,
1089 1065 1233 1127 universa
1253 1054 1346 1131 crea·-¹

89 1154 157 1193 Μυῒ·
265 1160 337 1208 tura
359 1148 550 1231 gratulatur,
574 1144 765 1230 Angelorum
785 1155 903 1218 coetus,
927 1157 958 1205 et
968 1143 1128 1205 hominnm
1140 1169 1247 1231 genus,
1266 1173 1337 1234 quae

255 1254 296 1292 ·es
327 1230 474 1314 templum
504 1228 745 1305 sanctificatum,
787 1227 948 1311 paradisus
981 1229 1147 1310 spiritalis,
1181 1235 1336 1319 virgiuum

284 1315 381 1393 laria,
413 1330 447 1376 ex
472 1336 534 1401 qua
565 1315 648 1375 Dens
672 1334 794 1374 carnem
817 1312 995 1397 assumpsit,
1016 1324 1047 1372 et
1072 1335 1151 1395 puer
1173 1316 1274 1381 faetus
1293 1335 1342 1383 est

263 1339 347 1459 bens
374 1411 500 1477 noster,
525 1400 579 1482 qui
603 1410 732 1459 estante
753 1396 890 1468 saeeula;
908 1407 999 1457 'tuum
1021 1398 1100 1456 enim
1114 1413 1236 1462 uterum
1247 1400 1343 1465 tbro..

262 1504 337 1541 num
366 1483 465 1560 fecit,
500 1496 531 1543 et
553 1497 641 1542 tunm
661 1495 797 1547 ventrem
821 1480 962 1541 latiorem
990 1501 1025 1540 ac
1048 1481 1229 1567 ampliorem
1246 1489 1340 1550 caelis

121 1566 124 1573 ⁴
154 1596 157 1601 ’
262 1569 337 1650 ipsis
363 1567 521 1635 reddidit3
544 1566 602 1627 tibi
623 1589 642 1627 o
664 1567 779 1650 gratiae
799 1565 910 1649 plena,
942 1567 1083 1628 universa
1103 1581 1243 1631 creatura
1264 1593 1340 1656 gra·

262 1649 400 1712 tulatur:
422 1651 522 1734 gloria
546 1651 613 1712 tibi.
743 1668 744 1672 ’

211 1723 215 1737 ’
345 1749 375 1803 3.
418 1734 678 1796 AUGUSTINUS
715 1734 811 1795 Serm.
840 1748 870 1802 2.
905 1730 943 1794 de
971 1730 1108 1796 Annunt.
1140 1736 1248 1816 Dom.,
1282 1742 1339 1825 qul

262 1833 308 1880 est
322 1818 416 1880 Serm
446 1833 495 1888 18.
516 1820 555 1879 de
575 1819 716 1882 Sanctis:
739 1818 907 1880 Descendit
928 1816 1062 1901 Angelus
1081 1820 1119 1881 de
1144 1823 1241 1899 caelo,
1263 1828 1340 1886 mis·

261 1924 313 1964 sus
333 1924 351 1964 a
372 1903 465 1964 Patre
482 1905 554 1965 Deo¹
571 1906 604 1962 in
624 1898 747 1964 nostrae
765 1904 987 1989 redemptionis
1013 1904 1181 1985 exordium,
1209 1908 1248 1967 ad
1264 1908 1341 1970 beu-

263 2000 324 2048 tam
347 1987 509 2048 salutando
539 1988 685 2048 Mariam:
719 1988 799 2064 Ave,
831 1990 890 2064 ait,
926 1989 1023 2070 gratia
1044 1989 1157 2072 plena,
1181 1992 1337 2055 Dominus

86 2097 250 2159 E„0,;2;9...
261 2085 374 2132 tecum.
418 2073 462 2132 Im
488 2071 547 2132 leta
565 2083 611 2132 est
630 2093 704 2156 ergo
721 2074 834 2155 gratia,
858 2082 889 2131 et
907 2071 989 2133 Evae
1004 2084 1131 2133 vacuata
1148 2087 1192 2133 est
1217 2076 1267 2136 cul
1292 2098 1308 2138 a
1325 2100 1333 2148 ;

86 2150 211 2251 {ffffifflg
262 2156 438 2216 maledictio
462 2094 564 2233 brae,
592 2157 625 2216 in
655 2155 900 2218 benedictionem
929 2169 1066 2217 mutatur
1089 2158 1213 2216 Mariae.
1259 2099 1336 2239 rive,

263 2243 387 2322 inquit,
408 2242 505 2324 gratia
529 2241 640 2324 plena,
663 2242 815 2301 Dominus
830 2233 963 2301 tecum.¹
990 2240 1103 2300 Tecum
1123 2238 1275 2304 Dominus
1302 2248 1337 2305 in

262 2324 374 2401 corde,
407 2338 509 2385 tecum
541 2329 572 2386 in
593 2338 716 2401 ventre,
753 2337 853 2385 tecum
878 2326 910 2383 in
929 2336 1019 2385 utero
1029 2348 1049 2402 ,··
1071 2336 1172 2385 tecum
1191 2329 1221 2385 in
1248 2330 1338 2388 auxi·

261 2407 314 2469 lio.
359 2410 524 2471 Gratulare
549 2409 638 2471 beata
661 2412 769 2492 virgo:
801 2407 944 2468 Christus
974 2430 1025 2469 rex
1050 2430 1066 2468 c
1091 2409 1177 2470 eaelo
1199 2432 1256 2489 suo
1283 2413 1336 2472 in-

260 2506 407 2555 carnatur
432 2499 463 2555 in
499 2508 590 2557 utero
609 2506 683 2569 tuo,
718 2515 753 2554 ex
776 2495 845 2554 sinu
868 2493 970 2564 Patris
990 2495 1021 2552 in
1038 2507 1161 2553 uterum
1183 2494 1332 2578 dignatur

100 2583 246 2635 compium
259 2577 444 2639 descendere
475 2582 589 2641 matris⁴
642 2578 807 2638 Benedicta
839 2591 889 2654 tu,
922 2579 1042 2659 inquit,
1078 2581 1108 2638 in
1136 2579 1332 2658 mulieribus,

84 2637 198 2676 ‘mm
260 2683 337 2744 quae
359 2666 451 2724 vitam
474 2677 504 2724 et
521 2665 598 2723 uiris
622 2674 652 2723 et
679 2661 860 2722 mulieribus
884 2665 1041 2745 peperisti.
1091 2664 1191 2723 Mater
1210 2668 1331 2748 generis

257 2750 356 2808 nostri
376 2768 506 2830 poenam
530 2746 636 2807 intulit
655 2747 790 2807 mundo:
812 2747 944 2830 genitrix
967 2746 1093 2806 Domini
1116 2750 1216 2809 nostri
1241 2746 1329 2809 salu-

256 2845 315 2893 tem
344 2832 449 2892 attulit
478 2832 605 2896 mundo.
655 2830 784 2893 Auctrix
813 2832 933 2914 peceati
962 2831 1026 2891 Eva
1034 2875 1043 2909 ,
1080 2833 1201 2894 auctrix
1224 2834 1332 2894 meriti

255 2918 363 2976 Maria.
406 2916 471 2976 Eva
497 2915 669 2977 occidendo
698 2915 822 2991 obfuit,
851 2916 949 2974 Maria
972 2912 1158 2976 vivificando
1191 2916 1329 2998 profuit.

255 2999 312 3059 Illa
328 3003 499 3082 percussit,
529 3003 587 3062 ista
620 3002 745 3060 sanavit
788 2999 853 3058 Pro
875 2997 1086 3073 inobedientia
1112 3001 1190 3058 enim
1212 2999 1330 3060 obedi·

255 3089 335 3144 entia
352 3097 577 3163 commutatur,
600 3083 676 3146 fides
694 3104 754 3166 pro
771 3081 904 3166 perfidia
922 3096 1148 3166 compensatur.
1192 3084 1234 3144 Et
1250 3097 1330 3167 post

255 3168 417 3250 quaedam:
453 3171 481 3230 Ο
506 3168 595 3229 beata
617 3169 734 3245 Maria,
767 3167 924 3229 saeculum
952 3189 1041 3228 omne
1064 3170 1219 3249 captivum
1233 3181 1329 3228 tuum

254 3252 439 3335 deprecatur
465 3274 641 3329 assensum,
664 3265 694 3314 te
711 3254 794 3336 apud
817 3253 917 3312 Deum
934 3251 1066 3312 mundus
1090 3272 1161 3310 suae
1176 3249 1249 3311 fidei
1265 3251 1328 3311 ob-

253 3336 349 3397 sidem
371 3338 453 3398 sccit.
495 3338 567 3398 Noli
591 3339 706 3398 morari
729 3340 832 3423 virgo,
864 3338 974 3397 nuntio
994 3336 1173 3396 festinanter
1196 3356 1329 3418 respon-

253 3421 292 3479 de
312 3421 462 3499 rerbum,
485 3435 516 3483 et
533 3425 654 3505 suscipe
676 3420 795 3484 filium:
818 3420 991 3494 dalidam,
1015 3433 1046 3480 et
1067 3421 1144 3480 senti
1166 3423 1325 3480 virtutem.

252 3505 351 3582 Ecce,
374 3509 497 3586 inquit,
520 3507 632 3568 ancilla
652 3507 799 3584 Domini,
828 3505 883 3566 fiat
903 3505 978 3565 mihi
1000 3504 1170 3565 secundum
1196 3502 1329 3563 verbnm

252 3602 348 3649 tuum.
391 3590 454 3649 Nee
476 3611 583 3670 mora,
617 3593 784 3651 revertitur
805 3591 957 3666 nuntius,
994 3600 1025 3648 et
1055 3586 1234 3671 virginalem
1256 3587 1330 3648 tha·

254 3673 363 3735 lamum
397 3675 570 3758 ingreditur
596 3675 756 3737 'Christus
827 3672 976 3734 Efficitur
1010 3672 1114 3733 subito
1151 3694 1326 3756 praegnans

100 3768 218 3823 rasum
253 3757 342 3818 beata
363 3759 422 3817 Dei
456 3763 606 3843 genitrix,
639 3772 669 3820 et
691 3770 802 3819 cuneta
837 3779 895 3841 per
916 3756 1035 3817 saecula
1054 3756 1256 3840 praedicatur
1279 3758 1327 3816 se·

76 3825 218 3911 {ffifm
253 3841 303 3902 lix.
361 3843 447 3919 Quid
480 3833 614 3921 miruin,
636 3847 662 3905 si
684 3844 749 3904 sine
781 3845 989 3925 corruptione
1015 3844 1169 3917 nascitur,
1206 3843 1261 3922 qui
1286 3841 1326 3901 dc

253 3925 496 3990 sanctificatione
527 3926 731 4011 concipitur?
758 3927 850 3988 .Non
884 3929 965 3988 enim
998 3924 1150 4001 decebat,
1193 3936 1229 3984 ut
1259 3925 1326 4002 ille,

249 4014 302 4094 qui
330 4013 421 4073 nobis
447 4013 594 4075 afferebat
614 4012 742 4074 salutem
755 4055 765 4088 ,
798 4013 890 4072 matri
921 4015 1115 4094 praeriperet
1138 4010 1326 4094 integritatis

248 4098 437 4180 dignitatem.
488 4097 565 4159 Num
597 4099 651 4182 qui
685 4109 788 4173 terra,
823 4097 900 4157 mari
931 4095 1080 4178 caeloque
1100 4115 1163 4154 non
1187 4094 1324 4176 capitur,

247 4182 330 4243 iutra
358 4184 452 4243 unius
486 4180 667 4265 corpusculi
697 4181 832 4242 membra
857 4183 1036 4264 suscipitur.
1093 4178 1178 4239 Haec
1200 4191 1245 4240 est
1267 4177 1325 4238 illa

245 4269 385 4346 nantas,
414 4267 585 4329 Hieremiae
610 4264 789 4350 Prophetae
810 4267 957 4330 vaticinio
990 4264 1228 4349 praenuntiatae
1261 4262 1328 4324 Fa·

78 3580 132 3618 bue·
141 3587 161 3627 t,
171 3586 203 3625 ³8.
