2768 4762
472 282 500 315 St

142 320 146 336 ’
244 373 322 446 aaa
491 313 997 435 ‘oueaurrarnn‘u
1071 368 1077 385 ⁸

248 554 398 636 eoeperit
410 557 571 617 occasione
585 558 733 639 propriae
747 555 942 616 necessitatis.
959 553 1062 612 colere
1092 566 1122 615 et
1139 553 1323 637 frequenta-

244 657 303 713 re,
323 637 508 722 cogitando,
536 639 689 722 legendo,
712 639 853 714 orando,
876 637 1068 698 obediendo:
1102 639 1242 720 quadam
1256 639 1322 700 hu-

245 721 419 804 juscemodi
443 723 650 784 familiaritate
667 724 817 807 paulatim
842 724 1014 802 sensimque
1036 723 1120 781 Deus
1141 725 1318 801 innotescit,
1348 737 1350 740 ‘

246 817 469 887 consequenter
504 820 534 868 et
554 809 723 868 dulcescat:
761 820 792 868 et
806 808 850 867 sic
868 818 1012 888 gustato,
1039 826 1130 886 quam
1146 811 1259 869 suavis·
1272 822 1320 871 est

244 889 421 966 Dominus,
442 894 553 954 transit
574 894 612 953 ad
635 894 759 953 tertium
773 890 924 974 gradum,
947 902 982 949 ut
1004 888 1113 973 diligat
1132 892 1230 950 Deum
1251 913 1318 953 non

243 976 308 1055 jam
339 987 471 1058 propter
498 997 548 1053 se,
579 985 633 1036 sed
659 988 791 1060 propter
818 977 927 1056 ipsum.
981 974 1060 1033 Sane
1079 977 1110 1033 in
1132 974 1194 1035 hoc
1216 978 1319 1058 gradu

245 1057 302 1118 diu
321 1069 438 1118 statur:
465 1072 495 1119 et
516 1065 641 1136 neseio,
672 1063 697 1121 si
722 1080 739 1120 a
770 1079 926 1140 quoquam
953 1054 1114 1117 hominum
1134 1072 1261 1138 quartus
1284 1063 1319 1120 in

243 1138 306 1201 hac
325 1143 387 1201 vita
406 1143 546 1223 perfecte
583 1144 846 1228 apprehenditur,
868 1154 904 1203 ut
924 1161 957 1202 se
978 1142 1097 1228 seilicet
1121 1143 1231 1227 diligat
1254 1144 1277 1205 h

243 1244 296 1286 mo
320 1237 439 1286 tautum
457 1240 590 1309 propter
613 1231 722 1309 Deum.
1271 1254 1274 1261 ¹

329 1322 356 1377 1.
379 1310 413 1369 C.
456 1312 715 1374 AUGUSTlNUS
743 1311 829 1376 hom·
848 1322 903 1380 38·
934 1311 969 1370 L.
996 1302 1046 1380 ἑο.
1074 1311 1198 1372 homil:
1231 1311 1319 1372 Inci-

241 1395 310 1538 hm
339 1394 435 1455 homo
466 1396 712 1474 amareDeum',
752 1409 783 1457 et
815 1417 878 1456 non
909 1395 1024 1481 amabit
1051 1397 1081 1455 in
1106 1395 1231 1457 homine
1253 1399 1315 1457 nisi

274 1481 361 1538 eum:
391 1478 506 1540 videat·
525 1484 603 1541 enim
625 1484 734 1542 caritas
754 1493 854 1541 vestra
872 1482 1023 1562 primum,
1054 1483 1203 1540 amicitiae
1225 1499 1316 1540 amor

175 1640 179 1646 1
244 1562 379 1643 qualiter
401 1562 512 1625 debeat
541 1586 604 1626 esse
626 1573 786 1649 gratuitus.
836 1565 906 1625 Non
927 1567 1006 1625 enim
1027 1579 1193 1646 propterea
1219 1563 1315 1624 debes

69 1650 214 1742 mssgfflffl
242 1644 359 1707 habere
383 1650 514 1708 amicum
531 1650 579 1710 iel
601 1660 719 1722 amare,
741 1661 776 1709 ut
789 1648 908 1729 aliquid
928 1648 986 1709 tibi
1006 1662 1149 1730 praestet
1171 1649 1202 1708 Si
1213 1668 1315 1729 prop-

135 1726 141 1740 '
242 1736 327 1791 terea
347 1730 434 1791 illum
453 1754 553 1809 amas,
575 1748 612 1794 ut
632 1747 767 1817 praestet
789 1733 850 1793 tibi
874 1731 921 1792 vel
942 1735 1103 1815 pecuniam
1118 1733 1163 1791 vel
1185 1732 1314 1812 aliquod

243 1816 440 1877 commodum
461 1817 653 1900 temporale,
688 1839 752 1879 non
782 1817 867 1877 illum
897 1836 1000 1892 amas,
1031 1818 1084 1877 sed
1106 1816 1200 1893 illud,
1228 1816 1315 1897 quod

242 1912 385 1983 praestet.
429 1901 553 1960 Amicus
593 1908 686 1984 gratis
719 1902 865 1961 amandus
900 1908 964 1977 est,
986 1914 1119 1982 propter
1141 1922 1222 1976 sese,
1251 1920 1314 1961 non

243 1995 377 2066 propter
403 1983 496 2044 aliud.
541 1986 743 2045 Sihominem
766 1984 954 2046 tehortatua·
977 1987 1126 2044 amicitiae
1142 1984 1257 2066 regula,
1279 1962 1316 2045 tit

243 2080 339 2149 gratis
358 2065 483 2149 diligas:
510 2089 603 2149 quam
624 2072 718 2153 gratis
750 2068 894 2128 amandus
914 2081 961 2129 est
980 2068 1106 2143 DEUS,
1134 2072 1188 2150 qui
1209 2067 1332 2146 jubet,

241 2163 280 2210 ut
313 2149 467 2210 hominem
489 2151 632 2236 diligat·
667 2153 754 2213 Nihil
782 2151 995 2213 delectabilius
1027 2151 1125 2213 ΠΕΟ.
1179 2151 1255 2209 Nam
1279 2154 1314 2209 in
1355 2187 1366 2228 ,⁴

241 2230 367 2295 homine
392 2249 481 2313 sunt,
518 2258 595 2317 quae
623 2237 796 2313 offendant,
827 2256 886 2319 per
920 2237 1083 2296 amicitiam
1103 2248 1201 2295 tamen
1225 2237 1315 2316 cogis

241 2329 290 2393 te,
316 2331 353 2378 ut
368 2322 457 2379 etiam
478 2319 547 2398 illa,
579 2344 657 2405 quae
678 2321 857 2398 offendunt,
896 2323 927 2380 in
945 2319 1068 2380 homine
1083 2319 1194 2379 toleres
1210 2339 1316 2401 prop·

241 2414 291 2462 ter
316 2406 487 2464 amicitiam.
532 2406 565 2465 Si
593 2428 667 2490 ergo
694 2427 756 2467 non
784 2404 877 2466 debes
903 2416 1037 2488 propter
1061 2402 1315 2491 quaedam‘tole·

64 2491 229 2584 lhilinjffl'
243 2488 340 2547 randa
369 2489 536 2550 dissolvere
565 2491 698 2551 horuinis
719 2493 902 2565 amicitiam,
922 2488 997 2548 DEI
1021 2490 1172 2563 amicitia,
1198 2486 1314 2568 quibus

67 2555 168 2637 cosin
182 2559 229 2589 ”⁰¹¹
243 2570 335 2635 rebus
361 2572 453 2634 debet
482 2577 568 2657 cogi,
604 2587 639 2635 ut
666 2575 853 2635 dissolvatur
884 2571 992 2649 atei,
1019 2572 1105 2632 Nihil
1124 2574 1238 2631 invenis
1256 2570 1314 2629 de·

242 2655 416 2717 leetabilius
441 2659 520 2718 Deo.
563 2659 647 2719 Deus
692 2680 755 2718 non
786 2670 851 2733 est,
891 2659 1002 2739 quite
1037 2657 1193 2732 offendat,
1222 2658 1247 2713 si
1275 2667 1313 2713 tu

239 2760 310 2800 eum
337 2761 400 2803 oon
431 2743 585 2817 offendas,
610 2742 688 2802 nihil
710 2743 765 2803 illo
789 2741 969 2825 pulchrius,
997 2739 1074 2808 nihil
1095 2741 1151 2799 illo
1180 2740 1312 2799 dulcius.

239 2824 302 2885 Sed
325 2826 511 2885 dicturuses
532 2827 624 2886 mihi:
656 2828 726 2886 Nou
748 2826 834 2885 illum
864 2827 970 2901 video,
1006 2825 1165 2906 quomodo
1195 2843 1315 2898 suma:-

238 2923 387 2985 maturus,
410 2930 501 2992 quem
522 2932 585 2971 nou
600 2911 712 2971 video?
755 2911 797 2970 Et
811 2911 972 2991 quomodo
994 2909 1070 2968 dicis
1091 2930 1200 2977 amare,
1222 2927 1314 2987 quem

238 3014 303 3054 non
323 2993 431 3054 videsl
474 2995 571 3056 Modo
595 2996 725 3055 ostendo
748 2995 828 3053 unde
847 2996 968 3053 coneris
989 2994 1111 3068 videre,
1132 2991 1219 3073 quod
1246 2993 1314 3049 istis

241 3076 340 3137 oculis
371 3099 434 3138 non
464 3092 552 3160 potes
578 3081 690 3158 videre.
735 3078 816 3140 Ecce
840 3099 919 3137 amas
939 3080 1087 3152 amicum,
1126 3076 1203 3157 quid
1226 3077 1256 3133 iu
1273 3074 1316 3133 il·

239 3159 273 3220 lo
302 3161 404 3222 amasi
448 3164 552 3230 Gratis
586 3185 652 3223 eum
681 3185 770 3224 amas.
814 3162 874 3221 Sed
905 3163 987 3220 l'orte
1012 3164 1127 3220 amicus
1145 3164 1202 3219 iste
1226 3170 1314 3228 tuus,

239 3245 354 3305 utalia
389 3248 545 3324 omittam,
587 3268 674 3306 senex
696 3248 789 3308 homo
811 3260 865 3307 est.
908 3248 991 3305 Fieri
1018 3247 1096 3304 enim
1120 3255 1242 3326 potest,
1275 3254 1314 3301 ut

238 3326 351 3390 habeas
369 3332 498 3390 amicum
516 3352 625 3391 senem.
670 3333 756 3407 Quid
780 3353 858 3391 amas
875 3334 905 3390 in
923 3327 1013 3389 sene?
1056 3329 1221 3389 Incurvum
1238 3346 1316 3384 cor-

237 3433 319 3494 pus,
345 3414 447 3474 album
469 3428 578 3498 caput,
610 3436 700 3498 rugas
722 3420 753 3477 in
782 3417 904 3489 fronte,
932 3425 1121 3473 contractam
1137 3410 1311 3470 maxillam?

238 3497 425 3581 Sicorpus,
459 3500 543 3580 quod
560 3500 662 3575 vides,
684 3500 762 3559 nihil
786 3500 955 3559 deformius
974 3518 1048 3578 prae
1075 3508 1252 3555 senectute:
1281 3506 1313 3554 et

237 3592 337 3641 tamen
373 3584 490 3665 aliquid
524 3604 619 3657 amas,
647 3596 677 3642 et
716 3605 849 3665 corpus,
884 3582 971 3663 quod
993 3581 1096 3656 vides,
1131 3601 1193 3638 non
1218 3598 1312 3653 amas,

238 3667 312 3745 quia
332 3666 470 3727 deforme
490 3681 557 3726 est:
589 3667 671 3725 ttttde
692 3667 795 3742 vides,
826 3667 912 3746 quod
940 3664 1041 3724 amas?
1083 3663 1118 3722 Si
1134 3666 1314 3743 enimquae-

237 3769 303 3808 ram
327 3772 343 3811 a
367 3765 418 3826 te,
459 3771 554 3831 quare
586 3750 689 3810 amasi
718 3771 923 3834 responsurus
940 3771 984 3808 aes
1011 3747 1108 3823 mihi,
1145 3746 1240 3806 homo
1265 3758 1313 3805 est

235 3831 347 3894 fidelis.
397 3833 482 3916 Ergo
506 3832 596 3893 fidem
627 3855 707 3894 amas
770 3837 802 3893 Si
829 3832 920 3894 fidem
943 3854 1049 3892 anias:
1077 3829 1311 3911 qmbusoculis

235 3918 360 3978 uidetur
378 3916 476 3994 fides,
503 3919 576 4000 ipsis
597 3918 696 3978 oeulis
716 3919 839 3978 videtur·
860 3918 953 3976 Deus.
997 3918 1104 3999 Incipe
1118 3937 1192 3997 ergo
1207 3917 1309 3973 Deum
1343 3940 1346 3945 ·

233 4020 349 4077 amare,
378 4013 409 4060 et
439 3999 553 4060 amabis
585 4001 739 4061 hominem
771 4015 904 4085 propter
931 4002 1040 4059 Deum.
1098 3999 1234 4058 Ibidem:
1273 3999 1308 4056 Si

233 4105 353 4159 omnis,
375 4086 429 4165 qui
451 4095 548 4160 amat,
571 4086 686 4145 salvum
719 4085 786 4146 vult
809 4085 939 4158 hahere,
970 4084 1057 4166 quod
1081 4097 1179 4158 aurat,
1205 4083 1230 4140 si
1259 4083 1312 4139 iu-

232 4168 366 4248 telligat,
398 4189 474 4248 quae
499 4171 634 4229 sitivera
660 4169 761 4246 salus,
793 4173 903 4252 incipit
923 4168 1121 4230 illamamare
1148 4170 1179 4226 iu
1200 4188 1252 4243 se,
1277 4179 1309 4225 et

232 4254 329 4336 ipsam
358 4254 480 4336 cogitur
507 4273 608 4315 verum
632 4275 732 4317 amare
749 4265 780 4317 et
803 4258 834 4316 iu
849 4256 966 4337 vcantico.
