2752 4770
256 390 334 458 est
498 355 1070 429 onenaecnrrns

344 563 369 620 1.
388 559 483 618 Tim.
502 553 579 617 Ill:
607 548 648 609 Ut
661 548 749 620 scius,
774 542 933 626 quomodo
960 554 1105 626 oporteat
1130 557 1162 605 te
1187 547 1221 606 in
1249 548 1339 609 domo

262 672 321 730 Dei
340 663 533 735 conversari,
553 676 634 737 quae
660 665 707 718 est
722 649 863 715 Ecclesia
881 648 942 713 Dei
961 652 1046 729 riri,
1066 651 1216 715 columna
1239 668 1270 716 et
1286 656 1338 716 lir-

265 785 447 836 mamcntum
463 765 607 829 veritatis.

575 980 1073 1099 PATREM

91 1216 198 1261 mm„
218 1226 253 1254 ,a
353 1203 380 1256 1.
422 1183 458 1246 A.
489 1181 719 1247 CONCILIUM
750 1179 776 1239 1.
806 1178 908 1240 Tolet.
937 1200 1002 1239 ean.
1027 1192 1076 1246 21.
1112 1183 1145 1239 in
1179 1179 1337 1243 assertione

94 1281 133 1357 {22
150 1266 354 1354 Tlffisslffintlr.
375 1269 448 1331 lid:
483 1269 515 1327 si
539 1268 608 1348 quis
635 1265 746 1331 dixerit
771 1262 819 1323 rel
850 1264 1016 1323 crediderit
1046 1263 1124 1324 alias
1153 1269 1337 1349 scripturas,

94 1364 213 1405 asscensu.
293 1373 394 1418 racter
418 1374 494 1434 qsras
519 1349 656 1409 Ecclesia
682 1346 834 1425 catholiea
864 1349 993 1430 recipit,
1028 1350 1060 1406 in
1080 1353 1273 1410 auctoritate
1292 1351 1336 1411 ha·

269 1383 385 1504 [endas
409 1437 456 1497 rel
477 1456 539 1496 esse
563 1431 772 1506 venerandas,
794 1431 954 1492 ariathema
980 1443 1027 1491 sit.

353 1528 390 1591 o:
427 1516 684 1581 AUGUSTINUS
707 1537 796 1577 serm.
821 1529 890 1584 129.
913 1517 952 1576 de
974 1528 1088 1599 temp:
1122 1519 1158 1579 Si
1190 1523 1262 1602 quis
1287 1519 1328 1579 sli-

267 1631 346 1695 quas
364 1609 533 1689 scripturas
555 1614 757 1686 praetereas,
781 1621 857 1682 quas
876 1598 1028 1661 eatlmlica
1054 1600 1201 1665 Ecclesia
1226 1606 1328 1687 recepit,

269 1695 316 1756 vel
343 1697 373 1752 in
403 1691 585 1750 auctoritate
616 1680 770 1744 habendas
795 1705 860 1744 esse
883 1683 1066 1759 crediderit,
1099 1686 1151 1747 rel
1172 1689 1269 1749 fucrit
1288 1709 1326 1747 re-

269 1774 417 1850 neratus',
437 1771 598 1834 anathema
623 1771 672 1829 sit
1099 1780 1104 1787 “

41 1880 46 1890 ’
95 1893 228 1946 „,;„„„
268 1894 271 1899 -
352 1873 383 1928 5.
425 1858 535 1917 IDEM
558 1857 592 1914 L.
609 1851 696 1913 XIII.
720 1852 787 1913 adr.
805 1852 908 1925 Faust
927 1851 1102 1912 Manichae.
1122 1875 1149 1914 e.
1168 1868 1217 1924 aa
1237 1855 1268 1916 Si
1287 1876 1331 1916 ae-

95 1945 258 2031 ξξζξᾞζξῑζῗ
269 1961 331 2008 tem
352 1943 445 2019 alios,
469 1961 547 2021 quos
561 1939 645 1999 dicat
659 1935 884 2020 Apostolorum
904 1949 1107 2014 nectentem,
1135 1941 1253 2001 codices
1262 1960 1329 2021 pro-

95 2004 400 2101 trahente-tulerit,
429 2023 589 2106 quomodo
616 2023 658 2080 eis
689 2024 754 2105 ipse
786 2022 998 2080 auctoritatem
1029 2020 1144 2100 dabit,
1174 2045 1256 2105 qum
1274 2041 1325 2103 pet·

96 2094 215 2128 ’ΜΘΝ
270 2111 422 2172 Ecclesiae
453 2104 616 2165 ClllllSTI
647 2103 686 2162 ab
722 2094 795 2188 ipsis
820 2103 978 2185 Apostolis
998 2109 1178 2168 constitutas
1197 2126 1255 2164 noa
1274 2123 1323 2162 ao-

271 2197 373 2277 ccpit,
404 2203 441 2250 ut
463 2188 534 2247 inde
562 2187 602 2246 sd
623 2199 768 2271 posteros
794 2185 912 2248 firmata
944 2192 1201 2253 commendatione
1225 2201 1322 2247 trans·

269 2274 432 2338 curreret?
453 2272 624 2348 Quomodo
641 2270 711 2347 ille,
733 2273 784 2351 cui
800 2292 863 2332 uon
881 2272 991 2348 eredo,
1012 2277 1144 2354 profert
1151 2272 1321 2352 mihiserip·

270 2377 377 2435 turae,
407 2358 522 2440 quihus
547 2357 585 2416 de
608 2355 663 2416 illo
685 2356 827 2417 credam:
860 2355 903 2418 Et
930 2358 972 2416 eis
1005 2359 1075 2440 ipse
1111 2372 1232 2422 conatur
1258 2355 1320 2416 dere

269 2447 505 2519 anctoritatem,
523 2463 597 2502 eum
613 2461 669 2523 ego
690 2441 749 2523 ipsi
771 2461 833 2499 non
857 2439 998 2500 credam?

95 2570 223 2613 canonica·
352 2543 381 2597 4.
424 2526 479 2586 ΕΤ
502 2547 528 2585 e.
546 2540 591 2592 5.:
614 2525 700 2599 Quid
712 2545 786 2607 ergo
798 2525 1008 2607 respondetis?
1031 2525 1168 2588 Ctiinam
1181 2526 1219 2587 de
1233 2525 1330 2585 Clilll·

96 2621 232 2669 ‚smssnp-
269 2615 346 2674 STO
373 2611 583 2684 credideritis,
614 2608 729 2689 quibus
760 2620 851 2667 testes
883 2609 1071 2692 alienigenae
1103 2633 1169 2672 non
1203 2608 1329 2694 placent?

93 2676 201 2768 {Milli
217 2679 255 2719 ψ’
266 2700 454 2759 Nostrorum
476 2715 574 2777 porro
597 2692 751 2751 librorum
771 2695 956 2768 auctoritas,
979 2705 1027 2752 tot
1049 2700 1198 2775 gentium
1218 2714 1330 2756 conseo-

94 2766 161 2805 Μ’·
267 2785 373 2854 sione,
402 2799 458 2862 per
478 2779 684 2839 successiones
705 2774 948 2858 Apostolorum,
979 2778 1242 2862 Episcoporum,
1262 2779 1330 2838 Con·

268 2868 475 2944 ciliorumque
498 2862 663 2936 roborata,
685 2860 773 2920 vohis
800 2859 924 2920 adversa
948 2873 1002 2920 est.

352 2963 380 3015 5.
424 2944 527 3006 ITEM
545 2947 579 3004 L.
601 2956 651 3010 28.
673 2943 865 3003 adv.'Faust.
889 2943 1024 3004 Manich.
1048 2964 1077 3002 e·
1097 2956 1148 3010 22
1179 2949 1258 3008 Cnm
1284 2963 1329 3005 eo·

266 3054 344 3116 pero
367 3031 514 3090 Matthaei
535 3027 733 3110 Evangelinm
752 3029 882 3090 recitare
900 3026 1044 3109 Apostoli
1061 3026 1168 3088 lESU
1178 3075 1189 3107 ,
1212 3031 1265 3091 nbi
1276 3045 1326 3088 nat·

264 3119 349 3178 ratio
373 3115 537 3174 nativitatis
565 3114 633 3194 ejus
657 3123 723 3172 tota
746 3113 932 3186 contexitur,
962 3113 1116 3171 continuo
1148 3115 1237 3174 dices
1264 3114 1325 3174 illm

266 3202 474 3260 narrationem
502 3217 565 3256 nou
589 3216 653 3255 esse
677 3194 844 3270 Matthaei,
879 3216 971 3278 quam
1000 3194 1153 3255 Matthaei
1180 3220 1246 3258 csse
1269 3198 1327 3256 diet

265 3287 408 3343 universa
435 3277 595 3356 Ecclesia,
626 3276 664 3337 ali
686 3278 876 3364 Apostolicis
905 3278 1029 3340 sedibus
1055 3296 1160 3360 usque
1187 3282 1228 3342 ad
1255 3300 1327 3365 prat·

266 3380 364 3426 sentes
383 3365 574 3447 Episcopus,
597 3358 680 3422 ceita
693 3366 886 3423 successione
898 3363 1057 3446 perducta.
1100 3363 1155 3421 Tu
1172 3366 1250 3425 mihi
1269 3361 1329 3446 quil

229 3510 240 3523 ,
265 3462 375 3509 eontra
403 3449 538 3509 lecturus
564 3445 614 3506 es?
644 3446 786 3528 Aliquem
814 3448 897 3508 sorte
921 3447 1034 3506 librum
1067 3447 1266 3526 Manichaei,
1287 3447 1330 3506 uh

255 3532 383 3598 ¹JESUS
406 3544 534 3613 negatur
555 3551 618 3589 esse
640 3543 730 3590 natus
752 3553 787 3591 ex
808 3533 934 3614 virgine.
977 3531 1063 3589 Sicut
1076 3551 1155 3612 ergo
1173 3555 1234 3616 ego
1249 3533 1333 3592 credo

262 3615 352 3675 illum
372 3613 484 3674 librum
505 3634 568 3673 esse
588 3614 774 3690 Manichaei,
798 3621 942 3696 quoniam
965 3635 997 3673 cx
1020 3617 1089 3696 ipsu
1102 3626 1262 3698 tempore,
1278 3634 1332 3698 qno

263 3698 459 3758 Manichacus
490 3695 611 3756 vivebat
647 3699 678 3755 in
714 3714 823 3774 carne,
856 3716 913 3780 per
943 3696 1113 3779 discipulos
1152 3701 1224 3779 ejus
1259 3711 1334 3759 certa

260 3785 452 3842 successione
470 3782 718 3864 praepositorum
736 3795 930 3858 vestrorum,
954 3781 992 3842 ad
1017 3792 1117 3841 vestra
1141 3803 1246 3865 usque
1266 3797 1335 3843 tem·

258 3883 339 3945 pora
359 3867 534 3926 custoditus
555 3877 648 3946 atque
669 3866 838 3947 perductus
863 3877 929 3925 est:
962 3866 1020 3924 Sic·
1038 3876 1070 3925 et
1096 3868 1194 3926 istum
1223 3867 1334 3927 lihruni

259 3947 350 4006 erede
369 3970 432 4007 esse
453 3949 617 4024 Matthaei,
640 3970 730 4029 quem
751 3971 784 4007 ex
806 3948 862 4009 illo
888 3962 1046 4031 tempore,
1070 3969 1137 4029 quo
1160 3952 1335 4012 Matthaeus

259 4032 323 4089 irse
352 4033 382 4089 in
407 4052 498 4091 carne
522 4036 611 4107 vixit,
629 4054 693 4093 non
730 4035 905 4115 interrupta
935 4035 1011 4091 serie
1040 4043 1248 4112 temporum,
1278 4035 1335 4094 Ee

255 4052 346 4173 elesia
369 4127 451 4173 ecrta
471 4118 670 4175 connexionis
691 4118 900 4191 successione,
922 4115 1080 4198 usquead
1103 4128 1256 4202 tempora
1282 4122 1335 4178 isu

251 4198 404 4276 perduxit.
450 4197 491 4255 Et
514 4198 564 4259 dic
586 4199 681 4273 mihi,
704 4200 753 4258 cui
774 4199 859 4259 libro
875 4203 981 4282 potius
1002 4198 1131 4260 credere
1154 4203 1334 4270 debeamus.

248 4283 355 4374 ejusne
376 4279 540 4370 Apostoli,
568 4285 622 4365 qui
639 4282 834 4360 uumsTO,
854 4303 926 4347 eum
947 4282 1050 4344 adhue
1068 4284 1104 4344 in
1126 4296 1219 4349 terra
1240 4299 1336 4364 esset,

773 4551 789 4582 χ
879 4555 881 4559 .
