2752 4770
281 390 362 461 Ito
533 374 1098 459 onrasrcurrts

278 578 471 651 peratorem,
491 562 548 628 elle
569 584 622 627 ane
648 575 759 648 praeter
776 562 1010 627 obstinationem
1036 586 1104 629 uon
1131 567 1346 649 recfilicnudi,

280 650 358 711 nihil
379 650 462 709 aliud
485 670 518 711 se
539 586 579 710 de
598 651 691 709 sacris
715 670 819 709 eorum
838 652 1034 730 comperisse,
1052 672 1151 735 qum
1176 667 1278 715 coetus
1301 680 1342 718 so·

281 733 437 795 telucanos
462 734 502 793 ad
522 734 691 793 canendum
710 746 740 794 et
760 732 882 793 Christo
903 745 934 795 et
959 734 1045 812 Deo,
1067 748 1098 797 et
1118 738 1163 798 ad
1196 742 1340 803 conferen-

280 818 352 877 dam
383 817 590 901 disciplinam,
621 815 834 891 homicidium,
864 816 1066 894 adulterium,
1096 822 1264 900 fraudem,
1287 848 1343 909 per·

279 901 407 979 fidiam,
434 914 465 961 et
489 914 596 961 cetera
619 904 734 963 scelera
758 900 967 985 prohibentes.
1009 902 1097 963 Tum
1125 906 1283 988 Trajanus
1305 932 1342 971 re·

280 989 403 1069 scripsit
429 985 489 1045 hoe
515 1005 609 1068 genus
640 987 839 1071 Inquireudos
871 986 997 1069 quidem
1026 1007 1089 1051 non
1120 1010 1211 1069 esse,
1242 994 1340 1055 oblatos

279 1092 352 1131 uero
369 1072 472 1155 pumri
490 1081 641 1155 oportere.

316 1198 393 1327 ur.
423 1252 758 1329 consessore
800 1258 867 1327 ur
899 1254 1235 1335 conmunione
1258 1262 1306 1335 ns

684 1354 952 1429 reserere

105 1589 268 1633 c„n..10„2
364 1568 394 1627 4.
436 1556 668 1621 CONCILIUM
696 1506 768 1617 Lat..
785 1577 884 1641 magn.
904 1552 964 1619 sub
981 1556 1089 1618 Innoc.
1115 1558 1177 1620 III.
1206 1581 1269 1621 cam
1287 1573 1330 1628 sl:

106 1642 237 1682 communio

105 1701 190 1732 ullu·

280 1644 388 1707 Omnis
413 1646 573 1725 utriusque
593 1662 680 1703 sexus
707 1638 828 1717 fidelis,
856 1654 1018 1724 postquam
1049 1641 1091 1702 ad
1120 1664 1218 1705 anuos
1241 1647 1330 1706 dher·

278 1730 371 1792 tionis
395 1730 583 1809 pervenerit,
605 1728 707 1787 omnia
721 1746 776 1786 sua
793 1725 875 1785 solus
892 1738 1016 1809 peccata
1041 1726 1229 1789 confiteatur
1254 1730 1331 1791 lideli·

278 1826 326 1875 ter
348 1813 454 1873 saltem
480 1811 572 1873 semel
600 1814 632 1871 in
659 1831 737 1871 anno
770 1812 897 1893 proprio
921 1810 1092 1887 sacerdoti,
1131 1826 1163 1875 et
1187 1815 1331 1894 injunctau

278 1898 340 1963 sibi
359 1899 569 1979 poenitentiam
593 1895 714 1955 studeat
743 1916 800 1977 pro
821 1892 934 1954 viribus
962 1896 1152 1978 adimplere,
1184 1902 1332 1981 suscipiens

277 1982 462 2041 reverenter¹
479 1981 519 2041 ed
553 1981 652 2039 minus
680 1980 712 2041 in
739 1977 858 2039 Pascha
887 1978 1090 2041 Eucharistiae
1119 1994 1329 2043 sacramentum:

278 2064 343 2122 Nisi
364 2064 443 2123 sorte
462 2064 500 2123 dc
520 2064 649 2123 consili0
675 2066 794 2147 proprii
818 2064 1007 2145 sacerdotis,
1038 2064 1081 2127 ob
1106 2066 1223 2147 aliquam
1239 2066 1329 2125 retio-

141 2179 183 2207 m
196 2180 243 2227 ηρ,
278 2147 411 2207 nabilem
429 2167 549 2207 causam
571 2147 611 2207 ad
631 2158 750 2231 tempus
773 2148 812 2209 ab
836 2150 905 2229 ejus
927 2152 1123 2233 perceptione
1144 2150 1254 2209 duxerit
1275 2146 1332 2207 ub-

102 2278 130 2307 „
159 2266 214 2307 ·„,‚
279 2231 466 2291 stinendnm:
493 2231 641 2313 Alioquin
671 2244 701 2293 et
722 2234 823 2295 vivens
851 2231 889 2291 eb
915 2234 1056 2317 ingressu
1082 2234 1218 2297 eeclesiae
1239 2252 1333 2292 arem·

278 2326 353 2392 tur,
375 2329 406 2379 et
428 2318 560 2377 moriens
582 2315 754 2379 Christiana
773 2328 874 2378 carcat
898 2316 1064 2399 sepultura.
1112 2318 1196 2381 Unde
1215 2316 1270 2377 hoc
1286 2337 1329 2376 su·

277 2398 376 2461 lutare
393 2411 539 2461 statutum
563 2402 740 2484 frequenter
762 2403 794 2463 in
815 2400 948 2461 ecclesiis
967 2402 1167 2485 publicetur,
1199 2424 1234 2463 oe
1256 2402 1326 2496 quie

126 2498 208 2557 qnam
229 2506 370 2568 iro-quam
396 2486 572 2569 ignorantie
594 2489 726 2545 caeeitate
752 2486 885 2547 velamen
906 2490 1109 2547 excusationis
1136 2499 1270 2549 assumat
1304 2484 1327 2543 St

121 2560 266 2642 ''ll'ni'e‘ilss
279 2573 346 2651 quis
368 2583 467 2631 summ
492 2570 592 2632 alieno
611 2570 760 2633 sacerdoti
779 2571 908 2631 volucrit
931 2574 1013 2652 justa
1033 2572 1072 2631 de
1092 2594 1186 2633 causa
1201 2594 1254 2633 sue
1274 2591 1328 2629 cor·

120 2646 219 2740 „02ss
243 2654 359 2736 uiliteri
383 2668 527 2738 peecata,
558 2656 710 2714 licentiam
734 2656 823 2739 prius
850 2655 985 2737 postulet
1011 2669 1041 2715 et
1066 2657 1212 2719 obtineat
1235 2678 1251 2717 a
1274 2674 1326 2739 pm·

102 2755 135 2830 2.
154 2757 181 2803 ‘.⁰
205 2742 346 2822 eom·prio
366 2742 545 2815 sacerdote,
569 2760 637 2798 eum
652 2740 741 2801 aliter
758 2738 812 2801 ille
832 2742 932 2823 ipsum
951 2760 1013 2801 non
1035 2748 1139 2824 possit
1165 2742 1280 2803 solvere
1296 2734 1329 2798 sd

120 2850 202 2889 aeut,
227 2826 381 2908 sss-llglll‘c.
839 2852 840 2857 ’

101 2902 184 2997 ¹350:
200 2906 262 2984 ἕξοι.
357 2923 387 2974 2.
429 2906 659 2969 concussu
681 2907 767 2968 Tru.
789 2927 859 2967 sess.
879 2918 926 2974 n.
948 2928 1013 2969 can.
1034 2921 1084 2977 n:
1120 2910 1157 2971 si
1178 2914 1251 2995 qui,
1264 2910 1328 2970 di„

274 2996 316 3054 rit
331 2993 549 3053 consessionem
576 2994 709 3053 oninium
733 3004 946 3075 peccatorum,
979 2993 1103 3074 qualem
1127 2996 1270 3059 Ecclesia
1284 3013 1329 3051 ser

273 3091 341 3154 vat,
364 3098 429 3137 esse
461 3077 676 3160 impossibilem
695 3078 727 3139 dt
744 3077 937 3136 traditionem
956 3076 1121 3138 humanum
1147 3102 1168 3141 a
1190 3085 1251 3165 piis
1276 3078 1329 3139 abe

275 3163 415 3223 lendum:
445 3161 509 3222 Aut
534 3162 572 3221 ad
596 3182 661 3223 eam
682 3182 745 3225 non
768 3164 864 3221 teneri
892 3182 995 3223 omnes
1014 3175 1045 3222 et
1064 3164 1211 3245 singulos
1238 3167 1329 3225 utrius·

143 3266 191 3309 nt·
202 3280 263 3311 nen
274 3270 335 3331 que
348 3267 434 3307 sexus
455 3246 617 3307 CHRISTI
636 3246 759 3325 lideles,
778 3248 865 3328 juxta
886 3248 988 3329 magni
1007 3248 1139 3308 Concilii
1163 3251 1329 3311 Lateranu-

98 3327 114 3401 ξ.
151 3330 163 3357 “
196 3330 264 3411 '22
274 3336 313 3391 sis
339 3334 607 3408 constitutionem,
628 3330 720 3393 semel
737 3333 769 3391 in
790 3352 889 3405 anno,
911 3344 942 3391 et
962 3330 1006 3390 ob
1025 3332 1057 3391 id
1077 3334 1330 3395 suadendumee

98 3988 229 4033 Communi.

98 4042 196 4083 rendum
213 4043 239 4085 ln

97 4090 219 4139 reserato.

274 3417 438 3477 CHRISTI
467 3414 629 3493 fidelibus,
661 3429 697 3476 ut
717 3437 781 3477 non
809 3414 1016 3478 confiteantur
1041 3428 1192 3502 tempore
1213 3418 1330 3504 quidn-

274 3501 418 3585 gesimae,
439 3501 599 3562 anathema
619 3503 670 3562 sit.
747 3532 753 3541 ·

360 3619 387 3676 1.
430 3606 660 3671 CONGILIUM
679 3602 899 3686 Lateranense,¹
919 3620 956 3671 ut
972 3628 1076 3695 sopra.

356 3728 388 3783 α.
431 3715 660 3778 CONCILIUIII
694 3716 782 3777 Trid.
813 3714 891 3776 Sess.
917 3724 966 3785 13.
1003 3738 1068 3779 can.
1089 3730 1140 3786 a:
1178 3712 1337 3784 Nonozsi

273 3799 344 3883 quis
374 3803 530 3883 negaverit
560 3821 665 3863 omnes
692 3814 723 3863 et
748 3799 887 3885 singulos
910 3798 1073 3861 CHRISTI
1094 3799 1211 3866 fideles
1236 3805 1337 3865 utrius·

273 3902 336 3964 que
356 3902 462 3960 sexus,
496 3908 564 3946 cum
593 3886 632 3946 ad
660 3906 758 3947 eonor
781 3885 977 3946 discretionis
997 3890 1226 3969 pervenerint,
1256 3881 1337 3949 tenui

271 3966 400 4050 singulis
422 3973 508 4033 anuis
530 3970 636 4032 saltem
655 3974 689 4031 lu
709 3970 861 4031 Paschate
885 3968 925 4029 ad
946 3970 1245 4037 eommunIcuudum
1263 3974 1338 4059 jum

269 4064 472 4139 praeceptum
490 4069 613 4119 sanctae
634 4057 742 4143 matris
762 4055 923 4134 ecclesiae,
945 4051 1118 4119 hnathema
1135 4058 1193 4121 sit.
