2752 4770
385 352 824 459 neeauooo'
945 464 949 469 ,
1040 400 1118 468 au

31 585 140 671 lingua
158 598 241 661 enar,
267 596 325 638 nec
348 576 424 639 fecit
443 580 588 662 proximo
616 600 675 644 suo
696 579 811 642 malum
836 571 896 641 e'tc.
939 579 1006 659 Qui
1028 579 1117 664 jurat

31 694 180 781 proximo
210 707 284 762 eno,
322 697 353 746 et
382 706 446 747 non
466 685 615 778 decipit,
650 690 703 771 qni
732 688 897 772 pecuniam
930 705 1016 747 auam
1048 706 1114 748 nou

33 800 123 861 dedit
154 795 194 857 ad
217 814 364 871 usuram,
397 806 428 854 et
448 815 578 883 munera
599 816 693 880 anper
719 797 915 857 innocentem
934 815 1000 858 nou
1024 813 1114 858 acee-

31 910 106 993 pit:
129 906 184 987 qui
203 903 280 962 facit
299 899 397 978 haec,
418 922 483 964 non
503 901 682 966 movebitur
702 905 736 964 in
757 915 927 966 aeternnm.
1020 906 1026 923 ²

118 1037 209 1095 Luc.
231 1030 303 1092 vla
324 1032 452 1112 Abeo,
477 1036 530 1118 qui
557 1020 661 1097 aufert
679 1032 739 1097 tibi
756 1035 986 1110 vestimentum,
1017 1033 1111 1094 etiam

29 1144 170 1206 tunicam
199 1137 275 1199 noli·
302 1139 481 1222 prohibere.
537 1141 630 1204 Omni
667 1154 767 1204 antem
786 1142 904 1226 petenti
920 1151 968 1216 te,
989 1138 1111 1200 tribuet
1140 1178 1144 1185 ι

29 1264 62 1313 et
83 1251 142 1335 qni
163 1247 285 1324 aufert,
307 1270 386 1332 quae
412 1261 466 1311 tua
487 1262 575 1328 sunt,
592 1270 632 1310 ne
654 1261 785 1335 repetat.
828 1247 872 1308 Et
892 1259 992 1332 prout
1006 1244 1110 1326 vultit,
1202 1324 1204 1327 Ι

28 1372 68 1420 ut
95 1358 213 1418 saciant
228 1354 317 1416 vobis
345 1355 505 1436 homines,
531 1331 571 1421 *et
590 1377 646 1419 vos
671 1357 763 1419 facite
787 1353 849 1417 iliis
871 1353 1023 1419 similiter.

115 1487 196 1546 Ere
208 1482 267 1545 ch.
289 1484 426 1546 xV111.:
457 1488 516 1549 Vir
532 1487 557 1549 si
579 1488 675 1549 fuerit
694 1496 821 1570 justus,
843 1497 874 1547 et
894 1484 1004 1567 fecerit
1020 1482 1110 1568 judi·

28 1599 118 1658 cium
137 1604 169 1653 et
192 1593 361 1675 justitiam,
393 1594 424 1655 in
442 1597 600 1659 montibus
624 1616 688 1657 non
708 1591 878 1658 comederit
897 1604 955 1654 etc.
970 1635 981 1670 ,
999 1602 1031 1654 et
1047 1589 1111 1653 iio-

24 1706 148 1767 minem
169 1720 232 1760 nou
256 1702 498 1762 contristaverit:
520 1700 794 1785 pignuatdebitori
825 1698 1020 1777 reddiderit,
1051 1717 1111 1783 per

27 1814 100 1872 vim
121 1805 200 1866 nihii
222 1797 377 1890 rapuerit,
423 1807 463 1869 ad
492 1817 618 1869 neuram
648 1830 713 1871 non
743 1805 1043 1884 accommodaverit,
1077 1815 1111 1868 et

29 1914 172 1999 amplius
193 1932 254 1975 non
272 1917 443 1998 acceperit:
466 1915 514 1977 ah
530 1917 693 1999 iniquitate
715 1904 862 1978 averterit
877 1934 1002 1977 manum
1023 1931 1111 1975 auam

27 2036 63 2087 et
90 2020 245 2104 judicium
272 2042 380 2081 verum
403 2022 512 2084 fecerit
532 2025 615 2084 iuter
637 2025 740 2085 virum
766 2034 799 2084 et
820 2024 939 2085 virum:
960 2023 996 2082 in
1015 2039 1112 2107 prae·

11 2132 133 2215 ceptis
159 2130 232 2189 meir
261 2127 482 2208 ambulaverit,
522 2142 553 2192 et
583 2129 704 2213 judicia
740 2150 807 2192 mea
841 2127 1042 2205 emtodierit,
1073 2136 1112 2189 ut

22 2238 128 2307 faeiat
159 2237 337 2301 veritatemt
376 2235 430 2298 hio
450 2239 554 2319 justus
584 2236 655 2316 est,
688 2239 752 2299 vita
772 2238 871 2313 vivet,
892 2238 936 2297 ait
954 2234 1111 2325 nonnae
1146 2318 1149 2322 q

27 2336 153 2405 DEUS.
197 2341 296 2417 Quod
315 2344 341 2403 ai
358 2339 509 2428 'genuerit
525 2342 624 2406 filium
639 2343 790 2407 latronem
811 2342 1019 2405 effundentem
1037 2360 1110 2402 aau-

28 2454 157 2537 gninem
182 2459 259 2524 ete,
287 2469 412 2533 egenum
446 2463 477 2513 et
503 2472 671 2535 pauperem
696 2452 952 2526 contristauvm,
983 2448 1112 2531 rapien-

29 2571 96 2621 tem
119 2557 268 2638 rapinae,
303 2558 414 2641 pignus
446 2580 511 2620 uon
547 2557 746 2635 reddentem,
776 2554 817 2618 ad
832 2575 959 2616 usuram
975 2553 1110 2631 dantem,

28 2679 63 2729 et
96 2661 233 2745 amplius
259 2666 477 2749 accipientem.-
509 2663 663 2748 numquid
684 2661 787 2728 riveti
817 2682 882 2723 nou
908 2663 1007 2723 vivet:
1040 2680 1112 2723 cum

26 2775 179 2833 universa
208 2769 285 2832 haec
315 2771 496 2835 detestanda
519 2774 645 2850 fecerit,
674 2783 776 2834 morte
799 2770 967 2847 morietur,
989 2768 1112 2852 sanguia

29 2880 104 2962 ejus
130 2881 163 2939 in
196 2880 264 2961 ipso
301 2882 369 2941 erit.
422 2880 518 2956 Quod
551 2883 578 2942 si
604 2881 745 2966 gennerit
778 2875 894 2956 fliium,
928 2878 984 2959 qui
1004 2873 1113 2969 videm

29 2988 142 3047 omnia
172 2999 297 3070 peccata
327 2989 425 3070 patric
452 2989 519 3066 sui,
554 3009 635 3072 quae
662 2988 755 3064 fecit,
789 2986 950 3062 timuerit,
984 2996 1016 3046 et
1047 2968 1114 3046 non

28 3090 150 3155 fecerit
179 3092 279 3152 simile
313 3096 372 3155 eia:
406 3098 508 3155 virum
536 3117 600 3157 non
623 3095 871 3171 contristaverit,
910 3096 1025 3178 pignus
1049 3110 1115 3153 uon

28 3198 228 3275 retinuerit,
264 3213 295 3263 et
318 3205 458 3286 rapinam
487 3223 552 3269 non
583 3203 740 3286 rapuerit:
780 3220 799 3261 a
830 3201 977 3284 pauperis
997 3199 1117 3281 injuria

28 3307 187 3369 averterit
211 3325 334 3367 manum
361 3328 468 3386 suam,
500 3329 627 3370 usuram
657 3320 689 3370 et
712 3306 1026 3392 superabundantiam
1051 3323 1117 3366 non

30 3413 211 3497 acceperit,
246 3411 364 3495 judicia
387 3410 454 3476 mea
477 3416 605 3494 feeerit,
635 3416 668 3477 in
683 3417 856 3500 praeceptis
881 3415 956 3476 meis
976 3410 1120 3473 ambula·

31 3523 139 3584 verita
161 3517 228 3580 hie·
243 3538 308 3580 non
332 3522 486 3593 morietur
509 3526 542 3586 in
567 3525 730 3608 iniquitate
752 3523 851 3609 patris
874 3523 943 3600 aui,
977 3517 1033 3583 aed
1054 3520 1118 3582 vita

33 3630 121 3690 vivet
150 3637 182 3689 et
207 3638 335 3691 caetera.
966 3698 969 3703 ,

12 3740 16 3745 “
122 3732 229 3794 Rom
250 3718 519 3799 muraenae
535 3737 694 3813 omnibns
718 3737 840 3800 debita:
875 3735 927 3799 eni
951 3733 1118 3814 tributum,

37 3838 213 3905 tributum:
246 3841 298 3901 cui
327 3845 476 3928 vectigal,
515 3844 665 3929 vectigal:
698 3848 748 3906 cni
770 3848 941 3918 timorem,
962 3842 1120 3905 timorem:

40 3947 97 4007 cui
113 3944 291 4026 honorem,
325 3940 488 4013 honorem.
529 3951 651 4014 Nemini
676 3952 849 4037 quidquam
865 3947 1024 4013 debeatis:
1047 3949 1119 4029 niai,

38 4066 80 4117 ut
103 4055 238 4115 invicem
259 4054 404 4140 diligatis.

126 4160 274 4223 Matth.
297 4162 357 4225 V.=
380 4163 536 4245 Audistis,
572 4163 784 4254 quia'dietum
812 4178 875 4229 ert.-
909 4163 1044 4229 Oculum
1062 4179 1124 4246 pro

38 4266 167 4350 oculo,
201 4281 235 4333 et
251 4267 374 4335 dentem
394 4293 456 4361 pro
478 4272 585 4342 dente..
622 4275 815 4362 Ego-autem
836 4272 908 4337 dico
931 4269 1038 4348 vebia,
1058 4285 1125 4330 uon
1288 4312 1300 4343 t

838 4381 920 4464 at·
1026 4418 1029 4423 ·
