2768 4762
405 376 793 448 uncaaooo.
1054 340 1188 456 aaa:

53 571 161 657 ligio,
183 567 260 631 baec
281 580 366 632 recta
390 572 506 654 pietas,
536 567 612 629 baec
631 579 751 630 tautum
771 564 841 628 Deo
863 563 968 629 debita
992 566 1131 628 servitus.

61 657 278 736 Quaecunque
300 657 397 740 igitur
432 653 612 715 immortalis
633 665 769 736 potestas
802 652 997 734 quantalibet
1016 653 1132 713 virtute
1188 692 1191 701 ·

60 732 224 827 praedita,
256 739 282 798 si
310 761 367 800 nos
389 739 490 822 diligit
510 743 591 798 sicut
607 758 639 798 se
660 741 778 821 ipsam,
799 737 828 796 ei
851 736 919 797 rult
942 758 1006 799 esse
1022 735 1135 797 subdi-

59 813 134 902 ω’,
155 836 191 885 ut
209 823 293 884 beati
315 827 426 899 simus,
455 825 504 882 cui
525 835 556 884 et
576 825 642 905 ipsa
664 820 790 882 subdita
816 818 906 881 beata
928 834 982 882 est.
1024 821 1060 882 Si
1082 840 1136 880 er·

59 930 106 994 go
120 929 184 971 nou
205 907 283 970 colit
305 908 419 983 Deum,
441 909 550 967 misera
571 919 635 982 est,
658 909 731 990 quia
752 905 821 966 Deo
842 908 1000 990 privatur:
1033 907 1059 966 si
1077 925 1136 965 au·

58 1007 124 1056 tem
146 993 224 1069 colit
243 992 360 1070 Deum,
382 1012 445 1051 non
468 989 534 1051 vult
554 1012 586 1050 sc
608 990 669 1052 coli
694 1010 754 1074 pro
775 989 855 1053 Deo.
898 990 949 1050 Illi
972 992 1052 1051 enim
1097 1011 1136 1050 o·

60 1080 126 1140 aius
161 1077 289 1138 divinae·
315 1079 481 1137 sententiae
517 1075 610 1135 suffra
632 1088 725 1148 atur,
761 1083 793 1134 et
820 1072 993 1135 dilectionis
1014 1011 1259 1135 unlustau-aa
1274 1092 1307 1132 au

60 1162 168 1238 favet,
191 1183 253 1244 qua
273 1164 424 1244 scriptum
445 1173 510 1221 est:
529 1099 705 1220 sacrillcaus
725 1158 805 1234 diis,
828 1157 1053 1243 eradicabitur,
1075 1160 1133 1218 nisi

59 1246 203 1309 Domino
236 1245 304 1305 soli.
354 1245 430 1305 Nam
466 1256 502 1304 ut
526 1243 584 1304 alia
606 1265 688 1303 nuuc
710 1255 848 1316 taceam,
867 1262 957 1325 *quae
979 1245 1137 1325 pertinent

16 1332 33 1395 f
62 1329 107 1392 ad
139 1331 298 1412 religionis
329 1331 530 1410 obsequium,
567 1348 632 1412 quo
668 1326 784 1387 colitur
813 1327 916 1402 Deus,
951 1325 1134 1385 sacrificium

62 1426 150 1477 certe
176 1414 280 1476 nullus
305 1415 467 1475 hominum
492 1425 556 1484 est,
592 1413 647 1493 qui
666 1411 778 1470 audeat
798 1409 901 1469 dicere
923 1409 1049 1486 deberi,
1077 1412 1136 1469 uisi
1170 1410 1312 1499 fftfflfitlffl

41 1500 204 1560 'Domino
235 1499 305 1559 soli.
356 1497 457 1557 Multa
489 1496 624 1577 denique
657 1495 696 1555 de
730 1494 819 1555 cultu
848 1494 953 1554 divino
987 1506 1136 1576 usurpata
1147 1465 1258 1552 liablw
1273 1465 1312 1508 ἃ*

63 1595 157 1657 suut,
189 1603 268 1663 quae
289 1580 465 1641 honoribus
494 1578 861 1647 deferunturbumauisa
883 1580 948 1651 sive¹
962 1577 1138 1638 humilitate

64 1669 177 1740 nimia,
200 1667 264 1725 sire
288 1664 466 1726 adulatione
489 1664 653 1747 pestifera:
675 1667 718 1726 ita
740 1675 862 1739 nmen,
883 1675 939 1738 ut,
967 1662 1080 1743 quibus
1104 1683 1139 1725 ea
1259 1732 1264 1743 ,

69 1751 273 1826 deferuntur,
308 1749 447 1809 homines
467 1747 682 1826 haberentur,
719 1751 773 1830 qui
795 1747 945 1807 dicuutur
966 1746 1090 1807 colendi
1109 1758 1141 1809 et
1179 1779 1184 1799 ι

66 1832 251 1893 venerandi:
291 1835 317 1894 si
349 1846 449 1893 autem
476 1835 517 1894 e'is
552 1834 682 1894 multum
715 1833 861 1907 additur,
909 1842 939 1891 et
976 1830 1138 1893 adorandi.

70 1916 150 1990 Quis
171 1937 244 1976 vero
267 1915 504 1991 sacrificandum
527 1921 666 1996 censuit,
686 1918 745 1978 nisi
769 1919 815 1993 ei,
849 1936 939 1997 quem
960 1916 1063 1975 Deum
1088 1929 1141 1978 aut

24 1995 30 2005 '
66 2003 180 2076 scivit,
212 2014 264 2062 aut
285 2005 425 2084 putarit,
460 2013 514 2062 aut
536 1999 650 2063 finxit?
692 2002 792 2078 Quam
813 2019 914 2083 porro
933 2003 1077 2082 antiquus
1099 2002 1140 2063 ait
1200 2015 1204 2021 '

65 2084 98 2141 in
127 2083 331 2148 sacrificando
356 2087 414 2145 Dei
434 2086 559 2163 cultus,
583 2086 660 2146 'duo
690 2085 738 2146 illi
767 2086 878 2145 fratres
900 2085 1037 2147 Kaiu'et
1056 2083 1136 2145 Abel
1182 2088 1186 2113 '

64 2171 136 2228 satis
159 2157 316 2242 iudicant·
332 2190 468 2252 quorum
488 2172 618 2252 majoris
640 2171 726 2231 Deus
748 2166 1296 2256 reprobaviasacrificium,amaea.

63 2254 190 2315 minoris
212 2258 337 2337 aspexit.
656 2315 661 2324 ,

149 2350 178 2403 5.
222 2339 332 2396 IDEM
361 2335 550 2418 Augustinus
579 2339 615 2397 L.
636 2337 708 2398 XV.
746 2348 847 2399 contr.
876 2339 979 2399 Faust.
1002 2336 1137 2399 Manicb.

66 2441 94 2481 c.
117 2433 165 2485 9.:
188 2419 333 2493 Adonai,
355 2419 485 2477 verbum
507 2419 674 2479 hebraeum
693 2432 758 2494 eat,
781 2433 812 2480 et
831 2423 1054 2503 iuterpretatur
1070 2424 1140 2481 Do-

69 2505 190 2577 minus,
213 2523 249 2560 co
274 2502 392 2574 modo,
415 2524 478 2582 quo
502 2499 588 2560 solus
617 2503 701 2561 Deus
723 2502 839 2562 dicitur
860 2506 1029 2580 Dominus:
1059 2508 1140 2564 sicut

69 2585 184 2661 latria,
217 2584 303 2667 quod
336 2581 466 2643 verbum
489 2604 632 2668 graecum
662 2597 720 2661 est,
743 2598 773 2645 et
799 2588 1022 2668 interpretatur
1042 2586 1236 2648 serui-¹⁴¹²&

64 2683 127 2744 tus,
144 2690 206 2729 uon
217 2666 430 2750 quaecuuque,
443 2669 498 2729 aad
513 2667 577 2742 illa,
591 2687 652 2749 qua
666 2669 881 2730 tantummodo
893 2670 961 2729 Deo
975 2675 1116 2731 servitur.

151 2767 180 2821 6.
224 2754 280 2813 ET
299 2755 335 2820 L.
356 2754 427 2815 XX.
450 2764 552 2814 contr.
574 2750 666 2812 eund.
687 2766 805 2835 c.21.a
825 2752 967 2837 Populus
988 2754 1139 2815 Christia-

65 2859 124 2900 nus
139 2839 299 2899 mcmorias
315 2852 486 2914 martyrum
511 2835 656 2920 religiosa
679 2836 870 2899 solemnitate
892 2838 1139 2915 coucelebratet

65 2923 104 2983 ad
127 2922 314 2983 excitandam
336 2925 563 2999 imitationem,
596 2934 627 2982 et
649 2935 683 2984 ut
703 2924 819 2983 meritis
847 2943 955 2984 eorum
977 2923 1313 3012 consocia-⁸31³000002·

64 3021 134 3083 tur,
156 3020 249 3089 atque
265 3007 461 3068 orationibus
479 3007 661 3089 adjuretur:
684 3009 727 3068 ita
748 3020 865 3086 tamen,
888 3021 925 3069 ut
940 3008 1029 3089 *nulli
1056 3029 1134 3068 mar·
1148 2980 1315 3083 lqitllnlllill

65 3103 186 3168 tyrum,
207 3092 260 3151 sed
283 3094 342 3174 ipsi
364 3093 432 3153 Deo
454 3104 642 3168 martyrum,
666 3095 804 3174 quamvis
826 3095 857 3151 in
882 3095 1043 3153 memorias
1054 3114 1136 3153 mar·
1147 3085 1315 3178 1;:,¹⁰:;‡,¹;⁰·

65 3185 187 3252 tyrum,
210 3179 434 3237 constituamus
445 3175 572 3243 altaria.
616 3177 694 3251 Quis
716 3179 796 3238 euim
818 3179 986 3238 antistitum
1013 3180 1044 3237 in
1059 3178 1240 3262 locisg‘ffig„⁸
1262 3235 1311 3266 non

64 3273 242 3321 sanctorum
264 3280 437 3342 corporum
455 3264 596 3322 assistens
619 3261 729 3338 altari,
752 3262 922 3344 aliquando
947 3263 1044 3322 diuite
1076 3263 1135 3323 0f-
1148 3269 1277 3333 offatunsur

59 3342 192 3405 'ferimus
215 3343 273 3405 tibi
296 3344 399 3422 Petre,
418 3358 472 3406 aut
494 3343 600 3421 Paule,
618 3359 672 3406 aut
694 3344 867 3429 Cypriane?
899 3347 953 3407 sed
976 3345 1062 3428 quod
1085 3321 1269 3407 οῑψωὴιι

64 3426 187 3505 femur,
226 3428 358 3489 offertur
378 3431 466 3506 Deo,
506 3430 559 3510 qui
582 3441 730 3504 martyres
754 3434 936 3504 coronarit,
967 3431 1051 3515 apud
1072 3453 1138 3492 rue·

61 3517 177 3575 murias
214 3520 346 3591 eorum,
382 3535 460 3597 quos
495 3516 673 3574 coronavit:
716 3527 753 3575 ut
773 3537 808 3576 cx
830 3518 969 3598 ipsorum
992 3516 1135 3577 locorum

62 3598 273 3659 admonitione
286 3600 388 3680 major
409 3597 536 3659 allectus
550 3611 707 3682 exsurgat,
731 3599 770 3660 ad
792 3599 957 3660 acuendam
978 3603 1136 3662 caritatem

62 3694 93 3741 et
113 3685 146 3742 iu
167 3682 258 3760 illos,
280 3704 360 3764 quos
382 3684 494 3743 imitari
516 3703 699 3765 possumus,
724 3697 755 3745 et
775 3686 807 3743 in
829 3683 933 3761 illum',
956 3706 1019 3766 quo
1041 3686 1136 3766 adju·

62 3780 153 3827 vante
175 3789 347 3851 possumus.
393 3768 530 3828 Colimus
558 3788 632 3849 ergo
654 3783 803 3845 martyres
831 3789 868 3828 co
888 3769 975 3829 cultu
990 3769 1135 3831 dilectio-
1158 3778 1272 3842 Utrum
1287 3788 1312 3823 et

61 3853 109 3910 uis
130 3864 160 3911 et
179 3854 356 3930 societatis,
379 3874 443 3936 quo
472 3854 555 3912 etin
576 3850 635 3912 bac
657 3856 719 3914 vita
741 3852 890 3914 coluntur
913 3852 1009 3914 sancti
1031 3838 1312 3922 homi-ildiibliii.
1334 3846 1339 3858 ¹

62 3955 115 3995 nea
142 3937 220 4013 Dei,
243 3959 379 4018 quorum
400 3959 457 3998 cor
479 3936 518 3997 ad
540 3935 630 3998 talem
646 3959 706 4021 pro
729 3936 901 4021 evangelica
924 3941 1051 3999 veritate
1062 3961 1134 4022 pas·
1146 3933 1191 3968 ⁸¹¹³·

63 4021 179 4079 sionem
200 4036 342 4103 paratum
364 4044 429 4083 csse
450 4024 605 4083 sentimus.
649 4024 692 4082 At
712 4022 768 4083 illo
791 4021 895 4098 cultu,
926 4044 1005 4106 quae
1026 4046 1134 4106 graece

60 4101 152 4163 latria
176 4104 310 4183 dicitur,
341 4107 435 4168 latiue
461 4128 525 4167 uno
559 4105 656 4168 verbo
679 4107 741 4166 dici
763 4126 827 4168 nou
849 4118 968 4190 potest,
1002 4129 1073 4168 cum
1094 4110 1135 4169 sit

59 4187 211 4268 quaedam
256 4194 363 4274 roprie
400 4192 555 4253 divinitati
587 4191 691 4251 debita
720 4192 871 4270 servitus,
903 4212 960 4253 nec
991 4192 1133 4269 colimus,
1159 4182 1321 4266 uastauit-⁸

56 4291 118 4335 neo
136 4211 303 4337 colendum
323 4275 487 4354 docemus,
516 4278 577 4339 uisi
597 4297 694 4337 uuum
714 4275 825 4352 Deum.
867 4277 947 4338 Cum
967 4288 1069 4340 autam
1093 4277 1133 4339 ad
1145 4267 1312 4358 ¹,'{{2}{,‘,¹‚'⁵¹“
