2768 4762
275 357 353 427 14ss
655 349 721 410 DE
772 346 864 408 SPE
906 347 968 411 ΕΤ

402 484 411 517 Ι

276 557 339 620 que
361 547 406 595 est
428 535 459 594 in
483 531 671 593 conscientia
693 535 843 616 propria,
864 524 1126 617 quemadmodum
1150 556 1182 597 se
1203 542 1297 604 sentit
1318 546 1360 607 ad

276 621 473 682 dilectionem
493 615 552 675 Dei
582 629 613 676 et
634 623 767 698 proxim:
789 619 1060 703 cognitionemque
1080 619 1247 703 prolicere.

359 717 388 774 4.
431 700 542 763 IDEM
574 699 767 782 Augustinus
799 703 832 762 in
863 703 994 785 praefat.
1027 724 1110 766 enar.
1148 705 1362 781 Pselm.31.:

273 791 345 873 Ipsa
367 790 477 849 caritas
501 784 580 844 bene
603 787 760 866 operantis
787 785 841 847 dat
874 788 902 846 ei
935 808 1022 870 spem
1052 787 1155 850 bonae
1193 796 1360 855 conscien-

275 876 355 935 tiae:
389 892 474 955 spem
499 870 581 928 enim
613 869 694 951 gerit
725 867 809 930 hona
841 871 1038 932 conscientia.
1082 873 1254 944 Quomodo
1276 880 1358 941 mala

274 957 466 1018 conscientia
496 965 562 1013 tota
593 954 627 1012 in
648 952 865 1035 desperatione
886 967 953 1030 est,
990 958 1034 1016 sie
1055 955 1140 1019 bona
1168 964 1359 1026 conscientia

274 1042 397 1103 totuin
420 1059 484 1122 spe.
527 1039 638 1114 Finis,
673 1037 794 1120 (inquit
814 1039 1001 1121 Apostolus)
1024 1046 1184 1126 praecepti
1207 1059 1254 1106 est
1274 1053 1360 1107 cari·

277 1138 323 1187 tes
358 1125 397 1186 de
432 1121 528 1183 eorde
557 1141 641 1203 puro
669 1133 701 1182 et
722 1125 910 1183 conscientia
932 1123 1017 1184 bona
1038 1123 1154 1199 etlide
1184 1149 1249 1190 non
1272 1128 1357 1193 ficta.

275 1209 342 1271 Pro
365 1226 420 1291 spe
453 1196 671 1266 conscientiam
702 1207 819 1289 posuit.
874 1206 932 1267 Ille
967 1211 1047 1268 enim
1068 1225 1191 1294 sperat,
1216 1215 1272 1296 qui
1294 1214 1358 1276 bo-

275 1314 345 1354 nam
367 1291 586 1353 conscientiam
608 1293 696 1373 gerit.
742 1291 843 1366 Quem
864 1312 938 1352 vero
961 1295 1075 1377 pungit
1097 1296 1357 1363 malacenscien·

275 1380 338 1455 tia,
371 1373 504 1437 retrahit
539 1393 611 1435 sea
639 1394 713 1457 spe,
745 1387 777 1434 et
796 1396 861 1436 non
882 1375 942 1436 sibi
973 1390 1077 1460 speret
1098 1381 1157 1440 nisi
1180 1380 1359 1444 damnatio-

213 1455 223 1461 ’
275 1482 355 1523 nem.
397 1461 441 1519 Ut
461 1478 535 1542 ergo
557 1470 662 1541 speret
682 1479 821 1541 regnum,
842 1457 955 1522 habeat
976 1461 1092 1523 bonam
1113 1467 1353 1529 conscientiam:

276 1543 363 1630 quod
386 1542 499 1604 habeat
519 1541 634 1603 bonam
656 1542 885 1621 conscientiam,
908 1545 1014 1607 eredat
1035 1560 1066 1607 et
1088 1563 1255 1631 operetur:
1278 1554 1352 1634 quia

277 1629 364 1714 quod
387 1627 510 1703 credit,
533 1624 607 1687 fidei
631 1639 695 1687 est:
729 1626 815 1709 quod
836 1628 1005 1711 operatur,
1030 1633 1166 1693 caritatis
1189 1646 1245 1694 est.

360 1726 389 1782 1,
432 1711 465 1771 B.
510 1709 752 1772 GREGOIIIUS
774 1711 902 1796 Magnus
935 1713 969 1774 L.
1001 1714 1151 1776 XXXIII.
1182 1718 1294 1780 Morel.
1318 1722 1350 1779 in

272 1797 346 1876 Job,
380 1816 451 1878 cap.
485 1808 556 1864 tn:
592 1793 668 1855 Pius
697 1794 737 1857 ac'
752 1796 857 1877 justus
890 1810 937 1860 est
959 1799 1107 1861 conditor
1130 1815 1247 1863 noster.
1289 1803 1351 1865 Sed

272 1903 365 1944 nemo
398 1881 502 1941 dicat:
536 1881 609 1962 quia
642 1881 712 1963 pius
734 1892 802 1954 est,
833 1882 994 1943 venialiter
1025 1906 1133 1970 pecco.
1186 1887 1229 1949 Et
1249 1908 1351 1964 nemo,

273 1967 329 2049 qni
359 1964 554 2050 peccaverit,
589 1962 694 2023 dicat:
738 1965 811 2047 quia
830 1966 934 2046 justus
956 1979 1018 2045 est,
1042 1968 1080 2029 de
1102 1972 1218 2052 peccati
1242 1975 1352 2032 remis-

273 2053 360 2111 sione
383 2049 524 2132 despero.
568 2047 694 2109 Relaxat
719 2049 798 2108 enim
819 2048 901 2113 Deus
921 2050 1062 2129 facinus,
1096 2052 1184 2134 quod
1205 2051 1350 2131 defletur,

274 2135 328 2195 scd
347 2145 527 2218 perpetrare
551 2135 682 2215 quisque
706 2135 832 2207 timeat,
857 2135 954 2214 quod,
977 2138 1002 2196 si
1027 2135 1117 2220 digne
1139 2134 1251 2197 deflere
1273 2160 1353 2222 pos·

276 2221 339 2295 sit,
382 2221 516 2301 ignorat
571 2216 653 2293 Ante
677 2217 799 2300 eulpam
834 2238 909 2301 ergo
935 2221 1086 2300 justitiam
1107 2223 1255 2299 metuat,
1275 2237 1352 2305 pest

95 2297 139 2374 ‘2⁸¹'
196 2297 234 2323 '¹²'
277 2302 400 2386 culpam
423 2316 523 2363 tamen
546 2299 585 2360 de
617 2303 732 2385 pietate
753 2315 945 2385 praesumat:
992 2326 1091 2387 neque
1124 2307 1166 2366 ita
1197 2307 1349 2388 justitiam

272 2391 399 2461 timeat,
450 2398 486 2446 ut
531 2384 617 2445 nulla
660 2387 725 2467 spei
774 2385 988 2449 consolatione
1027 2390 1240 2451 convalescat:
1295 2412 1350 2450 nc-

272 2493 335 2555 que
364 2474 406 2532 ita
435 2466 573 2531 confidat
602 2469 640 2530 de
667 2469 902 2549 misericordia,
934 2483 969 2531 ut
998 2471 1148 2534 adhibere
1167 2473 1347 2535 vulneribus

270 2558 334 2618 suis
367 2555 477 2639 dignae
510 2556 720 2638 poenitentiae
754 2554 889 2639 negligat
926 2554 1126 2619 medicinam:
1164 2559 1218 2620 sed
1256 2580 1348 2640 quem

268 2643 437 2725 praesumit
457 2638 517 2700 sibi
563 2641 591 2698 ie
612 2659 760 2722 parcere,
781 2660 901 2723 semper
923 2643 1014 2701 etiam
1036 2645 1152 2726 cogitet
1175 2655 1205 2703 et
1222 2642 1349 2704 distric-

267 2739 298 2785 tc
327 2727 479 2806 judicare.
537 2661 631 2805 ἔρος·
650 2725 746 2806 igitur
780 2727 1039 2807 praesumptionis
1073 2739 1197 2787 nostrae
1233 2725 1347 2788 habeat

266 2813 357 2870 etiam
391 2829 526 2869 morsum
557 2810 698 2867 timoris:
733 2820 769 2867 ut
797 2808 837 2866 ael
860 2809 1045 2893 corrigenda
1077 2822 1203 2893 peccata
1225 2812 1346 2891 justitia

264 2894 433 2975 judicantis
457 2903 593 2967 terreat,
617 2911 710 2973 quem
732 2891 773 2950 ad
794 2889 941 2954 fiduciam
962 2896 1067 2954 veniae
1088 2897 1188 2979 gratia
1211 2915 1347 2978 parcen-

265 2981 305 3038 tis
330 2980 447 3038 invitat.

351 3075 381 3128 2.
423 3058 533 3121 IDEM
566 3058 737 3142 Gregorius
772 3059 806 3119 L.
846 3058 902 3124 vl.
937 3061 1094 3124 eistelar.
1129 3083 1179 3146 ep.
1215 3076 1269 3130 22.
1308 3064 1347 3124 ad

265 3145 362 3229 Greg.
403 3144 504 3204 cubic.
528 3141 628 3226 Aug:
673 3143 770 3219 Quod
808 3163 883 3205 vero
908 3083 1041 3207 dulcedo
1063 3159 1117 3207 tua
1138 3150 1170 3206 in
1193 3150 1256 3207 suis
1280 3150 1350 3231 epi-

266 3227 356 3290 stolis
377 3228 560 3310 subjunxit:
594 3229 809 3311 Importunam
844 3250 875 3289 se
898 3230 974 3290 mihi
1011 3232 1158 3306 existere,
1184 3231 1348 3312 quoadus-

268 3334 330 3395 que
349 3313 486 3376 seribam
506 3311 582 3374 mihi
604 3312 783 3390 revelatum,
805 3315 879 3396 quia
903 3326 1029 3398 peecata
1048 3327 1102 3375 tua
1116 3314 1240 3375 dimissa
1260 3327 1347 3377 sunt:

166 3466 172 3480 ‚
268 3419 334 3458 rem
364 3411 395 3458 et
430 3397 589 3458 dillieilem
619 3399 708 3458 etiam
736 3410 766 3459 et
787 3398 927 3459 inutilem
960 3398 1135 3482 postulasti.
1178 3398 1347 3460 Dillieilem

108 3479 133 3506 ‘⁸
269 3481 415 3565 quidem,
449 3485 523 3544 cuia
555 3501 612 3564 ego
645 3482 790 3567 indignus
825 3503 917 3560 sum,
955 3484 1006 3544 cui
1029 3482 1177 3544 revelatio
1201 3480 1268 3543 lie'ri
1291 3482 1349 3541 de·

87 3573 236 3655 9:233?ss
268 3567 351 3628 beat.
404 3563 550 3626 inutilem
583 3582 683 3643 vero,
726 3567 801 3648 quia
834 3587 942 3627 secura
975 3567 1014 3627 de
1035 3571 1169 3650 peccatis
1192 3568 1252 3628 tuis
1274 3562 1346 3624 fieri

88 3628 124 3721 in
144 3665 168 3703 sn
181 3664 222 3705 me
270 3671 333 3711 non
356 3648 467 3725 debes,
489 3650 548 3709 nisi
572 3670 641 3708 cum
656 3651 720 3730 jam
741 3653 773 3709 in
795 3649 845 3710 die
866 3653 946 3712 vitae
967 3663 1040 3712 tuae
1067 3647 1179 3712 ultim'o
1200 3649 1347 3734 plangere

87 3719 211 3808 {siim
225 3769 245 3809 2,
270 3735 375 3795 eadem
405 3745 533 3817 peecata
572 3736 696 3795 minime
724 3732 851 3796 valebis.
894 3736 984 3811 Quae
1017 3735 1082 3796 dies
1105 3754 1270 3818 quousque
1291 3755 1347 3794 ve·

269 3822 351 3896 niat,
385 3837 507 3900 semper
527 3831 685 3902 suspecta,
715 3838 834 3901 semper
856 3822 980 3902 trepida
999 3833 1135 3881 metuere
1160 3819 1267 3904 culpas
1289 3818 1346 3879 de·

266 3900 341 3979 bes,
380 3914 475 3984 atque
506 3922 554 3962 eas
570 3936 573 3941 ·
589 3902 780 3985 quotidianIs
805 3902 928 3966 fletibus
957 3903 1068 3967 lavare.
1114 3904 1205 3965 Certe
1228 3902 1346 3965 Paulus

265 3983 435 4069 Apostolus
455 3987 519 4066 jam
549 3986 589 4047 ad
610 3990 736 4049 tertium
755 3987 871 4050 caelum
892 3988 1090 4068 escenderat,
1112 3988 1350 4073 inperadisum

266 4089 396 4151 quoque
419 4068 531 4130 ductus
554 4071 672 4150 suerat,
694 4092 804 4134 areana
825 4072 920 4134 verba
943 4074 1114 4150 audiverat,
1138 4095 1217 4156 quae
1241 4071 1349 4134 homi-

86 4154 297 4222 s.c0:.9.a:.ni
332 4152 421 4235 loqui
450 4174 515 4215 non
547 4155 672 4218 liceret:
707 4169 739 4218 et
765 4169 866 4219 umen
897 4156 999 4219 adhuc
1030 4158 1190 4247 trepidans
1207 4156 1349 4218 dicebat:

265 4236 389 4322 Castigo
425 4259 542 4330 corpus
572 4261 674 4303 meum
701 4252 739 4325 et,
761 4243 902 4306 servituti
922 4241 1078 4326 subjicio,
1110 4264 1150 4304 ne
1171 4241 1256 4305 sorte
1277 4241 1349 4305 aliis
