2768 4762
276 372 357 447 434
525 357 1099 427 nunntncupnts

365 551 414 612 Et
433 549 480 610 1.=
511 546 624 610 Omnia
652 543 787 628 subjecit
818 544 879 608 sub
912 545 1045 631 pedibus
1081 549 1178 631 ejus,
1215 564 1252 613 ct
1272 554 1362 637 ipsum

282 658 370 719 dedit
401 668 497 740 caput
532 675 628 737 supra
667 674 789 715 omnem
822 654 1013 734 Ecclesiam,
1053 677 1136 738 quac
1171 671 1222 719 cst
1258 682 1363 747 corpus

284 764 392 850 ipsius,
414 777 445 824 ct
464 761 629 845 plenitudo
643 763 721 842 ejus,
743 764 797 844 qui
819 765 922 824 omnia
942 766 974 824 in
997 764 1144 826 omuibus
1169 767 1360 852 adimpletur.

368 874 407 932 G.
450 871 468 931 J
478 891 550 931 can
563 891 592 930 n.
626 870 749 930 xvll.:
787 870 955 961 §anctilica
988 894 1041 932 eos
1079 875 1111 931 in
1148 877 1289 935 scritate
1314 893 1359 939 etc

283 981 354 1041 Nou
376 1001 439 1061 pro
462 981 504 1038 cis
527 990 626 1037 autem
650 999 728 1060 rogo
751 990 890 1054 tuntum,
913 980 967 1039 sed
990 992 1020 1040 ct
1041 1001 1103 1064 pto
1128 983 1177 1040 cis
1190 1025 1200 1057 ,
1226 987 1285 1065 qui
1306 1008 1359 1045 cre·

284 1088 382 1148 dituri
417 1097 489 1146 sunt
519 1105 576 1167 per
607 1083 736 1144 verbum
770 1106 880 1145 corum
913 1088 943 1146 iu
966 1109 1012 1146 mc
1028 1130 1038 1164 ,
1070 1100 1107 1148 ut
1146 1110 1261 1150 omncs
1284 1114 1358 1154 mum

284 1200 367 1270 sint,
395 1196 476 1253 sicut
511 1203 548 1283 tu
577 1204 667 1273 pater
702 1195 733 1253 iu
767 1215 833 1271 me,
870 1206 900 1254 et
921 1215 977 1277 ego
1000 1198 1032 1254 iu
1055 1207 1107 1271 te,
1146 1209 1187 1257 ut
1209 1194 1245 1259 ct
1266 1203 1356 1283 ipsiu

282 1301 375 1365 uobis
406 1321 504 1360 unum
537 1300 623 1360 sint:
656 1312 693 1360 ut
713 1296 820 1360 crctlat
841 1301 994 1378 mundus,
1018 1304 1094 1384 quia
1120 1315 1159 1363 tu
1183 1327 1236 1366 mc
1259 1311 1355 1369 misisti.

366 1409 462 1469 Luc.
484 1407 607 1467 xlm..-
641 1408 764 1484 Simon,
798 1427 867 1468 ecce
895 1407 1020 1468 Satanas
1051 1414 1208 1492 expetivit
1226 1437 1303 1493 nos,
1333 1429 1355 1475 ut

198 1532 202 1553 ¹
268 1515 438 1585 ,cribraret
459 1515 539 1574 sicut
557 1516 714 1576 triticum:
737 1536 794 1600 ego
817 1528 919 1576 autem
940 1518 1047 1600 rogavi
1064 1536 1135 1600 ‘pt-0
1160 1532 1215 1599 te,
1252 1537 1289 1584 ut
1307 1546 1352 1584 non

283 1622 408 1685 deficiat
439 1619 517 1683 fides
546 1634 623 1684 tua:
657 1636 689 1685 ct
720 1636 756 1684 tn
779 1622 947 1706 aliquando
980 1644 1180 1705 conversus,
1224 1630 1351 1692 conlimt

282 1731 395 1794 fratres
416 1742 500 1794 tuos.

365 1834 508 1900 matth.
529 1837 633 1899 XVL:
676 1835 791 1900 Portae
825 1837 917 1899 inferi
949 1855 1013 1897 non
1047 1845 1286 1923 praevalebunt
1311 1848 1348 1911 tl·
1383 1858 1384 1953 l

280 1966 386 2006 versus
410 1964 484 2005 eam.
1383 1963 1384 1973 ¹

273 2115 276 2119 ,
363 2051 525 2110 locum:
546 2047 633 2110 XIV.
655 2046 726 2109 XV.
749 2048 905 2126 etXVI,
929 2060 1091 2136 utsupra.

362 2152 451 2217 Act.
472 2154 535 2220 IL:
570 2153 613 2215 Et
634 2153 746 2240 repleti
766 2167 839 2216 sunt
868 2177 974 2218 omnes
996 2158 1113 2244 Spiritu
1131 2174 1257 2225 sancto.

598 2344 627 2412 P
678 2342 713 2413 A
764 2341 797 2410 'I'
848 2343 878 2410 R
928 2341 959 2412 Ε
1011 2341 1051 2414 S.
1108 2338 1114 2345 ⁵

367 2499 396 2554 1.
418 2483 453 2547 C.
495 2483 756 2547 AUGUSTINUS
777 2485 812 2545 L.
837 2487 861 2546 Ι.
885 2499 987 2556 contr.
1023 2487 1177 2553 Crescou.
1204 2495 1341 2555 (immun.

101 2587 308 2649 nectensque.
331 2582 399 2638 zan
430 2571 577 2646 Quamvis
598 2571 695 2651 hujus
726 2573 771 2630 rei
800 2570 850 2646 (de
884 2570 1040 2654 baptismo
1058 2574 1340 2640 haereticorumlo·

101 2638 259 2738 {fffflfffin
283 2659 393 2739 quens)
424 2670 508 2718 certe
531 2656 569 2715 de
589 2658 752 2739 scripturis
781 2657 936 2716 canonicis
966 2678 1030 2718 uon
1054 2663 1252 2742 proseratur
1269 2686 1341 2725 excu-

101 2744 270 2838 gfg‘cnr'ffffffgfs·
282 2741 385 2825 plum,
419 2741 586 2800 earundem
616 2755 716 2801 tamen
749 2745 975 2822 scripturarum
1003 2746 1096 2804 ctiam
1131 2750 1167 2807 iu
1198 2756 1257 2810 hac
1286 2766 1339 2809 ret

100 2825 373 2890 nonninusnohu
407 2837 531 2886 tenetur
560 2828 690 2899 veritus,
730 2846 800 2884 cum
823 2825 884 2884 hoc
910 2826 1053 2905 facimus,
1093 2834 1191 2913 quod
1213 2838 1337 2894 universe

279 2917 342 2991 jam
376 2909 497 2992 placuit
525 2910 699 2987 Ecclesiae,
730 2931 821 2990 quam
851 2911 988 2999 ipsarum
1020 2916 1260 2998 scripturarum
1280 2940 1337 2980 con·

277 2993 402 3056 mundat
421 2997 603 3054 auctoritas:
626 3007 672 3072 ut,
695 2996 842 3075 quonium
870 3007 974 3056 saneta
991 2998 1162 3081 scriptura
1188 3004 1337 3064 fallerent*

274 3091 396 3163 potest,
431 3080 573 3160 quisquis
595 3078 660 3139 falli
681 3081 791 3138 metuit
818 3078 915 3158 liujus
940 3080 1135 3144 obscuritate
1162 3094 1333 3169 quaestions

273 3164 399 3224 candem
429 3162 597 3222 Ecclesiam
623 3164 660 3221 dc
690 3163 743 3221 illa
762 3164 924 3240 consulat,
962 3186 1054 3246 quam
1077 3170 1150 3230 siue
1176 3174 1244 3234 ulla
1269 3172 1333 3234 amb·

120 3312 124 3319 ,
273 3252 389 3333 gnitate
409 3261 514 3308 sancta
537 3252 694 3331 scriptura
717 3247 917 3308 demonstrat.

90 3342 260 3432 Quinum
356 3347 387 3399 2.
430 3333 535 3393 ITEM
557 3333 591 3403 L.
615 3334 656 3392 11.
678 3343 778 3394 contr.
802 3333 894 3393 eund.
917 3353 944 3396 e.
966 3346 1039 3400 32:
1062 3334 1161 3399 Nunc
1190 3362 1341 3425 veroque·

89 3397 210 3448 ’ΜΨ
272 3419 354 3477 niam
386 3419 570 3479 canonicum
605 3438 669 3477 non
698 3429 760 3493 est,
797 3417 884 3498 quod
907 3421 1036 3495 recitas,
1069 3442 1105 3481 ea
1128 3422 1343 3505 libertate,stl

273 3522 365 3583 quum
406 3523 464 3562 uos
492 3503 614 3562 vocavit
645 3502 815 3580 Dominus,
862 3504 941 3581 ejus.
972 3505 1053 3580 viri,
1101 3512 1207 3590 cujus
1249 3513 1344 3574 landen

271 3589 419 3667 consequi
443 3607 506 3645 non
540 3586 650 3660 valeo,
686 3587 777 3665 cujus
814 3587 918 3645 multis
940 3585 1037 3646 literis
1060 3610 1130 3650 mea
1159 3598 1343 3681 scriptum

270 3690 441 3752 comparo,
463 3671 554 3750 cujus
577 3671 733 3754 ingenium
763 3669 881 3754 diligo,
905 3672 993 3750 cujus
1017 3694 1073 3733 oce
1095 3675 1264 3761 delector,
1276 3684 1340 3762 cnjus

88 3757 428 3847 ,citrunius-caritatem
474 3758 591 3829 mirer,
640 3755 732 3835 cujus
773 3756 955 3828 martyrium
975 3777 1133 3835 veneror,
1160 3762 1255 3843 hoc,
1278 3760 1340 3850 quel

87 3822 511 3921 riiniii'ul'giiinlitcrsapuit,
547 3860 610 3900 non
642 3839 771 3920 accipio.
815 3839 885 3898 Non
909 3841 1046 3921 accipio,
1083 3845 1249 3927 iuquam,
1279 3852 1344 3935 quoi

86 3913 307 3995 ζξζζῗξοήᾓῖζὶῗάε
344 3923 537 4005 baptizandis
565 3923 726 3983 lieetcticis
756 3936 786 3983 ct
818 3923 1020 3986 schismaticis
1042 3924 1160 3991 beatus
1185 3936 1346 4019 Cvpcimm

85 4006 121 4056 pn
139 4006 252 4049 seuseu.
266 4010 375 4081 sensit,
412 4010 485 4088 quia
503 4007 566 4069 hoc
582 4008 720 4067 Ecclesia
742 4028 805 4068 non
829 4011 961 4091 accipit:
983 4032 1043 4094 pro
1074 4032 1143 4097 qua
1163 3998 1280 4083 beutus
1301 4022 1345 4082 cs·

264 4093 392 4173 prianus
425 4095 602 4173 sauguinem
631 4093 720 4151 suilit.
1322 4084 1330 4095 ’

82 4198 251 4251 mucronum
348 4187 377 4242 3.
401 4174 441 4232 D·
485 4175 747 4237 AUGUSTINUS
770 4176 802 4235 in
821 4175 902 4237 Psal.
927 4189 995 4246 [aa
1027 4177 1345 4252 llouinsultemhsf

80 4254 160 4359 llil·
178 4260 233 4291 ⁶⁰⁸¹·
262 4259 352 4323 retici
383 4279 441 4345 pu·
476 4273 580 4345 partes
603 4262 739 4343 concisi,
769 4279 837 4326 non
867 4282 901 4327 se
933 4260 1107 4349 extollunt,
1143 4274 1208 4359 qni
1232 4275 1348 4343 (nem
