2768 4762
261 328 315 445 '40
642 362 715 428 oa
756 366 895 431 stoa
937 369 1006 435 ar

87 575 145 633 sans
165 569 255 632 mtqst
266 566 469 640 promotum,
504 551 544 615 ad
565 572 684 616 omnem
705 552 823 617 aditum
847 562 879 619 et
905 557 1040 639 exitum,
1075 557 1115 620 ad
1135 561 1280 622 vestitum
1308 576 1342 625 et

88 619 256 715 {²:223ss
267 642 456 716 calceatum,
486 638 526 699 ad
548 637 683 717 lavacra,
704 638 744 701 ad
767 660 904 717 mensas,
925 641 965 702 ad
989 639 1122 721 lumina,
1151 644 1191 705 ad
1214 646 1341 725 cubilia,

91 733 151 763 ¹¹⁰¹·-
194 740 196 745 '
267 726 308 787 ad
327 722 457 799 sedilia,
490 743 691 806 quaecunque
724 744 782 786 nos
804 728 997 787 conversatio
1021 740 1161 806 exercet,
1202 730 1340 793 frontem

267 811 368 871 erneis
393 808 553 891 signamo
582 811 720 871 terimus.

348 929 379 984 2.
421 914 605 976 BASILIUS
627 916 671 976 Μ.
692 916 728 977 L.
749 912 781 977 d
802 914 885 1001 Spir.
906 926 1003 978 sanet.
1025 936 1092 1001 cap.
1105 930 1157 988 tt.
1176 918 1341 984 Traditio·

267 1023 321 1063 nes
343 999 540 1085 Apostolieas
562 1018 626 1059 nou
649 1001 781 1085 scriptas
804 1008 837 1061 tn
864 1000 997 1063 medium
1017 1000 1224 1083 adducturus,
1246 1008 1336 1088 quod

90 1081 258 1183 23:2³2&
268 1106 363 1169 genus
385 1096 450 1161 est,
473 1085 597 1165 (inquit)
618 1096 655 1145 ut
675 1084 763 1167 ejus,
797 1084 885 1169 quod
907 1087 1043 1171 primum
1073 1097 1119 1147 est
1142 1088 1337 1173 etvuigatis-

92 1175 394 1246 «ῑὴτῑιῑῑτωὶειείηιυηι,
425 1170 529 1252 primo
559 1170 631 1227 loeo
663 1160 929 1231 commemorem:¹
952 1182 989 1231 ut
1021 1172 1110 1252 signo
1146 1175 1248 1235 erucis
1273 1196 1341 1251 eos,

92 1228 256 1283 suadittyost.
314 1257 320 1269 .
685 1256 692 1269 .
804 1257 811 1269 .
950 1255 957 1268 ·
1169 1258 1175 1271 .
1267 1259 1274 1272 .

266 1277 323 1401 qur
347 1275 431 1337 spem
464 1251 660 1316 collocarunt
683 1275 715 1314 ns
737 1254 912 1329 Christum,
933 1274 1104 1338 signemus,
1122 1275 1194 1338 qius
1215 1271 1336 1342 scripto

290 1340 395 1404 ocuitt

349 1437 379 1492 5.
402 1421 660 1483 AUGUSTINUS
681 1422 716 1483 L.
739 1420 770 1484 d.
792 1419 918 1483 Cateeh.
940 1421 1009 1483 rud.
1031 1442 1099 1506 esp.
1121 1434 1188 1490 eoa
1217 1420 1336 1485 Christi

267 1510 419 1594 passionis
443 1520 474 1569 et
502 1511 604 1569 erucis
632 1511 721 1589 signo
749 1509 781 1567 in
800 1504 1012 1567 srontehodie
1036 1520 1185 1589 tanquam
1205 1508 1237 1567 in
1257 1528 1336 1591 pos·

267 1607 299 1654 te
320 1590 484 1677 signandus
507 1613 556 1668 es,
580 1612 747 1674 orariosque
771 1590 938 1653 Christiani
966 1593 1136 1676 signantur.

93 1720 150 1763 m„
176 1719 260 1763 enat·
352 1690 382 1746 4.
405 1677 513 1737 IDEM
547 1688 637 1737 tract.
666 1690 736 1744 118.
763 1678 796 1735 iu
815 1676 871 1735 Er.
897 1675 1006 1738 leam:
1042 1674 1130 1755 Quid
1151 1685 1218 1750 est,
1249 1673 1338 1757 quod

45 1818 51 1829 ,
93 1772 376 1859 ὑμῗιβπεῧοιῃηεε
397 1772 571 1837 noverunt,
595 1762 714 1843 signum
742 1759 870 1837 Christi,
893 1762 952 1821 nisi
980 1782 1055 1822 crux
1079 1758 1218 1821 chnstit
1240 1758 1339 1836 Quod

94 1833 145 1909 'iii'
170 1833 396 1929 ,indo-signum.
418 1847 476 1905 nisi
504 1842 689 1903 adhibeatur
726 1846 788 1903 sire
826 1843 1007 1923 frontibus,
1027 1848 1101 1905 'sive
1139 1846 1199 1928 ipsi
1228 1864 1339 1926 aquae,

94 1924 173 1962 ''¹¹¹¹‘'
271 1952 333 2012 qua
355 1924 597 2011 regenerantur,
613 1929 676 1987 sire
697 1925 791 2004 oleo,
813 1948 878 2010 quo
898 1926 1062 1991 chrismate
1081 1940 1255 2013 unguntur,
1277 1930 1341 1988 sive

271 2010 449 2089 sacrificio,
471 2032 536 2091 quo
558 2010 704 2088 aluntur,
726 2010 806 2072 nihil
827 2030 936 2073 eorum
955 2014 1015 2075 rite
1039 2012 1212 2099 perficitur.

355 2132 386 2188 5.
423 2116 665 2179 GREGORIUS
693 2116 834 2178 Naziana.
865 2131 936 2180 orat
964 2118 1193 2181 1.contr.1u1.
1216 2130 1340 2202 apost:

272 2205 351 2267 Sane
374 2215 405 2264 et
425 2201 495 2282 ille,
528 2202 788 2285 quemadmodum
809 2223 828 2263 a
852 2203 957 2265 multis
977 2205 1129 2281 refertur,
1159 2222 1252 2265 neca
1278 2200 1342 2263 fide

272 2305 318 2353 est
334 2289 485 2366 alienum,
508 2289 538 2347 in
561 2288 687 2365 adytum
708 2286 861 2371 quendam
884 2288 990 2350 multis
1013 2291 1198 2349 inaccessum
1210 2298 1242 2348 et
1260 2285 1342 2346 hor-

273 2373 402 2435 rendum
425 2371 592 2435 descendit
641 2370 759 2433 Aderat
780 2384 812 2434 et
838 2372 943 2434 multis
963 2373 1063 2450 adytis
1084 2372 1213 2457 dignus,
1236 2370 1268 2430 iu
1291 2370 1341 2431 his

273 2462 392 2544 peritus
415 2457 564 2543 quidam,
586 2470 640 2519 aut
656 2457 764 2541 potius
786 2456 934 2542 sophista.
989 2458 1067 2519 Cum
1089 2467 1191 2518 autem
1211 2476 1343 2540 genero-

98 2538 207 2579 ³¹¹¹¹ffl⁸
230 2535 261 2579 Α·
274 2565 342 2605 sum
362 2546 394 2605 iu
419 2544 637 2626 progressione
655 2562 754 2626 paror
774 2544 952 2619 invasisset,
974 2563 1010 2603 ae
1031 2543 1151 2603 assidue
1175 2551 1343 2625 augeretur

98 2593 193 2697 mit:
208 2590 264 2724 {22
275 2628 425 2711 fieretque
448 2626 642 2704 terribilior,
674 2628 795 2687 sonitus
813 2627 964 2709 quosdam
979 2626 1167 2708 injucundos
1190 2646 1260 2687 eum
1285 2644 1346 2686 au-

98 2686 386 2797 iiiiissiiiiedivisse
404 2714 510 2793 ajunt,
532 2731 590 2773 nee
612 2718 677 2772 nou
694 2710 808 2772 odores
827 2712 954 2773 sensisse
979 2710 1172 2784 immundos,
1195 2731 1230 2771 ae
1253 2711 1342 2792 ignea

100 2782 215 2841 ΨΜ·
274 2795 632 2880 uidissephantasmata,
664 2807 695 2855 et
718 2795 846 2872 neseio,
870 2816 946 2877 quae
965 2815 1061 2881 nugas
1085 2807 1116 2857 et
1135 2793 1254 2855 dehria.
1295 2792 1342 2851 Ite

276 2885 373 2967 igitur
397 2884 600 2963 inexspectata
622 2878 802 2962 perculsus,
824 2880 999 2956 (eratenim
1021 2882 1053 2940 in
1068 2878 1184 2941 talibus
1203 2876 1344 2940 nondum

276 2966 365 3031 vaide
386 2970 537 3047 expertus)
559 2965 599 3026 ad
623 2985 745 3025 erucem
762 2976 895 3026 etvetus
911 2966 1055 3051 eoni'ugit
1068 2964 1246 3040 remedium,
1266 2960 1346 3023 hae·-

278 3073 339 3134 que
356 3048 399 3110 ob
422 3050 562 3110 timorem
583 3051 737 3195 signatur,
772 3046 1011 3133 adjutoremque
1037 3050 1129 3127 facit,
1151 3068 1243 3191 quem
1270 3067 1346 3132 per·-

276 3132 471 3281 sequebatur.
514 3133 557 3194 ht
578 3154 611 3193 re
624 3136 697 3214 iqua
719 3132 911 3195 terribiliora
933 3137 1023 3195 etiam
1045 3152 1156 3219 praesa
1171 3133 1218 3193 uit
1238 3132 1263 3193 si
1307 3150 1344 3191 a·

277 3242 316 3281 cu
330 3241 382 3279 um
394 3263 404 3297 ,
438 3230 624 3317 superantur
659 3216 841 3296 daemones,
873 3217 1039 3281 solvuntur
1067 3220 1202 3281 timores.
1254 3215 1343 3293 Quid

277 3302 371 3367 tndei
403 3315 536 3387 respirat
570 3300 707 3380 maium,
735 3305 889 3366 animatur
919 3322 1046 3383 rursus,
1077 3304 1190 3364 iterum
1209 3301 1343 3383 impetus

161 3466 174 3475 -
277 3402 309 3453 et
327 3391 453 3451 timores
475 3388 616 3471 priores,
637 3386 805 3471 denuoque
816 3386 1023 3473 signaculum,
1045 3400 1077 3451 et
1101 3394 1343 3469 compescuntur

277 3474 449 3537 daemones.
491 3472 528 3532 In
552 3469 649 3535 dubio
669 3472 766 3615 igqtur
782 3486 909 3552 mystes,
930 3475 1017 3556 juxta
1042 3493 1118 3534 vero
1135 3481 1344 3553 mystagogus,

278 3577 432 3645 exponens
464 3558 644 3635 veritatem,
674 3578 691 3617 a
715 3557 919 3634 ominationi,
951 3558 1112 3639 inquiens,
1135 3556 1195 3617 ilhs
1218 3552 1344 3626 suimus,

278 3654 310 3703 et
331 3660 525 3723 nequaquam
540 3642 655 3703 umori.
698 3638 821 3717 Vincit,
843 3640 931 3723 quod
950 3640 1083 3701 deterius
1097 3652 1152 3701 est.
1194 3638 1276 3699 Haec
1293 3634 1346 3695 di-

276 3729 341 3803 xit,
362 3723 452 3787 simul
472 3738 503 3787 et
523 3727 688 3810 persuasita
708 3723 979 3809 persuadeatque,
1000 3725 1188 3811 discipulum
1210 3722 1250 3785 ad
1271 3740 1349 3807 per*-

280 3810 409 3872 ditionis
429 3810 557 3871 deduxit
585 3808 777 3871 barathrum.

126 3896 162 3940 Μ
178 3908 268 3939 ⁰¹³0¹³
322 3908 351 3963 6.
374 3892 646 3957 HIERONYMUS
663 3894 701 3955 ad
714 3891 866 3970 Eustoeh,
878 3890 917 3953 de
930 3904 1006 3955 eust.
1026 3893 1162 3976 virginit.
1179 3892 1268 3975 epist.
1280 3902 1348 3957 22:

103 3954 271 4051 iiiiitme'ii’·
283 3978 332 4041 td
341 4001 461 4040 omnem
471 3993 583 4040 actum.
591 3979 630 4039 ad
640 3992 759 4051 omnem
767 3980 918 4047 incessum
927 3997 1033 4043 manus
1041 3980 1148 4062 pingat
1162 3996 1294 4036 erucem.

119 4060 130 4086 ‘
365 4079 394 4138 7.
419 4065 525 4125 IDEM
547 4064 587 4123 ad
608 4062 731 4123 Fabiol.
745 4060 783 4124 de
796 4076 870 4125 rest
883 4061 1009 4125 Sacerd.
1026 4064 1116 4147 epist.
1139 4072 1227 4129 tw:
1250 4056 1351 4133 Quod

104 4152 176 4227 ἔξω·
194 4150 358 4215 malim
382 4151 415 4210 iu
447 4148 557 4209 lamina
586 4146 836 4225 monstrabatur,
866 4149 898 4207 in
925 4149 1013 4233 signo
1030 4142 1204 4206 ostenditur
1231 4142 1350 4203 Crucis.

106 4204 372 4357 {kgqffisiit'suuo
394 4236 530 4317 signum,
551 4233 639 4313 juxta
654 4230 825 4295 Ezechielis
836 4250 965 4311 rocem,
987 4228 1177 4316 gementibus
1196 4224 1352 4313 figebatur
