<?xml version="1.0" encoding="UTF-8"?>
<!DOCTYPE html PUBLIC "-//W3C//DTD XHTML 1.0 Transitional//EN"
    "http://www.w3.org/TR/xhtml1/DTD/xhtml1-transitional.dtd">
<html xmlns="http://www.w3.org/1999/xhtml" xml:lang="en" lang="en">
 <head>
  <title>
</title>
<meta http-equiv="Content-Type" content="text/html;charset=utf-8" />
  <meta name='ocr-system' content='tesseract 3.04.00' />
  <meta name='ocr-capabilities' content='ocr_page ocr_carea ocr_par ocr_line ocrx_word'/>
</head>
<body>
  <div class='ocr_page' id='page_1' title='image "./summadoctrinaec00kanigoog_0023.png"; bbox 0 0 2768 4762; ppageno 0'>
   <div class='ocr_carea' id='block_1_1' title="bbox 111 384 1021 480">
    <p class='ocr_par' dir='ltr' id='par_1_1' title="bbox 111 384 1021 480">
     <span class='ocr_line' id='line_1_1' title="bbox 111 384 1021 480; baseline -0.011 -22"><span class='ocrx_word' id='word_1_1' title='bbox 111 392 242 460; x_wconf 80' lang='lat' dir='ltr'><strong><em>XVIII</em></strong></span> <span class='ocrx_word' id='word_1_2' title='bbox 436 391 681 480; x_wconf 61' lang='lat' dir='ltr'><strong><em>Annonam</em></strong></span> <span class='ocrx_word' id='word_1_3' title='bbox 704 387 762 451; x_wconf 76' lang='lat' dir='ltr'><strong><em>Aa</em></strong></span> <span class='ocrx_word' id='word_1_4' title='bbox 784 384 1021 452; x_wconf 69' lang='lat' dir='ltr'><strong><em>becconem.</em></strong></span> 
     </span>
    </p>
   </div>
   <div class='ocr_carea' id='block_1_2' title="bbox 84 567 1365 4407">
    <p class='ocr_par' dir='ltr' id='par_1_2' title="bbox 84 567 1365 4407">
     <span class='ocr_line' id='line_1_2' title="bbox 107 567 1365 660; baseline 0.002 -15"><span class='ocrx_word' id='word_1_5' title='bbox 107 579 208 657; x_wconf 84' lang='lat' dir='ltr'><strong><em>recti,</em></strong></span> <span class='ocrx_word' id='word_1_6' title='bbox 230 572 393 640; x_wconf 89' lang='lat' dir='ltr'><strong><em>distinctis</em></strong></span> <span class='ocrx_word' id='word_1_7' title='bbox 413 574 499 638; x_wconf 87' lang='lat' dir='ltr'><strong><em>locis</em></strong></span> <span class='ocrx_word' id='word_1_8' title='bbox 521 579 553 636; x_wconf 88' lang='lat' dir='ltr'><strong><em>et</em></strong></span> <span class='ocrx_word' id='word_1_9' title='bbox 576 570 782 652; x_wconf 74' lang='lat' dir='ltr'><strong><em>temporibus</em></strong></span> <span class='ocrx_word' id='word_1_10' title='bbox 808 570 890 635; x_wconf 86' lang='lat' dir='ltr'><strong><em>editi</em></strong></span> <span class='ocrx_word' id='word_1_11' title='bbox 903 567 1077 658; x_wconf 81' lang='lat' dir='ltr'><strong><em>fuere,·in</em></strong></span> <span class='ocrx_word' id='word_1_12' title='bbox 1103 577 1225 660; x_wconf 85' lang='lat' dir='ltr'><strong><em>quibus</em></strong></span> <span class='ocrx_word' id='word_1_13' title='bbox 1243 584 1365 650; x_wconf 81' lang='lat' dir='ltr'><strong><em>editio-</em></strong></span> 
     </span>
     <span class='ocr_line' id='line_1_3' title="bbox 109 681 1362 777; baseline -0.003 -26"><span class='ocrx_word' id='word_1_14' title='bbox 109 690 209 751; x_wconf 87' lang='lat' dir='ltr'><strong><em>nibus</em></strong></span> <span class='ocrx_word' id='word_1_15' title='bbox 232 701 491 766; x_wconf 77' lang='lat' dir='ltr'><strong><em>saepenumero,</em></strong></span> <span class='ocrx_word' id='word_1_16' title='bbox 514 681 711 759; x_wconf 89' lang='lat' dir='ltr'><strong><em>praesertim</em></strong></span> <span class='ocrx_word' id='word_1_17' title='bbox 735 681 822 762; x_wconf 80' lang='lat' dir='ltr'><strong><em>quod</em></strong></span> <span class='ocrx_word' id='word_1_18' title='bbox 836 683 881 741; x_wconf 87' lang='lat' dir='ltr'><strong><em>ad</em></strong></span> <span class='ocrx_word' id='word_1_19' title='bbox 904 702 1062 745; x_wconf 86' lang='lat' dir='ltr'><strong><em>numeros</em></strong></span> <span class='ocrx_word' id='word_1_20' title='bbox 1082 687 1230 763; x_wconf 85' lang='lat' dir='ltr'><strong><em>capitum</em></strong></span> <span class='ocrx_word' id='word_1_21' title='bbox 1251 694 1362 777; x_wconf 82' lang='lat' dir='ltr'><strong><em>assig.</em></strong></span> 
     </span>
     <span class='ocr_line' id='line_1_4' title="bbox 109 788 1362 879; baseline -0.002 -22"><span class='ocrx_word' id='word_1_22' title='bbox 109 796 237 857; x_wconf 87' lang='lat' dir='ltr'><strong><em>nandos</em></strong></span> <span class='ocrx_word' id='word_1_23' title='bbox 258 791 392 866; x_wconf 79' lang='lat' dir='ltr'><strong><em>attinet,</em></strong></span> <span class='ocrx_word' id='word_1_24' title='bbox 418 790 566 870; x_wconf 87' lang='lat' dir='ltr'><strong><em>reperire</em></strong></span> <span class='ocrx_word' id='word_1_25' title='bbox 586 796 635 850; x_wconf 91' lang='lat' dir='ltr'><strong><em>est</em></strong></span> <span class='ocrx_word' id='word_1_26' title='bbox 655 808 814 872; x_wconf 85' lang='lat' dir='ltr'><strong><em>magnam</em></strong></span> <span class='ocrx_word' id='word_1_27' title='bbox 835 788 1057 851; x_wconf 87' lang='lat' dir='ltr'><strong><em>varietatem.-</em></strong></span> <span class='ocrx_word' id='word_1_28' title='bbox 1076 791 1138 853; x_wconf 68' lang='lat' dir='ltr'><strong><em>:Ut</em></strong></span> <span class='ocrx_word' id='word_1_29' title='bbox 1156 793 1261 879; x_wconf 84' lang='lat' dir='ltr'><strong><em>igitur</em></strong></span> <span class='ocrx_word' id='word_1_30' title='bbox 1286 820 1362 862; x_wconf 86' lang='lat' dir='ltr'><strong><em>cer.</em></strong></span> 
     </span>
     <span class='ocr_line' id='line_1_5' title="bbox 109 884 1361 984; baseline -0.004 -18"><span class='ocrx_word' id='word_1_31' title='bbox 109 902 197 967; x_wconf 88' lang='lat' dir='ltr'><strong><em>tiara</em></strong></span> <span class='ocrx_word' id='word_1_32' title='bbox 215 907 330 964; x_wconf 86' lang='lat' dir='ltr'><strong><em>nostra</em></strong></span> <span class='ocrx_word' id='word_1_33' title='bbox 348 884 416 959; x_wconf 91' lang='lat' dir='ltr'><strong><em>sint</em></strong></span> <span class='ocrx_word' id='word_1_34' title='bbox 433 896 561 972; x_wconf 89' lang='lat' dir='ltr'><strong><em>omnia,</em></strong></span> <span class='ocrx_word' id='word_1_35' title='bbox 581 896 857 976; x_wconf 89' lang='lat' dir='ltr'><strong><em>operaepretium</em></strong></span> <span class='ocrx_word' id='word_1_36' title='bbox 881 896 945 957; x_wconf 89' lang='lat' dir='ltr'><strong><em>erit</em></strong></span> <span class='ocrx_word' id='word_1_37' title='bbox 966 897 1129 977; x_wconf 85' lang='lat' dir='ltr'><strong><em>indicare,</em></strong></span> <span class='ocrx_word' id='word_1_38' title='bbox 1152 922 1235 984; x_wconf 87' lang='lat' dir='ltr'><strong><em>quos</em></strong></span> <span class='ocrx_word' id='word_1_39' title='bbox 1253 905 1361 969; x_wconf 87' lang='lat' dir='ltr'><strong><em>inter.</em></strong></span> 
     </span>
     <span class='ocr_line' id='line_1_6' title="bbox 107 1002 1358 1091; baseline 0.003 -21"><span class='ocrx_word' id='word_1_40' title='bbox 107 1017 218 1091; x_wconf 87' lang='lat' dir='ltr'><strong><em>pretes</em></strong></span> <span class='ocrx_word' id='word_1_41' title='bbox 242 1005 466 1080; x_wconf 88' lang='lat' dir='ltr'><strong><em>Graecorum,</em></strong></span> <span class='ocrx_word' id='word_1_42' title='bbox 496 1023 642 1085; x_wconf 85' lang='lat' dir='ltr'><strong><em>quasque</em></strong></span> <span class='ocrx_word' id='word_1_43' title='bbox 663 1002 822 1064; x_wconf 77' lang='lat' dir='ltr'><strong><em>editiones</em></strong></span> <span class='ocrx_word' id='word_1_44' title='bbox 840 1004 1065 1089; x_wconf 66' lang='lat' dir='ltr'><strong><em>ladanum,</em></strong></span> <span class='ocrx_word' id='word_1_45' title='bbox 1087 1017 1158 1070; x_wconf 75' lang='lat' dir='ltr'><strong><em>&#39;aut</em></strong></span> <span class='ocrx_word' id='word_1_46' title='bbox 1180 1013 1358 1074; x_wconf 87' lang='lat' dir='ltr'><strong><em>eorrectio-</em></strong></span> 
     </span>
     <span class='ocr_line' id='line_1_7' title="bbox 108 1110 1358 1194; baseline 0.007 -18"><span class='ocrx_word' id='word_1_47' title='bbox 108 1134 168 1178; x_wconf 90' lang='lat' dir='ltr'><strong><em>nes</em></strong></span> <span class='ocrx_word' id='word_1_48' title='bbox 191 1120 427 1194; x_wconf 66' lang='lat' dir='ltr'><strong><em>utromque,</em></strong></span> <span class='ocrx_word' id='word_1_49' title='bbox 458 1111 560 1173; x_wconf 86' lang='lat' dir='ltr'><strong><em>secati</em></strong></span> <span class='ocrx_word' id='word_1_50' title='bbox 581 1110 702 1185; x_wconf 86' lang='lat' dir='ltr'><strong><em>simus,</em></strong></span> <span class='ocrx_word' id='word_1_51' title='bbox 724 1130 791 1171; x_wconf 90' lang='lat' dir='ltr'><strong><em>non</em></strong></span> <span class='ocrx_word' id='word_1_52' title='bbox 815 1111 949 1192; x_wconf 84' lang='lat' dir='ltr'><strong><em>quidem</em></strong></span> <span class='ocrx_word' id='word_1_53' title='bbox 978 1113 1013 1173; x_wconf 91' lang='lat' dir='ltr'><strong><em>in</em></strong></span> <span class='ocrx_word' id='word_1_54' title='bbox 1037 1115 1187 1178; x_wconf 86' lang='lat' dir='ltr'><strong><em>omnium</em></strong></span> <span class='ocrx_word' id='word_1_55' title='bbox 1209 1118 1358 1185; x_wconf 89' lang='lat' dir='ltr'><strong><em>Patrum</em></strong></span> 
     </span>
     <span class='ocr_line' id='line_1_8' title="bbox 107 1210 1358 1304; baseline 0.004 -20"><span class='ocrx_word' id='word_1_56' title='bbox 107 1220 223 1297; x_wconf 88' lang='lat' dir='ltr'><strong><em>libris,</em></strong></span> <span class='ocrx_word' id='word_1_57' title='bbox 254 1221 313 1281; x_wconf 88' lang='lat' dir='ltr'><strong><em>sed</em></strong></span> <span class='ocrx_word' id='word_1_58' title='bbox 339 1239 455 1281; x_wconf 85' lang='lat' dir='ltr'><strong><em>eorum</em></strong></span> <span class='ocrx_word' id='word_1_59' title='bbox 478 1226 631 1293; x_wconf 86' lang='lat' dir='ltr'><strong><em>tantum,</em></strong></span> <span class='ocrx_word' id='word_1_60' title='bbox 662 1236 805 1298; x_wconf 81' lang='lat' dir='ltr'><strong><em>quorum</em></strong></span> <span class='ocrx_word' id='word_1_61' title='bbox 827 1210 1026 1282; x_wconf 85' lang='lat' dir='ltr'><strong><em>mentionem</em></strong></span> <span class='ocrx_word' id='word_1_62' title='bbox 1038 1217 1172 1304; x_wconf 73' lang='lat' dir='ltr'><strong><em>facere,</em></strong></span> <span class='ocrx_word' id='word_1_63' title='bbox 1205 1246 1358 1289; x_wconf 89' lang='lat' dir='ltr'><strong><em>necessa-</em></strong></span> 
     </span>
     <span class='ocr_line' id='line_1_9' title="bbox 107 1323 1357 1415; baseline 0.005 -25"><span class='ocrx_word' id='word_1_64' title='bbox 107 1330 198 1391; x_wconf 89' lang='lat' dir='ltr'><strong><em>rium</em></strong></span> <span class='ocrx_word' id='word_1_65' title='bbox 219 1326 453 1389; x_wconf 53' lang='lat' dir='ltr'><strong><em>arbitramur?</em></strong></span> <span class='ocrx_word' id='word_1_66' title='bbox 478 1345 520 1387; x_wconf 92' lang='lat' dir='ltr'><strong><em>ne</em></strong></span> <span class='ocrx_word' id='word_1_67' title='bbox 550 1323 624 1405; x_wconf 88' lang='lat' dir='ltr'><strong><em>quis</em></strong></span> <span class='ocrx_word' id='word_1_68' title='bbox 657 1324 848 1398; x_wconf 81' lang='lat' dir='ltr'><strong><em>arbitretur,</em></strong></span> <span class='ocrx_word' id='word_1_69' title='bbox 880 1344 939 1386; x_wconf 90' lang='lat' dir='ltr'><strong><em>nos</em></strong></span> <span class='ocrx_word' id='word_1_70' title='bbox 972 1330 1062 1389; x_wconf 87' lang='lat' dir='ltr'><strong><em>mala</em></strong></span> <span class='ocrx_word' id='word_1_71' title='bbox 1082 1329 1159 1414; x_wconf 85' lang='lat' dir='ltr'><strong><em>fide</em></strong></span> <span class='ocrx_word' id='word_1_72' title='bbox 1179 1333 1302 1415; x_wconf 85' lang='lat' dir='ltr'><strong><em>egisse,</em></strong></span> <span class='ocrx_word' id='word_1_73' title='bbox 1325 1336 1357 1397; x_wconf 84' lang='lat' dir='ltr'><strong><em>si</em></strong></span> 
     </span>
     <span class='ocr_line' id='line_1_10' title="bbox 109 1410 1357 1516; baseline 0.003 -16"><span class='ocrx_word' id='word_1_74' title='bbox 109 1410 187 1499; x_wconf 77' lang='lat' dir='ltr'><strong><em>cum</em></strong></span> <span class='ocrx_word' id='word_1_75' title='bbox 216 1435 286 1498; x_wconf 91' lang='lat' dir='ltr'><strong><em>suis</em></strong></span> <span class='ocrx_word' id='word_1_76' title='bbox 315 1434 481 1495; x_wconf 87' lang='lat' dir='ltr'><strong><em>codicibus</em></strong></span> <span class='ocrx_word' id='word_1_77' title='bbox 508 1433 588 1494; x_wconf 84' lang='lat' dir='ltr'><strong><em>haec</em></strong></span> <span class='ocrx_word' id='word_1_78' title='bbox 613 1426 704 1513; x_wconf 76' lang='lat' dir='ltr'><strong><em>sorte</em></strong></span> <span class='ocrx_word' id='word_1_79' title='bbox 725 1426 914 1493; x_wconf 79' lang='lat' dir='ltr'><strong><em>testimonia</em></strong></span> <span class='ocrx_word' id='word_1_80' title='bbox 937 1454 1002 1496; x_wconf 89' lang='lat' dir='ltr'><strong><em>non</em></strong></span> <span class='ocrx_word' id='word_1_81' title='bbox 1022 1455 1082 1516; x_wconf 89' lang='lat' dir='ltr'><strong><em>per</em></strong></span> <span class='ocrx_word' id='word_1_82' title='bbox 1103 1440 1216 1500; x_wconf 91' lang='lat' dir='ltr'><strong><em>amnia</em></strong></span> <span class='ocrx_word' id='word_1_83' title='bbox 1237 1460 1357 1504; x_wconf 88' lang='lat' dir='ltr'><strong><em>conve·</em></strong></span> 
     </span>
     <span class='ocr_line' id='line_1_11' title="bbox 106 1538 1357 1627; baseline 0.003 -21"><span class='ocrx_word' id='word_1_84' title='bbox 106 1543 219 1615; x_wconf 90' lang='lat' dir='ltr'><strong><em>niant,</em></strong></span> <span class='ocrx_word' id='word_1_85' title='bbox 243 1548 303 1603; x_wconf 90' lang='lat' dir='ltr'><strong><em>aut</em></strong></span> <span class='ocrx_word' id='word_1_86' title='bbox 325 1540 434 1619; x_wconf 87' lang='lat' dir='ltr'><strong><em>capita</em></strong></span> <span class='ocrx_word' id='word_1_87' title='bbox 455 1539 617 1620; x_wconf 83' lang='lat' dir='ltr'><strong><em>capitibus</em></strong></span> <span class='ocrx_word' id='word_1_88' title='bbox 639 1539 749 1600; x_wconf 86' lang='lat' dir='ltr'><strong><em>minus</em></strong></span> <span class='ocrx_word' id='word_1_89' title='bbox 769 1538 1001 1620; x_wconf 79' lang='lat' dir='ltr'><strong><em>respondeant.</em></strong></span> <span class='ocrx_word' id='word_1_90' title='bbox 1025 1543 1136 1627; x_wconf 79' lang='lat' dir='ltr'><strong><em>Igitur</em></strong></span> <span class='ocrx_word' id='word_1_91' title='bbox 1152 1553 1191 1608; x_wconf 90' lang='lat' dir='ltr'><strong><em>ut</em></strong></span> <span class='ocrx_word' id='word_1_92' title='bbox 1204 1566 1224 1607; x_wconf 92' lang='lat' dir='ltr'><strong><em>a</em></strong></span> <span class='ocrx_word' id='word_1_93' title='bbox 1244 1545 1357 1611; x_wconf 84' lang='lat' dir='ltr'><strong><em>Grae-</em></strong></span> 
     </span>
     <span class='ocr_line' id='line_1_12' title="bbox 107 1645 1357 1723; baseline 0.002 -9"><span class='ocrx_word' id='word_1_94' title='bbox 107 1651 154 1714; x_wconf 89' lang='lat' dir='ltr'><strong><em>cis</em></strong></span> <span class='ocrx_word' id='word_1_95' title='bbox 173 1651 346 1713; x_wconf 85' lang='lat' dir='ltr'><strong><em>sumamus</em></strong></span> <span class='ocrx_word' id='word_1_96' title='bbox 366 1647 517 1723; x_wconf 88' lang='lat' dir='ltr'><strong><em>initium,</em></strong></span> <span class='ocrx_word' id='word_1_97' title='bbox 550 1645 653 1707; x_wconf 86' lang='lat' dir='ltr'><strong><em>secuti</em></strong></span> <span class='ocrx_word' id='word_1_98' title='bbox 679 1664 796 1706; x_wconf 86' lang='lat' dir='ltr'><strong><em>samus</em></strong></span> <span class='ocrx_word' id='word_1_99' title='bbox 821 1649 1072 1714; x_wconf 78' lang='lat' dir='ltr'><strong><em>translationem</em></strong></span> <span class='ocrx_word' id='word_1_100' title='bbox 1097 1654 1263 1716; x_wconf 87' lang='lat' dir='ltr'><strong><em>Ambrosii</em></strong></span> <span class='ocrx_word' id='word_1_101' title='bbox 1290 1657 1357 1719; x_wconf 86' lang='lat' dir='ltr'><strong><em>Ca·</em></strong></span> 
     </span>
     <span class='ocr_line' id='line_1_13' title="bbox 107 1750 1354 1843; baseline 0.005 -23"><span class='ocrx_word' id='word_1_102' title='bbox 107 1756 323 1821; x_wconf 89' lang='lat' dir='ltr'><strong><em>moldulensis</em></strong></span> <span class='ocrx_word' id='word_1_103' title='bbox 352 1754 388 1816; x_wconf 92' lang='lat' dir='ltr'><strong><em>in</em></strong></span> <span class='ocrx_word' id='word_1_104' title='bbox 406 1752 569 1830; x_wconf 78' lang='lat' dir='ltr'><strong><em>Dionysio</em></strong></span> <span class='ocrx_word' id='word_1_105' title='bbox 594 1750 815 1834; x_wconf 81' lang='lat' dir='ltr'><strong><em>Areopagita‚</em></strong></span> <span class='ocrx_word' id='word_1_106' title='bbox 849 1762 995 1819; x_wconf 87' lang='lat' dir='ltr'><strong><em>veterem</em></strong></span> <span class='ocrx_word' id='word_1_107' title='bbox 1015 1758 1051 1819; x_wconf 92' lang='lat' dir='ltr'><strong><em>in</em></strong></span> <span class='ocrx_word' id='word_1_108' title='bbox 1072 1756 1229 1843; x_wconf 84' lang='lat' dir='ltr'><strong><em>&#39;Ignotio,</em></strong></span> <span class='ocrx_word' id='word_1_109' title='bbox 1253 1760 1354 1826; x_wconf 84' lang='lat' dir='ltr'><strong><em>Gele-</em></strong></span> 
     </span>
     <span class='ocr_line' id='line_1_14' title="bbox 105 1856 1356 1942; baseline 0.006 -16"><span class='ocrx_word' id='word_1_110' title='bbox 105 1863 155 1926; x_wconf 91' lang='lat' dir='ltr'><strong><em>nii</em></strong></span> <span class='ocrx_word' id='word_1_111' title='bbox 173 1863 210 1925; x_wconf 88' lang='lat' dir='ltr'><strong><em>in</em></strong></span> <span class='ocrx_word' id='word_1_112' title='bbox 233 1862 394 1942; x_wconf 81' lang='lat' dir='ltr'><strong><em>losepho:</em></strong></span> <span class='ocrx_word' id='word_1_113' title='bbox 416 1877 618 1939; x_wconf 83' lang='lat' dir='ltr'><strong><em>quamquam</em></strong></span> <span class='ocrx_word' id='word_1_114' title='bbox 643 1856 678 1918; x_wconf 90' lang='lat' dir='ltr'><strong><em>in</em></strong></span> <span class='ocrx_word' id='word_1_115' title='bbox 702 1859 794 1921; x_wconf 90' lang='lat' dir='ltr'><strong><em>libris</em></strong></span> <span class='ocrx_word' id='word_1_116' title='bbox 816 1861 1052 1940; x_wconf 85' lang='lat' dir='ltr'><strong><em>antiquitatum</em></strong></span> <span class='ocrx_word' id='word_1_117' title='bbox 1067 1867 1273 1930; x_wconf 82' lang='lat' dir='ltr'><strong><em>retineamus</em></strong></span> <span class='ocrx_word' id='word_1_118' title='bbox 1289 1890 1356 1934; x_wconf 88' lang='lat' dir='ltr'><strong><em>nu·</em></strong></span> 
     </span>
     <span class='ocr_line' id='line_1_15' title="bbox 104 1964 1354 2050; baseline 0.007 -18"><span class='ocrx_word' id='word_1_119' title='bbox 104 1989 216 2034; x_wconf 88' lang='lat' dir='ltr'><strong><em>meros</em></strong></span> <span class='ocrx_word' id='word_1_120' title='bbox 237 1968 401 2050; x_wconf 90' lang='lat' dir='ltr'><strong><em>capitum,</em></strong></span> <span class='ocrx_word' id='word_1_121' title='bbox 420 1966 478 2045; x_wconf 89' lang='lat' dir='ltr'><strong><em>qui</em></strong></span> <span class='ocrx_word' id='word_1_122' title='bbox 502 1965 537 2026; x_wconf 92' lang='lat' dir='ltr'><strong><em>in</em></strong></span> <span class='ocrx_word' id='word_1_123' title='bbox 561 1964 706 2026; x_wconf 79' lang='lat' dir='ltr'><strong><em>editione</em></strong></span> <span class='ocrx_word' id='word_1_124' title='bbox 727 1967 832 2028; x_wconf 85' lang='lat' dir='ltr'><strong><em>veteri</em></strong></span> <span class='ocrx_word' id='word_1_125' title='bbox 858 1967 1082 2044; x_wconf 76' lang='lat' dir='ltr'><strong><em>habebantur,</em></strong></span> <span class='ocrx_word' id='word_1_126' title='bbox 1104 1980 1137 2031; x_wconf 89' lang='lat' dir='ltr'><strong><em>et</em></strong></span> <span class='ocrx_word' id='word_1_127' title='bbox 1156 1973 1191 2034; x_wconf 91' lang='lat' dir='ltr'><strong><em>in</em></strong></span> <span class='ocrx_word' id='word_1_128' title='bbox 1221 1975 1354 2042; x_wconf 85' lang='lat' dir='ltr'><strong><em>Gelenii</em></strong></span> 
     </span>
     <span class='ocr_line' id='line_1_16' title="bbox 105 2072 1354 2163; baseline 0.005 -23"><span class='ocrx_word' id='word_1_129' title='bbox 105 2076 324 2141; x_wconf 85' lang='lat' dir='ltr'><strong><em>translatione</em></strong></span> <span class='ocrx_word' id='word_1_130' title='bbox 348 2077 393 2135; x_wconf 89' lang='lat' dir='ltr'><strong><em>ad</em></strong></span> <span class='ocrx_word' id='word_1_131' title='bbox 414 2072 599 2156; x_wconf 81' lang='lat' dir='ltr'><strong><em>marginem</em></strong></span> <span class='ocrx_word' id='word_1_132' title='bbox 620 2073 778 2154; x_wconf 79' lang='lat' dir='ltr'><strong><em>adscripti</em></strong></span> <span class='ocrx_word' id='word_1_133' title='bbox 802 2083 890 2136; x_wconf 87' lang='lat' dir='ltr'><strong><em>sunt.</em></strong></span> <span class='ocrx_word' id='word_1_134' title='bbox 933 2075 976 2134; x_wconf 88' lang='lat' dir='ltr'><strong><em>In</em></strong></span> <span class='ocrx_word' id='word_1_135' title='bbox 999 2075 1128 2137; x_wconf 84' lang='lat' dir='ltr'><strong><em>lustina</em></strong></span> <span class='ocrx_word' id='word_1_136' title='bbox 1150 2080 1354 2163; x_wconf 83' lang='lat' dir='ltr'><strong><em>Philosopha</em></strong></span> 
     </span>
     <span class='ocr_line' id='line_1_17' title="bbox 103 2178 1353 2269; baseline 0.003 -21"><span class='ocrx_word' id='word_1_137' title='bbox 103 2193 137 2248; x_wconf 87' lang='lat' dir='ltr'><strong><em>et</em></strong></span> <span class='ocrx_word' id='word_1_138' title='bbox 152 2184 310 2262; x_wconf 77' lang='lat' dir='ltr'><strong><em>Martyre</em></strong></span> <span class='ocrx_word' id='word_1_139' title='bbox 331 2178 540 2256; x_wconf 75' lang='lat' dir='ltr'><strong><em>Panionium,</em></strong></span> <span class='ocrx_word' id='word_1_140' title='bbox 563 2179 597 2239; x_wconf 93' lang='lat' dir='ltr'><strong><em>in</em></strong></span> <span class='ocrx_word' id='word_1_141' title='bbox 620 2179 756 2242; x_wconf 85' lang='lat' dir='ltr'><strong><em>historia</em></strong></span> <span class='ocrx_word' id='word_1_142' title='bbox 769 2180 999 2243; x_wconf 83' lang='lat' dir='ltr'><strong><em>Ecclesiastico</em></strong></span> <span class='ocrx_word' id='word_1_143' title='bbox 1012 2181 1171 2261; x_wconf 84' lang='lat' dir='ltr'><strong><em>Eusebii,</em></strong></span> <span class='ocrx_word' id='word_1_144' title='bbox 1195 2187 1353 2269; x_wconf 78' lang='lat' dir='ltr'><strong><em>Socratis,</em></strong></span> 
     </span>
     <span class='ocr_line' id='line_1_18' title="bbox 104 2285 1346 2376; baseline 0.003 -21"><span class='ocrx_word' id='word_1_145' title='bbox 104 2288 293 2365; x_wconf 80' lang='lat' dir='ltr'><strong><em>Sozomeni,</em></strong></span> <span class='ocrx_word' id='word_1_146' title='bbox 320 2287 513 2350; x_wconf 84' lang='lat' dir='ltr'><strong><em>Theodoreti</em></strong></span> <span class='ocrx_word' id='word_1_147' title='bbox 530 2294 562 2347; x_wconf 90' lang='lat' dir='ltr'><strong><em>et</em></strong></span> <span class='ocrx_word' id='word_1_148' title='bbox 585 2285 742 2370; x_wconf 80' lang='lat' dir='ltr'><strong><em>Evagrii,</em></strong></span> <span class='ocrx_word' id='word_1_149' title='bbox 765 2308 824 2350; x_wconf 91' lang='lat' dir='ltr'><strong><em>nec</em></strong></span> <span class='ocrx_word' id='word_1_150' title='bbox 844 2285 1040 2372; x_wconf 79' lang='lat' dir='ltr'><strong><em>Raffinum,</em></strong></span> <span class='ocrx_word' id='word_1_151' title='bbox 1063 2310 1123 2352; x_wconf 92' lang='lat' dir='ltr'><strong><em>nec</em></strong></span> <span class='ocrx_word' id='word_1_152' title='bbox 1135 2293 1346 2376; x_wconf 75' lang='lat' dir='ltr'><strong><em>Musonium,</em></strong></span> 
     </span>
     <span class='ocr_line' id='line_1_19' title="bbox 101 2391 1346 2481; baseline 0.004 -20"><span class='ocrx_word' id='word_1_153' title='bbox 101 2400 161 2462; x_wconf 90' lang='lat' dir='ltr'><strong><em>sed</em></strong></span> <span class='ocrx_word' id='word_1_154' title='bbox 171 2397 334 2459; x_wconf 79' lang='lat' dir='ltr'><strong><em>loannem</em></strong></span> <span class='ocrx_word' id='word_1_155' title='bbox 354 2391 687 2475; x_wconf 74' lang='lat' dir='ltr'><strong><em>christophorsonum</em></strong></span> <span class='ocrx_word' id='word_1_156' title='bbox 698 2397 862 2478; x_wconf 82' lang='lat' dir='ltr'><strong><em>Anglum,</em></strong></span> <span class='ocrx_word' id='word_1_157' title='bbox 889 2397 1126 2459; x_wconf 76' lang='lat' dir='ltr'><strong><em>cicestrensem</em></strong></span> <span class='ocrx_word' id='word_1_158' title='bbox 1140 2398 1346 2481; x_wconf 84' lang='lat' dir='ltr'><strong><em>Episcopum</em></strong></span> 
     </span>
     <span class='ocr_line' id='line_1_20' title="bbox 102 2501 1351 2590; baseline 0.004 -23"><span class='ocrx_word' id='word_1_159' title='bbox 102 2504 179 2588; x_wconf 88' lang='lat' dir='ltr'><strong><em>(nec</em></strong></span> <span class='ocrx_word' id='word_1_160' title='bbox 204 2503 242 2566; x_wconf 83' lang='lat' dir='ltr'><strong><em>id</em></strong></span> <span class='ocrx_word' id='word_1_161' title='bbox 273 2502 405 2583; x_wconf 81' lang='lat' dir='ltr'><strong><em>quidem</em></strong></span> <span class='ocrx_word' id='word_1_162' title='bbox 431 2502 503 2565; x_wconf 90' lang='lat' dir='ltr'><strong><em>sine</em></strong></span> <span class='ocrx_word' id='word_1_163' title='bbox 528 2501 643 2582; x_wconf 89' lang='lat' dir='ltr'><strong><em>causa)</em></strong></span> <span class='ocrx_word' id='word_1_164' title='bbox 675 2503 889 2583; x_wconf 88' lang='lat' dir='ltr'><strong><em>interpretem</em></strong></span> <span class='ocrx_word' id='word_1_165' title='bbox 915 2505 1108 2581; x_wconf 81' lang='lat' dir='ltr'><strong><em>sequimur:</em></strong></span> <span class='ocrx_word' id='word_1_166' title='bbox 1142 2528 1181 2569; x_wconf 89' lang='lat' dir='ltr'><strong><em>ac</em></strong></span> <span class='ocrx_word' id='word_1_167' title='bbox 1207 2511 1351 2590; x_wconf 83' lang='lat' dir='ltr'><strong><em>proinde</em></strong></span> 
     </span>
     <span class='ocr_line' id='line_1_21' title="bbox 102 2609 1346 2695; baseline 0.002 -20"><span class='ocrx_word' id='word_1_168' title='bbox 102 2610 222 2675; x_wconf 91' lang='lat' dir='ltr'><strong><em>mirari</em></strong></span> <span class='ocrx_word' id='word_1_169' title='bbox 240 2630 306 2674; x_wconf 91' lang='lat' dir='ltr'><strong><em>non</em></strong></span> <span class='ocrx_word' id='word_1_170' title='bbox 330 2610 446 2686; x_wconf 88' lang='lat' dir='ltr'><strong><em>debes,</em></strong></span> <span class='ocrx_word' id='word_1_171' title='bbox 468 2609 498 2669; x_wconf 91' lang='lat' dir='ltr'><strong><em>si</em></strong></span> <span class='ocrx_word' id='word_1_172' title='bbox 509 2609 654 2688; x_wconf 88' lang='lat' dir='ltr'><strong><em>capitum</em></strong></span> <span class='ocrx_word' id='word_1_173' title='bbox 674 2627 843 2685; x_wconf 87' lang='lat' dir='ltr'><strong><em>numerus,</em></strong></span> <span class='ocrx_word' id='word_1_174' title='bbox 868 2609 926 2688; x_wconf 83' lang='lat' dir='ltr'><strong><em>qui</em></strong></span> <span class='ocrx_word' id='word_1_175' title='bbox 946 2610 981 2672; x_wconf 90' lang='lat' dir='ltr'><strong><em>in</em></strong></span> <span class='ocrx_word' id='word_1_176' title='bbox 1002 2612 1062 2674; x_wconf 91' lang='lat' dir='ltr'><strong><em>hoc</em></strong></span> <span class='ocrx_word' id='word_1_177' title='bbox 1081 2630 1179 2691; x_wconf 86' lang='lat' dir='ltr'><strong><em>opere</em></strong></span> <span class='ocrx_word' id='word_1_178' title='bbox 1198 2625 1346 2695; x_wconf 87' lang='lat' dir='ltr'><strong><em>notatur,</em></strong></span> 
     </span>
     <span class='ocr_line' id='line_1_22' title="bbox 101 2716 1347 2787; baseline 0.005 -6"><span class='ocrx_word' id='word_1_179' title='bbox 101 2737 179 2781; x_wconf 88' lang='lat' dir='ltr'><strong><em>eum</em></strong></span> <span class='ocrx_word' id='word_1_180' title='bbox 200 2717 399 2780; x_wconf 85' lang='lat' dir='ltr'><strong><em>editionibus</em></strong></span> <span class='ocrx_word' id='word_1_181' title='bbox 431 2717 573 2778; x_wconf 88' lang='lat' dir='ltr'><strong><em>aliarum</em></strong></span> <span class='ocrx_word' id='word_1_182' title='bbox 604 2735 671 2777; x_wconf 88' lang='lat' dir='ltr'><strong><em>non</em></strong></span> <span class='ocrx_word' id='word_1_183' title='bbox 702 2716 884 2778; x_wconf 89' lang='lat' dir='ltr'><strong><em>conveniat.</em></strong></span> <span class='ocrx_word' id='word_1_184' title='bbox 944 2718 1095 2781; x_wconf 89' lang='lat' dir='ltr'><strong><em>Citamus</em></strong></span> <span class='ocrx_word' id='word_1_185' title='bbox 1125 2722 1347 2787; x_wconf 75' lang='lat' dir='ltr'><strong><em>Athanasium</em></strong></span> 
     </span>
     <span class='ocr_line' id='line_1_23' title="bbox 96 2820 1348 2907; baseline -0.002 -20"><span class='ocrx_word' id='word_1_186' title='bbox 96 2824 199 2907; x_wconf 72' lang='lat' dir='ltr'><strong><em>iuxta</em></strong></span> <span class='ocrx_word' id='word_1_187' title='bbox 225 2826 409 2888; x_wconf 87' lang='lat' dir='ltr'><strong><em>versionem</em></strong></span> <span class='ocrx_word' id='word_1_188' title='bbox 438 2821 598 2898; x_wconf 82' lang='lat' dir='ltr'><strong><em>Nannti,</em></strong></span> <span class='ocrx_word' id='word_1_189' title='bbox 617 2822 787 2885; x_wconf 65' lang='lat' dir='ltr'><strong><em>Basiliurn&#39;</em></strong></span> <span class='ocrx_word' id='word_1_190' title='bbox 796 2820 902 2907; x_wconf 82' lang='lat' dir='ltr'><strong><em>juxta</em></strong></span> <span class='ocrx_word' id='word_1_191' title='bbox 920 2826 1096 2889; x_wconf 89' lang='lat' dir='ltr'><strong><em>editionem</em></strong></span> <span class='ocrx_word' id='word_1_192' title='bbox 1116 2837 1149 2890; x_wconf 92' lang='lat' dir='ltr'><strong><em>et</em></strong></span> <span class='ocrx_word' id='word_1_193' title='bbox 1170 2830 1348 2894; x_wconf 86' lang='lat' dir='ltr'><strong><em>correctio.</em></strong></span> 
     </span>
     <span class='ocr_line' id='line_1_24' title="bbox 99 2927 1347 3011; baseline 0 -17"><span class='ocrx_word' id='word_1_194' title='bbox 99 2953 177 2995; x_wconf 89' lang='lat' dir='ltr'><strong><em>nem</em></strong></span> <span class='ocrx_word' id='word_1_195' title='bbox 205 2927 379 3010; x_wconf 71' lang='lat' dir='ltr'><strong><em>Godefridi</em></strong></span> <span class='ocrx_word' id='word_1_196' title='bbox 409 2930 575 2993; x_wconf 70' lang='lat' dir='ltr'><strong><em>litmanni</em></strong></span> <span class='ocrx_word' id='word_1_197' title='bbox 602 2929 850 2992; x_wconf 79' lang='lat' dir='ltr'><strong><em>Parisiensemr</em></strong></span> <span class='ocrx_word' id='word_1_198' title='bbox 882 2949 1085 3011; x_wconf 82' lang='lat' dir='ltr'><strong><em>quamquam</em></strong></span> <span class='ocrx_word' id='word_1_199' title='bbox 1105 2935 1258 2998; x_wconf 79' lang='lat' dir='ltr'><strong><em>Carnarii</em></strong></span> <span class='ocrx_word' id='word_1_200' title='bbox 1281 2956 1347 2999; x_wconf 82' lang='lat' dir='ltr'><strong><em>nu.</em></strong></span> 
     </span>
     <span class='ocr_line' id='line_1_25' title="bbox 98 3036 1346 3122; baseline -0.005 -20"><span class='ocrx_word' id='word_1_201' title='bbox 98 3058 208 3102; x_wconf 89' lang='lat' dir='ltr'><strong><em>meros</em></strong></span> <span class='ocrx_word' id='word_1_202' title='bbox 224 3038 260 3101; x_wconf 90' lang='lat' dir='ltr'><strong><em>in</em></strong></span> <span class='ocrx_word' id='word_1_203' title='bbox 285 3039 441 3101; x_wconf 88' lang='lat' dir='ltr'><strong><em>citatione</em></strong></span> <span class='ocrx_word' id='word_1_204' title='bbox 462 3037 608 3118; x_wconf 89' lang='lat' dir='ltr'><strong><em>capitum</em></strong></span> <span class='ocrx_word' id='word_1_205' title='bbox 634 3055 701 3099; x_wconf 92' lang='lat' dir='ltr'><strong><em>non</em></strong></span> <span class='ocrx_word' id='word_1_206' title='bbox 727 3054 805 3097; x_wconf 87' lang='lat' dir='ltr'><strong><em>rara</em></strong></span> <span class='ocrx_word' id='word_1_207' title='bbox 834 3036 935 3100; x_wconf 87' lang='lat' dir='ltr'><strong><em>etiam</em></strong></span> <span class='ocrx_word' id='word_1_208' title='bbox 966 3036 1229 3122; x_wconf 78' lang='lat' dir='ltr'><strong><em>adjunxerimus.</em></strong></span> <span class='ocrx_word' id='word_1_209' title='bbox 1273 3044 1346 3108; x_wconf 77' lang='lat' dir='ltr'><strong><em>Na.</em></strong></span> 
     </span>
     <span class='ocr_line' id='line_1_26' title="bbox 99 3130 1344 3217; baseline 0.008 -10"><span class='ocrx_word' id='word_1_210' title='bbox 99 3145 301 3209; x_wconf 85' lang='lat' dir='ltr'><strong><em>zianzenum</em></strong></span> <span class='ocrx_word' id='word_1_211' title='bbox 319 3164 364 3206; x_wconf 78' lang='lat' dir='ltr'><strong><em>ax</em></strong></span> <span class='ocrx_word' id='word_1_212' title='bbox 386 3143 530 3206; x_wconf 86' lang='lat' dir='ltr'><strong><em>editione</em></strong></span> <span class='ocrx_word' id='word_1_213' title='bbox 548 3142 674 3206; x_wconf 81' lang='lat' dir='ltr'><strong><em>veteri:</em></strong></span> <span class='ocrx_word' id='word_1_214' title='bbox 693 3130 779 3205; x_wconf 81' lang='lat' dir='ltr'><strong><em>nova</em></strong></span> <span class='ocrx_word' id='word_1_215' title='bbox 798 3144 894 3207; x_wconf 85' lang='lat' dir='ltr'><strong><em>enim&#39;</em></strong></span> <span class='ocrx_word' id='word_1_216' title='bbox 910 3143 1048 3207; x_wconf 82' lang='lat' dir='ltr'><strong><em>Abbatis</em></strong></span> <span class='ocrx_word' id='word_1_217' title='bbox 1068 3146 1160 3209; x_wconf 88' lang='lat' dir='ltr'><strong><em>Billii</em></strong></span> <span class='ocrx_word' id='word_1_218' title='bbox 1175 3150 1344 3217; x_wconf 84' lang='lat' dir='ltr'><strong><em>conversio</em></strong></span> 
     </span>
     <span class='ocr_line' id='line_1_27' title="bbox 96 3252 1344 3332; baseline 0.007 -19"><span class='ocrx_word' id='word_1_219' title='bbox 96 3254 247 3316; x_wconf 87' lang='lat' dir='ltr'><strong><em>nondum</em></strong></span> <span class='ocrx_word' id='word_1_220' title='bbox 273 3255 318 3314; x_wconf 92' lang='lat' dir='ltr'><strong><em>ad</em></strong></span> <span class='ocrx_word' id='word_1_221' title='bbox 340 3270 461 3314; x_wconf 87' lang='lat' dir='ltr'><strong><em>manas</em></strong></span> <span class='ocrx_word' id='word_1_222' title='bbox 484 3258 616 3312; x_wconf 88' lang='lat' dir='ltr'><strong><em>nostras</em></strong></span> <span class='ocrx_word' id='word_1_223' title='bbox 645 3260 859 3329; x_wconf 82' lang='lat' dir='ltr'><strong><em>pervenerat:</em></strong></span> <span class='ocrx_word' id='word_1_224' title='bbox 884 3252 1157 3332; x_wconf 76' lang='lat' dir='ltr'><strong><em>chrysostomum</em></strong></span> <span class='ocrx_word' id='word_1_225' title='bbox 1178 3263 1212 3318; x_wconf 92' lang='lat' dir='ltr'><strong><em>et</em></strong></span> <span class='ocrx_word' id='word_1_226' title='bbox 1239 3258 1344 3322; x_wconf 72' lang='lat' dir='ltr'><strong><em>theo·</em></strong></span> 
     </span>
     <span class='ocr_line' id='line_1_28' title="bbox 95 3355 1345 3439; baseline 0.005 -18"><span class='ocrx_word' id='word_1_227' title='bbox 95 3358 293 3439; x_wconf 77' lang='lat' dir='ltr'><strong><em>phyloctum</em></strong></span> <span class='ocrx_word' id='word_1_228' title='bbox 314 3378 359 3422; x_wconf 82' lang='lat' dir='ltr'><strong><em>ex</em></strong></span> <span class='ocrx_word' id='word_1_229' title='bbox 385 3357 586 3420; x_wconf 86' lang='lat' dir='ltr'><strong><em>correctione</em></strong></span> <span class='ocrx_word' id='word_1_230' title='bbox 615 3355 763 3438; x_wconf 86' lang='lat' dir='ltr'><strong><em>Philippi</em></strong></span> <span class='ocrx_word' id='word_1_231' title='bbox 786 3359 967 3437; x_wconf 89' lang='lat' dir='ltr'><strong><em>Montani,</em></strong></span> <span class='ocrx_word' id='word_1_232' title='bbox 992 3360 1226 3426; x_wconf 75' lang='lat' dir='ltr'><strong><em>oecumenium</em></strong></span> <span class='ocrx_word' id='word_1_233' title='bbox 1248 3366 1345 3427; x_wconf 85' lang='lat' dir='ltr'><strong><em>deni·</em></strong></span> 
     </span>
     <span class='ocr_line' id='line_1_29' title="bbox 95 3463 1342 3543; baseline 0.006 -16"><span class='ocrx_word' id='word_1_234' title='bbox 95 3482 180 3543; x_wconf 83' lang='lat' dir='ltr'><strong><em>que,</em></strong></span> <span class='ocrx_word' id='word_1_235' title='bbox 199 3473 300 3543; x_wconf 89' lang='lat' dir='ltr'><strong><em>prout</em></strong></span> <span class='ocrx_word' id='word_1_236' title='bbox 326 3465 355 3527; x_wconf 86' lang='lat' dir='ltr'><strong><em>is</em></strong></span> <span class='ocrx_word' id='word_1_237' title='bbox 380 3484 399 3527; x_wconf 92' lang='lat' dir='ltr'><strong><em>e</em></strong></span> <span class='ocrx_word' id='word_1_238' title='bbox 423 3464 551 3526; x_wconf 85' lang='lat' dir='ltr'><strong><em>Graeco</em></strong></span> <span class='ocrx_word' id='word_1_239' title='bbox 577 3463 613 3526; x_wconf 92' lang='lat' dir='ltr'><strong><em>in</em></strong></span> <span class='ocrx_word' id='word_1_240' title='bbox 642 3464 801 3543; x_wconf 83' lang='lat' dir='ltr'><strong><em>Latinum</em></strong></span> <span class='ocrx_word' id='word_1_241' title='bbox 830 3472 1017 3527; x_wconf 80' lang='lat' dir='ltr'><strong><em>conversus·</em></strong></span> <span class='ocrx_word' id='word_1_242' title='bbox 1030 3477 1080 3530; x_wconf 88' lang='lat' dir='ltr'><strong><em>est</em></strong></span> <span class='ocrx_word' id='word_1_243' title='bbox 1099 3469 1142 3530; x_wconf 91' lang='lat' dir='ltr'><strong><em>ab</em></strong></span> <span class='ocrx_word' id='word_1_244' title='bbox 1168 3470 1342 3534; x_wconf 71' lang='lat' dir='ltr'><strong><em>Heuterio·</em></strong></span> 
     </span>
     <span class='ocr_line' id='line_1_30' title="bbox 98 3570 1340 3658; baseline 0.005 -22"><span class='ocrx_word' id='word_1_245' title='bbox 98 3570 196 3658; x_wconf 77' lang='lat' dir='ltr'><strong><em>Quod</em></strong></span> <span class='ocrx_word' id='word_1_246' title='bbox 220 3574 265 3635; x_wconf 89' lang='lat' dir='ltr'><strong><em>ad</em></strong></span> <span class='ocrx_word' id='word_1_247' title='bbox 296 3570 433 3634; x_wconf 82' lang='lat' dir='ltr'><strong><em>Latinos</em></strong></span> <span class='ocrx_word' id='word_1_248' title='bbox 463 3579 604 3652; x_wconf 90' lang='lat' dir='ltr'><strong><em>spectat,</em></strong></span> <span class='ocrx_word' id='word_1_249' title='bbox 638 3572 865 3635; x_wconf 82' lang='lat' dir='ltr'><strong><em>Romanorum</em></strong></span> <span class='ocrx_word' id='word_1_250' title='bbox 893 3570 1091 3656; x_wconf 81' lang='lat' dir='ltr'><strong><em>Pontificum</em></strong></span> <span class='ocrx_word' id='word_1_251' title='bbox 1119 3575 1276 3655; x_wconf 77' lang='lat' dir='ltr'><strong><em>epistolas</em></strong></span> <span class='ocrx_word' id='word_1_252' title='bbox 1305 3586 1340 3642; x_wconf 90' lang='lat' dir='ltr'><strong><em>et</em></strong></span> 
     </span>
     <span class='ocr_line' id='line_1_31' title="bbox 96 3666 1343 3761; baseline 0.005 -20"><span class='ocrx_word' id='word_1_253' title='bbox 96 3677 322 3743; x_wconf 81' lang='lat' dir='ltr'><strong><em>conciliorum</em></strong></span> <span class='ocrx_word' id='word_1_254' title='bbox 342 3697 484 3741; x_wconf 89' lang='lat' dir='ltr'><strong><em>canones</em></strong></span> <span class='ocrx_word' id='word_1_255' title='bbox 502 3699 553 3761; x_wconf 73' lang='lat' dir='ltr'><strong><em>eso</em></strong></span> <span class='ocrx_word' id='word_1_256' title='bbox 572 3666 671 3742; x_wconf 88' lang='lat' dir='ltr'><strong><em>tomis</em></strong></span> <span class='ocrx_word' id='word_1_257' title='bbox 697 3679 920 3740; x_wconf 80' lang='lat' dir='ltr'><strong><em>Consiliorum</em></strong></span> <span class='ocrx_word' id='word_1_258' title='bbox 941 3681 1121 3741; x_wconf 87' lang='lat' dir='ltr'><strong><em>secundam</em></strong></span> <span class='ocrx_word' id='word_1_259' title='bbox 1136 3690 1343 3761; x_wconf 84' lang='lat' dir='ltr'><strong><em>postremam</em></strong></span> 
     </span>
     <span class='ocr_line' id='line_1_32' title="bbox 94 3783 1342 3870; baseline 0.004 -23"><span class='ocrx_word' id='word_1_260' title='bbox 94 3784 268 3847; x_wconf 84' lang='lat' dir='ltr'><strong><em>Laurentii</em></strong></span> <span class='ocrx_word' id='word_1_261' title='bbox 286 3784 376 3847; x_wconf 85' lang='lat' dir='ltr'><strong><em>Sarii</em></strong></span> <span class='ocrx_word' id='word_1_262' title='bbox 398 3785 576 3850; x_wconf 88' lang='lat' dir='ltr'><strong><em>editionem</em></strong></span> <span class='ocrx_word' id='word_1_263' title='bbox 597 3786 849 3870; x_wconf 85' lang='lat' dir='ltr'><strong><em>descripsimus:</em></strong></span> <span class='ocrx_word' id='word_1_264' title='bbox 872 3784 907 3846; x_wconf 90' lang='lat' dir='ltr'><strong><em>in</em></strong></span> <span class='ocrx_word' id='word_1_265' title='bbox 928 3783 1073 3865; x_wconf 89' lang='lat' dir='ltr'><strong><em>epistolis</em></strong></span> <span class='ocrx_word' id='word_1_266' title='bbox 1091 3793 1202 3849; x_wconf 90' lang='lat' dir='ltr'><strong><em>tamen</em></strong></span> <span class='ocrx_word' id='word_1_267' title='bbox 1221 3789 1342 3853; x_wconf 84' lang='lat' dir='ltr'><strong><em>Leonis</em></strong></span> 
     </span>
     <span class='ocr_line' id='line_1_33' title="bbox 92 3889 1341 3975; baseline 0.006 -22"><span class='ocrx_word' id='word_1_268' title='bbox 92 3891 218 3975; x_wconf 86' lang='lat' dir='ltr'><strong><em>Magni</em></strong></span> <span class='ocrx_word' id='word_1_269' title='bbox 236 3892 435 3957; x_wconf 86' lang='lat' dir='ltr'><strong><em>retinuimus</em></strong></span> <span class='ocrx_word' id='word_1_270' title='bbox 448 3914 526 3956; x_wconf 91' lang='lat' dir='ltr'><strong><em>eum</em></strong></span> <span class='ocrx_word' id='word_1_271' title='bbox 549 3912 743 3969; x_wconf 87' lang='lat' dir='ltr'><strong><em>numerum,</em></strong></span> <span class='ocrx_word' id='word_1_272' title='bbox 765 3892 824 3971; x_wconf 80' lang='lat' dir='ltr'><strong><em>oui</em></strong></span> <span class='ocrx_word' id='word_1_273' title='bbox 835 3899 885 3956; x_wconf 89' lang='lat' dir='ltr'><strong><em>est</em></strong></span> <span class='ocrx_word' id='word_1_274' title='bbox 902 3891 937 3952; x_wconf 90' lang='lat' dir='ltr'><strong><em>in</em></strong></span> <span class='ocrx_word' id='word_1_275' title='bbox 958 3889 1064 3969; x_wconf 82' lang='lat' dir='ltr'><strong><em>ipsius</em></strong></span> <span class='ocrx_word' id='word_1_276' title='bbox 1078 3895 1248 3970; x_wconf 89' lang='lat' dir='ltr'><strong><em>operibus,</em></strong></span> <span class='ocrx_word' id='word_1_277' title='bbox 1261 3914 1341 3960; x_wconf 88' lang='lat' dir='ltr'><strong><em>-non</em></strong></span> 
     </span>
     <span class='ocr_line' id='line_1_34' title="bbox 91 3992 1341 4080; baseline 0.006 -20"><span class='ocrx_word' id='word_1_278' title='bbox 91 4006 205 4062; x_wconf 89' lang='lat' dir='ltr'><strong><em>autem</em></strong></span> <span class='ocrx_word' id='word_1_279' title='bbox 222 4018 321 4078; x_wconf 88' lang='lat' dir='ltr'><strong><em>eum,</em></strong></span> <span class='ocrx_word' id='word_1_280' title='bbox 344 3992 401 4080; x_wconf 72' lang='lat' dir='ltr'><strong><em>oui</em></strong></span> <span class='ocrx_word' id='word_1_281' title='bbox 424 4000 460 4062; x_wconf 90' lang='lat' dir='ltr'><strong><em>in</em></strong></span> <span class='ocrx_word' id='word_1_282' title='bbox 483 3999 582 4062; x_wconf 92' lang='lat' dir='ltr'><strong><em>tomis</em></strong></span> <span class='ocrx_word' id='word_1_283' title='bbox 606 3999 838 4062; x_wconf 79' lang='lat' dir='ltr'><strong><em>conciliorum.</em></strong></span> <span class='ocrx_word' id='word_1_284' title='bbox 881 3994 923 4058; x_wconf 86' lang='lat' dir='ltr'><strong><em>In</em></strong></span> <span class='ocrx_word' id='word_1_285' title='bbox 947 3998 1120 4076; x_wconf 71' lang='lat' dir='ltr'><strong><em>cypriano</em></strong></span> <span class='ocrx_word' id='word_1_286' title='bbox 1134 4001 1266 4063; x_wconf 90' lang='lat' dir='ltr'><strong><em>citando</em></strong></span> <span class='ocrx_word' id='word_1_287' title='bbox 1290 4018 1341 4067; x_wconf 74' lang='lat' dir='ltr'><strong><em>so·</em></strong></span> 
     </span>
     <span class='ocr_line' id='line_1_35' title="bbox 87 4098 1343 4186; baseline 0.003 -18"><span class='ocrx_word' id='word_1_288' title='bbox 87 4105 225 4186; x_wconf 78' lang='lat' dir='ltr'><strong><em>quimus</em></strong></span> <span class='ocrx_word' id='word_1_289' title='bbox 253 4107 444 4170; x_wconf 81' lang='lat' dir='ltr'><strong><em>editionem·</em></strong></span> <span class='ocrx_word' id='word_1_290' title='bbox 457 4105 607 4168; x_wconf 88' lang='lat' dir='ltr'><strong><em>Manutii</em></strong></span> <span class='ocrx_word' id='word_1_291' title='bbox 628 4098 835 4181; x_wconf 84' lang='lat' dir='ltr'><strong><em>Romanam,</em></strong></span> <span class='ocrx_word' id='word_1_292' title='bbox 869 4108 902 4164; x_wconf 84' lang='lat' dir='ltr'><strong><em>et</em></strong></span> <span class='ocrx_word' id='word_1_293' title='bbox 930 4102 1164 4170; x_wconf 75' lang='lat' dir='ltr'><strong><em>coneoltonem</em></strong></span> <span class='ocrx_word' id='word_1_294' title='bbox 1197 4107 1343 4174; x_wconf 87' lang='lat' dir='ltr'><strong><em>Pamelii</em></strong></span> 
     </span>
     <span class='ocr_line' id='line_1_36' title="bbox 91 4204 1339 4301; baseline 0.004 -25"><span class='ocrx_word' id='word_1_295' title='bbox 91 4213 387 4297; x_wconf 77' lang='lat' dir='ltr'><strong><em>Antwerpianhme</em></strong></span> <span class='ocrx_word' id='word_1_296' title='bbox 420 4213 458 4276; x_wconf 86' lang='lat' dir='ltr'><strong><em>in</em></strong></span> <span class='ocrx_word' id='word_1_297' title='bbox 475 4208 668 4276; x_wconf 62' lang='lat' dir='ltr'><strong><em>Ambrosio</em></strong></span> <span class='ocrx_word' id='word_1_298' title='bbox 696 4210 821 4294; x_wconf 86' lang='lat' dir='ltr'><strong><em>partim</em></strong></span> <span class='ocrx_word' id='word_1_299' title='bbox 848 4204 1073 4275; x_wconf 84' lang='lat' dir='ltr'><strong><em>Basileensem</em></strong></span> <span class='ocrx_word' id='word_1_300' title='bbox 1091 4212 1193 4301; x_wconf 74' lang='lat' dir='ltr'><strong><em>juxta</em></strong></span> <span class='ocrx_word' id='word_1_301' title='bbox 1213 4234 1339 4281; x_wconf 79' lang='lat' dir='ltr'><strong><em>correo·</em></strong></span> 
     </span>
     <span class='ocr_line' id='line_1_37' title="bbox 84 4303 1338 4407; baseline 0.005 -22"><span class='ocrx_word' id='word_1_302' title='bbox 84 4316 217 4387; x_wconf 85' lang='lat' dir='ltr'><strong><em>tionem·</em></strong></span> <span class='ocrx_word' id='word_1_303' title='bbox 231 4310 552 4407; x_wconf 59' lang='lat' dir='ltr'><strong><em>costenwportim</em></strong></span> <span class='ocrx_word' id='word_1_304' title='bbox 577 4306 794 4388; x_wconf 81' lang='lat' dir='ltr'><strong><em>novissimam</em></strong></span> <span class='ocrx_word' id='word_1_305' title='bbox 818 4303 1043 4388; x_wconf 66' lang='lat' dir='ltr'><strong><em>nonnosi·</em></strong></span> <span class='ocrx_word' id='word_1_306' title='bbox 1064 4318 1202 4389; x_wconf 79' lang='lat' dir='ltr'><strong><em>lamnis</em></strong></span> <span class='ocrx_word' id='word_1_307' title='bbox 1228 4322 1338 4405; x_wconf 52' lang='lat' dir='ltr'><strong><em>anta</em></strong></span> 
     </span>
    </p>
   </div>
   <div class='ocr_carea' id='block_1_3' title="bbox 0 0 1388 4762">
    <p class='ocr_par' dir='ltr' id='par_1_3' title="bbox 0 0 1388 4762">
     <span class='ocr_line' id='line_1_38' title="bbox 0 0 1388 4762; baseline 0 4"><span class='ocrx_word' id='word_1_308' title='bbox 0 0 1388 4762; x_wconf 95' lang='lat' dir='ltr'><strong><em> </em></strong></span> 
     </span>
    </p>
   </div>
  </div>
 </body>
</html>
