2768 4762
351 384 568 454 0nau0nn
591 383 814 452 notantes
1046 387 1125 473 ιω

132 570 280 640 Metti.
301 570 392 641 Vns
412 572 533 655 Petite,
548 582 589 634 et
615 569 743 634 dabitur·
763 563 866 635 vobis.

134 702 270 769 Ecoli.
290 701 432 766 xmus
452 701 525 766 Non
548 699 729 787 impediaris
751 720 844 766 orare
867 718 1000 786 temper.

134 834 285 920 Ephes.
304 832 369 895 IL:
390 830 476 893 Deus
492 844 616 913 anum,
638 836 695 916 qni
715 833 802 896 dives
823 843 871 897 eat
895 833 929 896 in
946 829 1127 894 misericor-

50 944 124 1024 dia,
148 954 282 1029 propter
316 941 440 1001 nimiam
457 941 614 1012 caritatem
636 958 740 1019 tuam,
773 960 836 1023 qne
855 938 963 1004 dilexit
986 960 1066 1021 nos,
1094 962 1128 1017 ct

52 1073 123 1115 eom
137 1068 269 1112 essemus
288 1047 406 1109 mortui
432 1048 590 1130 peccatis,
623 1045 849 1110 convivificavit
865 1068 924 1110 uos
942 1049 977 1110 in
997 1046 1128 1111 Christo

53 1159 163 1243 (cnjus
189 1157 294 1242 gratia
319 1156 392 1216 eatis
412 1151 534 1230 salvati)
554 1167 585 1216 et
615 1153 891 1232 conresuscitavit,
911 1164 944 1215 et
959 1155 1129 1218 consedere

56 1267 131 1329 iecit
153 1272 186 1326 in
219 1260 402 1324 caelestibus
432 1261 464 1320 in
489 1260 667 1324 CHRISTO
694 1260 814 1338 JESU,
847 1251 891 1322 αι’
903 1259 1082 1323 ostenderet
1096 1264 1130 1321 in

54 1371 186 1435 sacculis
208 1364 499 1455 supervenientibus
531 1365 724 1431 abundantes
754 1368 878 1430 divitias
905 1367 1022 1452 gratim
1047 1386 1132 1445 snae,

56 1482 89 1543 in
109 1479 250 1540 bonitate
276 1495 370 1558 anper
389 1494 449 1534 noa
470 1475 503 1533 in
529 1473 656 1537 Christo
679 1475 787 1536 JESU.
829 1477 940 1537 Gratia
960 1476 1041 1536 enirn
1060 1475 1133 1537 estis

56 1586 167 1649 salvati
186 1604 257 1667 ‚per
284 1579 397 1655 iidem,
431 1577 478 1662 (ct
496 1579 558 1642 hoc
583 1602 648 1643 nou
669 1602 705 1643 ex
734 1582 846 1658 vobis,
877 1583 938 1645 Dei
965 1583 1046 1644 enim
1073 1580 1135 1642 dn-

55 1713 133 1754 num
157 1693 215 1765 est)
241 1707 307 1773 non
332 1707 367 1746 ex
396 1685 564 1770 operibns,
594 1701 630 1751 ut
663 1711 703 1752 ne
733 1693 803 1774 quis
823 1689 990 1775 glorietur.
1030 1688 1134 1775 Ipsius

59 1803 144 1860 enim
172 1815 276 1857 sumus
305 1794 428 1855 factura
459 1799 554 1857 creati
586 1798 620 1858 in
655 1796 784 1860 Christo
810 1798 910 1860 Jnsu
927 1800 960 1859 in
980 1797 1133 1882 operibns

59 1903 612 1986 bouis,·queeprsepuravit1)ens,
648 1916 686 1967 nt
699 1880 891 1967 ambutemus
910 1906 944 1966 in
974 1907 1027 1968 eis.
1126 1902 1150 1951 J

142 2031 223 2098 Tit.
243 2030 317 2102 nt:
339 2028 471 2091 Eramns
485 2032 657 2117 aliquando
678 2046 710 2098 et
725 2056 783 2098 nos
807 2036 1008 2123 insipientes,
1029 2035 1135 2097 incre-

57 2138 126 2202 duli
154 2150 211 2200 etc.
254 2136 332 2199 Cum
351 2149 453 2228 autem
467 2137 641 2226 benignitas
657 2155 689 2205 et
713 2140 886 2207 humanitas
904 2136 1051 2230 apparuit
1065 2140 1136 2204 sal·

59 2247 176 2309 satoris
201 2248 303 2309 nostri
333 2247 413 2326 Dei,
446 2269 511 2309 non
536 2270 572 2310 ex
598 2248 749 2334 operibus
772 2252 927 2335 justitiae,
957 2266 1036 2335 quae
1058 2251 1137 2312 feci·

59 2374 125 2415 mus
149 2374 230 2430 nos,
276 2351 332 2414 sed
362 2352 533 2415 secundnm
567 2373 652 2416 suom
678 2358 922 2421 miscricordiam
950 2352 1053 2422 salvos
1076 2377 1135 2420 nos
1162 2396 1166 2419 t

58 2461 136 2522 fecit
155 2471 213 2519 etc.
1085 2458 1088 2463 ’

147 2589 252 2651 Rom.
273 2585 381 2664 v111‚=
418 2585 496 2647 Nam
516 2606 596 2669 quos
614 2589 797 2671 praescivit,
839 2602 870 2653 et
896 2589 1140 2675 praedestinavit

62 2696 244 2760 conformes
271 2690 341 2755 fieri
366 2694 504 2779 imaginis
531 2689 589 2753 filii
612 2694 681 2754 sui:
715 2706 750 2756 ιιι
769 2699 835 2781 ipse
857 2697 898 2759 sit
912 2699 1138 2783 primogenitus

63 2807 96 2865 in
117 2801 221 2864 multis
249 2794 410 2862 fratribus.
448 2799 482 2861 Si
502 2801 587 2863 Deus
607 2823 669 2887 pro
689 2784 804 2882 uobis,
834 2809 905 2889 quis
927 2803 1140 2867 contianus?
1167 2836 1170 2843 ·

65 2912 129 2989 Qui
158 2912 249 2972 etism
273 2910 408 2995 proprio
435 2906 584 2972 filiosuo
608 2933 673 2972 nou
701 2913 862 2996 pepercit,
884 2910 939 2975 sed
961 2934 1023 2998 pro
1046 2908 1140 2979 nobis

65 3017 209 3081 omnibus
227 3015 359 3101 tradidit
374 3015 478 3078 illnms
516 3018 677 3102 quomodo
698 3040 763 3081 non
790 3020 881 3082 etiam
902 3040 973 3083 cum
995 3017 1052 3082 iilo
1073 3039 1157 3080 om·-

65 3127 118 3186 nia
143 3123 236 3188 nobis
258 3122 407 3186 donarit?
530 3118 534 3122 ’

151 3254 169 3316 J
180 3276 265 3317 oen.
299 3254 376 3322 HL:
415 3253 467 3316 Sic
493 3254 580 3316 Dens
611 3253 719 3318 dilexit
760 3256 933 3337 mnndum,
979 3268 1019 3320 nt
1040 3252 1141 3319 filiun

65 3381 159 3425 snum
181 3363 373 3445 unigenitum
392 3361 482 3425 daret
505 3375 564 3424 etc.

150 3489 176 3553 1.
197 3489 309 3553 toan.
330 3491 402 3553 Ne
436 3492 474 3553 ln
499 3490 562 3553 hoc
589 3495 735 3577 apparuit
756 3494 867 3555 caritee
887 3492 948 3555 Dei
981 3493 1016 3556 in
1037 3489 1142 3571 nobit,

66 3600 214 3682 quomam
243 3596 344 3660 filium
375 3621 465 3661 suum
499 3602 691 3685 unigenitum
713 3602 798 3663 misit
815 3601 901 3663 Dens
925 3603 958 3663 in
979 3600 1143 3678 mundum,

65 3718 102 3767 nt
115 3708 253 3768 vivemus
285 3727 343 3791 per
377 3728 459 3773 enm·
511 3708 548 3769 ln
571 3707 633 3770 hoo
656 3720 703 3769 est
720 3709 852 3770 caritas:
881 3728 945 3771 non
968 3709 1059 3791 qnasi
1085 3704 1144 3769 no's

68 3812 262 3876 dilexerimus
280 3815 399 3894 Deum,
433 3814 488 3877 sed
509 3812 745 3900 quoniam'ipse
767 3818 860 3898 prior
880 3815 989 3878 dilexit
1010 3836 1089 3895 noa,
1110 3824 1143 3879 et

68 3921 151 3983 mitit
178 3919 279 3983 filium
297 3943 388 3984 snum
407 3924 663 4008 propitiationem
691 3944 753 4009 pro
776 3925 1059 4009 peccatisnostris.

152 4050 268 4114 Hebr.
289 4052 347 4115 X.s
378 4050 568 4115 Accedamus
587 4073 658 4116 cnm
681 4072 756 4116 vero
776 4053 872 4117 corde
894 4057 928 4115 in
947 4052 1144 4140 plenitudine

64 4153 141 4219 fidei
153 4203 163 4236 ‚
189 4163 305 4244 aspersi
332 4160 429 4225 corda
458 4181 477 4223 a
503 4164 691 4225 conscicntia
721 4162 819 4242 mela,
857 4175 889 4226 et
908 4161 1008 4225 abluti
1028 4181 1147 4246 corpus

67 4283 150 4349 equa
169 4267 303 4348 munda,
335 4281 492 4334 teneamus
503 4272 569 4357 spei
592 4283 718 4335 nostrae
731 4269 957 4335 consessionem
974 4267 1148 4332 indeclina-
