2768 4762
364 343 413 405 An
434 341 599 400 errom
618 333 804 394 Puta-mo.
1074 318 1123 382 11

66 538 125 637 qui
140 550 265 608 errent
284 529 378 630 ipsi,
403 518 828 598 audirecontemnimuss
852 534 991 586 maon
1000 509 1123 580 Deum

63 667 186 762 ipsum
218 678 479 756 aspernamur,
505 649 610 749 cujus
635 668 816 716 concessu
834 664 880 712 ac
906 660 1059 708 munere
1076 632 1123 704 il·

66 788 125 858 los
139 775 347 855 habemus?
399 779 456 847 Au
479 798 555 845 non
574 767 731 840 eundem
751 763 891 838 fraudis
910 788 956 835 ac
969 758 1123 833 menda·

69 911 118 983 cii
142 907 351 1005 arguimus,
387 898 449 997 qui
466 923 538 998 pro
556 896 642 966 luce
665 890 853 979 tenebras,
878 914 949 988 pro
960 888 1041 959 riae
1055 884 1125 956 du-

70 1033 177 1105 cibus
215 1045 252 1100 et
278 1022 491 1097 doctoribus
535 1015 698 1091 veritatis
734 1040 898 1087 errorum
929 1013 1126 1113 magistros
1169 1080 1174 1085 ,

71 1176 184 1252 atque
214 1169 382 1224 auctores
419 1142 585 1222 dederit,
626 1138 763 1233 quique
793 1137 897 1207 falsis
932 1135 1126 1232 promissis

71 1277 279 1349 Ecclesiam
292 1295 465 1374 sponsam
486 1289 588 1338 suam
609 1262 742 1330 misere
754 1256 960 1329 deluserit?
986 1258 1130 1328 Etenim

72 1403 106 1472 si
124 1404 250 1472 Patres
274 1404 314 1469 in
346 1395 473 1486 aliquo
501 1384 587 1453 fidei
611 1381 781 1476 dogmate
802 1379 1072 1452 consentientes
1095 1398 1134 1451 et

77 1524 185 1621 quasi
217 1519 478 1614 conspirantes
510 1505 606 1601 lapsi
636 1503 791 1585 luerint,
835 1501 1041 1572 universam
1064 1504 1137 1571 Ec·

78 1647 236 1716 alesiam
252 1630 454 1729 aliquando
469 1629 514 1698 'in
528 1626 619 1715 lide,
644 1653 738 1725 quae
758 1626 857 1698 basis
875 1644 913 1697 et
926 1624 1136 1696 laudamen-

85 1783 165 1833 tum
203 1776 260 1831 est
296 1754 494 1850 religionis,
535 1778 677 1824 errasse
705 1768 963 1848 consequetur.
1013 1750 1134 1823 Aber-

85 1901 190 1956 rante
221 1878 399 1978 siquidem
427 1881 594 1966 Pastore,
632 1877 880 1949 necessarium
903 1892 962 1947 est
985 1893 1022 1947 et
1044 1901 1132 1949 ores
1161 1920 1168 1933 ·

83 2008 272 2079 aberrare:
309 2020 345 2074 et
374 2028 448 2099 quo
471 2002 570 2074 oculi
596 2001 756 2100 dirigunt
779 2027 935 2101 corpus,
960 2027 1007 2073 eo
1031 2003 1132 2101 pari·

79 2151 138 2204 ter
161 2131 302 2227 reliqua
319 2128 480 2198 membra
500 2125 637 2198 deferri
657 2127 870 2223 moverique
891 2151 1044 2198 necesse
1062 2143 1131 2199 est.

82 2257 165 2354 Quo
195 2252 341 2324 tandem
374 2253 483 2349 igitur
510 2267 619 2348 pacto
648 2252 746 2322 Deus
775 2269 944 2324 constare
967 2250 1060 2335 sihi,
1085 2276 1131 2323 ac

77 2381 118 2448 in
138 2377 328 2474 promissis
345 2376 420 2446 suis
442 2373 651 2446 consentire
666 2377 832 2469 poterit?
884 2375 989 2472 Quae
1010 2372 1124 2463 lides,
1141 2390 1308 2480 petresse

1155 2455 1209 2485 κ’·
1228 2456 1261 2493 ΙΙ·
1273 2458 1308 2491 25·

80 2525 179 2598 quac
199 2496 394 2568 auctoritas
413 2498 555 2567 divinae
581 2496 860 2594 pollicitationis
884 2496 932 2567 de
955 2517 1129 2595 perpetua
1143 2502 1308 2591 1232'222

82 2621 246 2720 Spiritus
260 2619 377 2691 sancti
404 2636 440 2690 et
458 2621 591 2691 Christi
610 2620 756 2691 Domini
777 2619 1008 2717 praeseutia,
1033 2646 1076 2691 ac
1094 2621 1131 2690 in
1143 2589 1225 2693 ὓῖἶῖῗ
1236 2604 1310 2641 Μ

82 2745 246 2818 veritatis
266 2741 426 2839 fideique
446 2741 621 2830 doctrina,
644 2742 841 2815 stabilitate
854 2763 892 2816 et
905 2688 1313 2823 constantia,=·⁸3333

83 2895 196 2968 quam
231 2866 422 2940 Ecclesiae
450 2867 666 2965 promissam
696 2865 835 2939 divinae
862 2866 992 2939 literae
1026 2868 1136 2968 plane

84 3018 131 3066 ac
154 2991 349 3091 perspicue
375 2987 581 3063 testantur?
631 2987 827 3088 Quomodo
858 2991 1039 3064 Christum
1066 2994 1137 3065 Dei

84 3114 305 3213 sapientiam
338 3140 361 3186 a
387 3114 561 3187 stultitiae
593 3131 683 3184 nota
707 3112 989 3201 vindicabimus,
1013 3119 1139 3216 quiet

88 3239 236 3311 domum
258 3263 361 3309 suam
383 3262 495 3336 super
514 3261 660 3307 arenam
680 3235 912 3323 aedificasse,
937 3259 974 3311 et
992 3270 1067 3316 non
1090 3244 1137 3317 ad
1149 3260 1310 3313 mma

74 3360 295 3436 'columnam
322 3376 359 3432 et
380 3357 641 3430 firmamentum
670 3362 849 3445 veritatis,
887 3365 941 3436 uti
961 3311 1313 3446 &habebamus

68 3483 155 3585 'sed
174 3485 222 3557 ad
234 3486 368 3557 erroris
383 3484 512 3557 ducem
530 3501 639 3581 atque
652 3487 859 3583 magistram
877 3491 1138 3564 consulendam
1148 3505 1314 3560 murs.

88 3629 201 3708 atque
227 3607 445 3681 audiendam
461 3608 653 3707 ablegasse
678 3611 792 3683 sideri
810 3612 966 3712 posset?
1017 3617 1139 3715 Quare

87 3757 231 3837 summa
270 3733 555 3830 reprehensione
593 3734 694 3832 digni
725 3755 809 3809 sunt
830 3737 1061 3812 audacissimi
1089 3743 1141 3815 si·

85 3857 165 3931 mul
191 3872 230 3928 et
256 3855 540 3955 arrogantissimi
562 3859 748 3950 homines,
772 3861 836 3959 qui
859 3866 986 3935 Patres
1012 3891 1140 3942 omues

88 3983 128 4055 in
157 3980 328 4054 doctrina
350 3984 619 4058 consentientes
644 4012 793 4086 praese
814 4004 1069 4071 contemnunt,
1095 3991 1141 4063 il·

93 4100 284 4203 lorumque
312 4105 521 4202 gravissima
546 4109 683 4205 judicia
708 4110 747 4181 iu
769 4111 867 4211 vulgi
898 4115 1142 4211 contemptio·

86 4251 171 4303 uem
190 4226 407 4305 adducente
430 4244 507 4302 tum
525 4229 574 4305 de
590 4233 725 4307 horum
743 4235 933 4311 erroribus
954 4253 995 4310 et
1013 4239 1140 4312 uaeris
