2768 4762
1031 226 1039 260 l

364 351 580 422 ORAttoNE
613 350 835 427 bononica,
986 428 989 437 ⁴
1054 357 1150 433 leo.

141 545 238 605 Gen.
260 538 362 604 vnls
384 539 499 604 Sensus
522 553 553 603 et
582 540 731 625 cogitatio
758 538 884 601 humani
897 530 1004 600 cordia
1023 535 1133 600 iama-

55 653 123 715 lum
141 670 243 736 prona
260 660 334 711 sunt
352 646 391 709 ab
416 647 622 710 adolescentia
641 666 705 707 sua.
849 720 853 729 ¹

141 757 283 822 Mattb.
305 753 440 816 xxvi:
462 753 597 839 Vigilate
618 766 649 816 et
676 766 784 830 orate,
805 766 842 814 ut
863 773 929 816 non
953 751 1076 812 intretis
1098 750 1132 812 in

56 871 266 933 tentationem.
319 861 454 946 Spiritus
490 862 615 944 quidem
651 873 817 946 promptus
849 873 918 939 est,
966 881 1041 922 earo
1074 845 1133 922 au·

55 992 118 1040 tem
140 974 271 1036 infirma.

142 1084 159 1144 J
172 1104 253 1144 oan.
285 1075 358 1144 tva
401 1075 489 1137 Meus
522 1075 610 1137 cibus
639 1087 704 1154 est,
734 1085 771 1133 ut
799 1073 909 1134 faciam
939 1074 1132 1138 voluntatem

57 1192 145 1274 ejus,
165 1192 219 1272 qui
241 1189 324 1248 misit
339 1205 404 1261 me,
426 1196 464 1243 ut
480 1181 640 1266 perficiam
663 1201 743 1266 opus
763 1181 840 1261 ejus.

104 1320 108 1327 ·
141 1300 158 1358 J
169 1317 253 1358 oan.
275 1292 333 1356 V.:
359 1291 432 1355 Non
458 1310 575 1373 quaero
591 1287 781 1350 voluntatem
800 1308 917 1368 meam,
939 1286 994 1352 sed
1018 1287 1133 1351 volun-

56 1417 152 1467 tatem
174 1406 260 1485 ejus,
283 1404 340 1484 qui
362 1401 446 1460 misit
465 1416 526 1462 me.

143 1512 160 1570 l
172 1531 254 1571 oan.
276 1507 350 1569 Vt:
373 1503 528 1581 Descendi
552 1502 591 1563 de
607 1500 714 1578 caelo,
742 1522 807 1575 non
829 1512 866 1563 nt
890 1501 1000 1578 faciam
1019 1497 1135 1560 volun·

57 1628 154 1678 tatem
179 1636 295 1690 meam,
317 1612 372 1673 sed
384 1613 575 1674 voluntatem
593 1611 680 1690 ejus,
708 1611 764 1690 qui
786 1586 943 1691 misitne.

144 1718 375 1801 1.·Reg.111.:
414 1718 457 1778 Et
485 1715 647 1801 respondit
665 1714 734 1776 Heli
741 1759 752 1794 ,
782 1716 937 1789 Dominus
957 1726 1022 1779 estr
1046 1711 1135 1797 qnod

59 1828 180 1887 bonum
203 1838 249 1887 est
273 1827 305 1885 in
327 1823 423 1887 oculis
446 1820 509 1888 auis
521 1868 532 1906 ,
554 1822 656 1885 saciat.

309 2009 399 2121 ux
460 2020 889 2123 fanassus
1159 2004 1165 2091 ἓ

143 2218 173 2275 1.
214 2207 473 2289 ΒΕΗΝΑΒΒΙΙΕ,
493 2215 527 2274 in
564 2235 655 2277 serm.
678 2228 709 2284 ὅ.
736 2213 775 2275 de
799 2231 916 2275 resurr.
933 2211 1061 2283 *Doma
1095 2208 1134 2273 Iu

58 2293 154 2356 oorde
186 2293 300 2376 duplex
330 2306 377 2354 est
405 2296 508 2377 lepra,
545 2301 678 2382 propria
713 2299 880 2373 voluntas,
913 2308 944 2357 et
965 2296 1134 2381 proprium

58 2379 234 2439 consilinm.
277 2378 379 2458 Lepra
402 2391 537 2458 utraque
559 2385 649 2442 nimis
674 2385 822 2464 pessima,
854 2400 954 2460 eoque
976 2381 1137 2463 pernicio·

60 2465 147 2536 sior,
180 2479 245 2540 quo
265 2462 359 2539 magis
379 2461 519 2521 interior.
562 2463 764 2525 Voluntatem
783 2464 854 2524 dieo
873 2467 1044 2545 propriam,
1065 2482 1134 2545 quae

61 2566 127 2605 non
159 2555 205 2602 est
239 2545 408 2602 eommunis
438 2562 509 2604 cum
539 2545 627 2606 DEO
655 2559 686 2607 et
711 2546 909 2621 hominibus,
939 2547 993 2605 sed
1027 2557 1135 2605 nostra
1159 2562 1311 2616 Propriam-

61 2641 205 2704 tantum,
228 2625 355 2708 quando
378 2626 464 2708 qnod
483 2627 642 2705 volumus,
662 2650 727 2691 non
752 2630 790 2690 ad
806 2628 958 2688 honorem
975 2629 1044 2704 Dei,
1069 2648 1133 2688 non
1146 2611 1310 2713 ξῗῖζῖᾗξῗζ

60 2713 102 2774 ad
132 2711 297 2772 utilitatem
325 2711 458 2772 fratrum
466 2722 492 2789 ,'
510 2714 564 2773 sed
583 2726 718 2798 propter
738 2725 859 2775 nosmet
884 2713 894 2770 i
919 2731 969 2772 sos
992 2712 1131 2787 facimus,
1145 2711 1312 2760 P‘fl'ffiffl‘i

60 2818 125 2858 non
146 2795 339 2856 intendentes
358 2795 481 2878 plaeere
502 2797 570 2859 Deo
594 2811 624 2860 et
645 2800 793 2882 prodesse
820 2732 992 2869 fratribus,
1013 2796 1066 2856 sed
1086 2815 1133 2855 sa·
1145 2770 1213 2847 illil-
1224 2768 1312 2800 “m

61 2883 204 2943 tisfacere
226 2882 367 2963 propriis
400 2880 537 2944 motibus
559 2886 740 2946 animorum.
790 2884 872 2944 Huic
901 2883 1058 2942 contraria
1090 2891 1136 2939 est

62 2978 145 3026 reeta
171 2964 276 3024 fronte
304 2967 433 3043 caritas,
468 2988 546 3049 quae
567 2970 650 3030 Deus
675 2981 729 3031 est.
784 2968 866 3028 Haec
890 2969 969 3026 enim
990 2965 1136 3024 adversus

61 3051 162 3109 Deum
194 3049 367 3109 inimicitias
395 3071 536 3112 exercens
562 3066 629 3128 est,
664 3067 695 3114 et
723 3073 865 3138 guerram
884 3049 1133 3110 crudelissimam.

64 3135 151 3208 Quid
166 3135 246 3193 enim
275 3134 344 3193 odit
372 3148 426 3194 aut
449 3139 541 3218 punit
552 3139 636 3197 Deus
654 3152 780 3221 praeter
804 3137 967 3218 propriam
989 3130 1165 3193 volunta-¹·
1180 3122 1282 3168 ΜΝ·

63 3216 143 3276 tem?
185 3218 289 3277 Cesset
320 3217 462 3279 voluntas
493 3225 643 3303 propria,
677 3235 708 3281 et
735 3221 873 3281 infernus
897 3239 960 3279 non
984 3219 1056 3280 erit.
1096 3217 1133 3274 In
1340 3267 1343 3278 .

65 3321 157 3382 quem
186 3305 265 3360 enim
289 3303 367 3384 ignis
391 3301 444 3362 ille
469 3303 639 3381 desaeviet,
672 3308 730 3365 nisi
751 3307 783 3364 in
809 3304 971 3386 propriam
991 3271 1310 3381 eduum-ruffill'iril'

64 3384 150 3445 tem?
193 3386 293 3445 Etiam
312 3406 393 3446 nune
413 3408 483 3448 eum
510 3388 608 3471 frigus
633 3403 686 3451 aut
702 3389 830 3464 laniem,
860 3399 913 3448 aut
935 3384 1053 3467 aliquid
1073 3382 1133 3444 tale
1144 3371 1312 3460 {{¹,‘¹,',‘,¹'J,‘ff,j

63 3470 216 3552 patimur,
240 3470 317 3551 quid
338 3471 488 3546 laeditur,
512 3474 570 3535 nisi
591 3480 722 3556 propria
742 3472 882 3534 voluutas
903 3482 960 3531 etc.
975 3470 991 3548 l,
1027 3462 1132 3532 Porro

63 3552 207 3613 voluntas
239 3557 368 3636 propria
387 3577 451 3638 quo
469 3562 577 3618 lurore
593 3557 762 3618 Dominum
783 3558 950 3636 majestatis
967 3555 1136 3638 impugnet,

64 3637 191 3698 audiant
218 3650 248 3697 et
267 3640 392 3700 timeant
413 3644 493 3700 servi
510 3643 659 3725 propriae
677 3641 855 3702 voluntatis.
906 3638 1018 3713 Primo
1051 3658 1137 3697 nam·
1163 3651 1312 3692 onenari-

62 3743 125 3804 que
145 3722 295 3804 seipsam
320 3722 493 3802 subtrahit,
530 3738 561 3786 et
591 3725 741 3788 subducit
769 3727 836 3807 ejus
868 3721 1063 3799 dominatui,
1086 3702 1312 3802 curlollfflffm

63 3820 213 3890 tanquam
249 3809 370 3868 auctori
400 3813 515 3871 servire
531 3812 605 3891 ⁸jure
635 3810 778 3887 deberet,
815 3809 888 3869 dum
915 3807 1050 3869 efficitur
1070 3824 1134 3867 sua.
1147 3799 1254 3854 ‘'⁰¹⁸¹“

64 3889 127 3950 Sed
157 3892 311 3971 numquid
327 3905 472 3953 contenta
501 3897 562 3955 erit
584 3894 642 3955 hae
666 3892 802 3976 injuriai
844 3891 942 3952 Addit
962 3890 1083 3965 adhue,
1106 3902 1138 3950 et

69 3974 156 4054 qnod
175 3977 208 4034 in
224 3996 255 4035 se
277 3989 333 4054 est,
355 3979 457 4039 omnia
482 3999 620 4061 quoqne,
643 4000 721 4062 quae
744 3979 803 4039 Dei
825 3989 906 4052 sunt,
928 3975 1014 4039 tollit
1035 3987 1066 4037 et
1088 3972 1140 4035 di-

71 4059 154 4141 ripit
210 4060 311 4136 Quem
335 4063 416 4123 enim
443 4063 570 4125 modum
596 4063 657 4124 sibi
693 4065 785 4148 ponit
805 4061 939 4122 humana
964 4057 1138 4145 cupiditas?

68 4139 178 4204 Nonne
193 4147 248 4227 qui
269 4167 326 4228 per
343 4167 469 4207 usuram
497 4149 633 4231 acquirit
651 4149 815 4232 pecuniam
833 4145 1007 4223 modicam,
1029 4141 1138 4204 simili-

65 4236 117 4286 ter
143 4229 298 4317 mnndum
318 4229 435 4294 lucrari
468 4245 636 4296 conaretur
668 4232 909 4308 universum-si
931 4250 996 4294 non
1019 4225 1138 4291 deesset
