2768 4762
270 414 323 481 50
646 400 716 465 ea
751 402 889 465 mnu
919 400 989 471 ur

271 590 372 656 VITA
394 587 601 650 VENTUIlA.
644 588 800 649 Dicebant
817 609 892 675 erge
912 589 963 670 hi,
987 594 1043 674 qui
1063 603 1140 653 tuuc
1159 590 1345 659 admiratio·-

269 699 309 739 ne
339 696 441 736 rerum
469 686 623 758 gestarum
654 672 916 737 convertebantur
950 675 990 738 ad
1009 674 1122 755 fidem,
1155 679 1198 740 ita
1220 678 1280 743 sibi
1302 680 1344 743 ab

271 762 405 842 antiquis
436 758 607 833 traditum,
637 757 726 839 quod
755 756 849 837 baec,
883 781 963 844 quae
979 782 1062 821 nune
1083 760 1257 841 coluntur,
1278 778 1345 828 tam

271 845 327 907 diu
355 856 489 922 starent,
522 864 615 925 quam
648 842 704 903 diu
735 841 876 905 riderent
904 847 1026 931 signum
1047 846 1131 907 istud
1150 848 1287 926 venisse,
1309 852 1344 911 in

272 951 335 1013 quo
370 941 449 989 esset
469 924 542 990 vita.
597 926 686 988 Unde
715 926 848 1005 accidit,
882 941 918 989 ut
939 928 1106 1015 magisbi,¹
1124 933 1180 1013 qui
1200 946 1345 995 erentes

272 1011 492 1075 Sacerdotibus
527 1012 576 1073 vel
600 1013 748 1072 ministras
767 1011 971 1094 templorum,
1006 1013 1046 1075 ad
1065 1010 1159 1075 fidem
1177 1030 1343 1079 converte-

271 1109 402 1175 rentur,
434 1116 528 1179 qnam
552 1096 618 1174 illi,
652 1117 731 1178 quos
756 1117 898 1158 errorum
918 1100 1102 1185 praestigiae
1124 1110 1156 1161 et
1181 1098 1345 1185 deceptio·-

272 1204 344 1244 num
360 1178 519 1241 machinae
540 1180 743 1241 delectabant·

333 1278 382 1335 11.
404 1263 667 1326 NICEPHORUS
688 1266 723 1323 L.
737 1263 854 1325 XVIII.
868 1264 940 1327 bist.
953 1265 1024 1327 Eul.
1038 1287 1105 1349 cap.
1116 1280 1185 1335 toa
1206 1266 1342 1346 Turcos,

272 1370 352 1434 quos
379 1349 535 1410 Chosro‘e‘s
568 1349 872 1432 Constantinopolim
907 1353 1030 1411 miserat
1062 1351 1271 1435 stigmatieos,
1302 1352 1345 1413 li-

273 1446 369 1518 quato
400 1445 571 1496 atramento
605 1454 710 1493 eruces
735 1434 767 1491 in
804 1432 963 1495 frontibus
988 1436 1150 1517 impressas
1167 1437 1343 1519 imperator

271 1517 388 1580 babere
412 1518 535 1594 videns,
566 1518 787 1601 interrogavit,
810 1539 942 1599 quanam
959 1522 1078 1603 gratia,
1100 1540 1180 1601 quae
1202 1541 1266 1581 non
1285 1542 1344 1581 eo-

273 1604 393 1673 lerent‚
414 1602 652 1663 circumferrent
667 1600 770 1685 signal
814 1601 865 1663 Illi
891 1625 1012 1688 gravem
1030 1616 1101 1664 ante
1124 1603 1340 1687 plnresannos

96 1726 173 1772 M,
183 1722 261 1765 hp...
273 1692 306 1749 in
323 1686 452 1748 Perside
477 1699 508 1747 et
536 1688 636 1770 patria
658 1708 714 1746 sua
734 1699 850 1769 pestem
873 1700 1014 1750 coortam
1034 1709 1099 1748 esse
1123 1689 1288 1765 dixerunt,
1324 1710 1345 1749 a

97 1778 265 1869 :igqlffissgg
275 1792 337 1856 qua
351 1793 449 1853 quum
465 1769 557 1832 multi
569 1770 713 1832 mortales
726 1770 833 1853 infecti
844 1774 1017 1849 interirent,
1040 1771 1234 1835 Christianos
1244 1793 1345 1855 quos-

98 1844 178 1917 aimn
222 1858 367 1934 tia-dum,
404 1857 462 1937 qui
492 1854 537 1913 ibi
562 1854 666 1931 fuere,
697 1853 893 1933 bominibus,
922 1858 948 1917 si
973 1856 1036 1917 boe
1068 1857 1230 1935 fecissent,
1249 1856 1345 1917 saluti

97 1918 349 2018 lili!⁰“¹'⁸¹'saae
373 1938 573 2001 consulturos
592 1959 656 2001 esse
675 1940 896 2023 regionemque
919 1961 986 2002 eam
1004 1962 1022 2002 a
1044 1939 1094 2003 lue
1118 1940 1174 2002 tali
1197 1944 1345 2015 intactam

277 2024 502 2106 liberatamque
532 2023 603 2085 fore
645 2026 846 2108 persuasisse:
899 2025 1000 2110 quue
1041 2026 1086 2087 ita
1122 2044 1185 2087 esse
1230 2022 1270 2085 ab
1301 2027 1347 2085 eis

283 2110 407 2171 factum.

339 2206 388 2261 15.
409 2191 607 2255 CYRILLUS
619 2192 742 2257 Hieros.
751 2191 875 2253 Cateeb.
896 2192 951 2255 IV.
973 2192 1078 2255 illum:
1104 2191 1197 2255 Multi
1218 2190 1347 2275 quidem

276 2276 349 2339 alias
378 2266 512 2360 quoque
525 2276 681 2356 crucifixi,
704 2276 757 2338 sed
775 2280 868 2359 cujus
880 2278 1007 2340 alterius
1027 2275 1165 2341 crucifixi
1186 2278 1345 2338 invocatio

99 2345 439 2448 rugiifi'i'issfdaemones
464 2361 606 2445 expulit?
639 2360 712 2422 Non
739 2362 855 2445 pudeat
880 2366 985 2445 itaque
1006 2386 1063 2426 nos
1085 2363 1185 2424 crucis
1215 2360 1346 2421 Christi.

99 2442 251 2485 ''mmm'‘
278 2446 375 2526 Quod
398 2449 424 2507 si
449 2446 569 2528 aliquid
597 2445 750 2524 occultet,
785 2459 823 2507 tu
847 2447 1006 2509 manifeste
1034 2451 1121 2534 signa
1143 2457 1174 2507 tc
1195 2464 1292 2509 cruce
1312 2446 1348 2505 in

276 2533 402 2609 fronte,
423 2542 460 2593 nt
482 2530 645 2593 daemones
664 2533 785 2615 signum
810 2535 890 2615 regis
910 2532 1067 2611 ridentes,
1089 2544 1252 2593 trementes
1264 2550 1347 2614 pro·

275 2615 326 2679 cul
339 2615 468 2700 fugiant.
512 2617 575 2677 Fac
596 2626 697 2676 autem
715 2615 778 2677 hoe
801 2619 938 2699 signum,
961 2630 992 2678 et
1009 2615 1218 2694 manducans,
1250 2614 1348 2675 etbi-

99 2693 266 2786 ¹25³&ss
275 2700 374 2778 bens,
406 2714 436 2763 et
464 2700 590 2778 sedens,
622 2711 653 2761 et
677 2712 780 2776 stans,
813 2714 845 2762 et
868 2701 1014 2784 loquens,
1054 2711 1087 2761 et
1107 2698 1290 2763 ambulans:
1313 2700 1347 2758 iu

111 2770 203 2838 σιώ·
276 2804 414 2862 summa,
435 2786 466 2844 in
485 2786 569 2845 omni
587 2796 642 2845 tuo
670 2786 807 2868 negotio·

203 2888 206 2893 ·
305 2888 308 2893 ·
361 2882 410 2939 16.
433 2868 542 2929 IDEM
566 2867 691 2929 Cateeb.
720 2880 768 2937 13.
792 2866 894 2930 illum:
923 2869 1056 2931 lnaitam
1084 2870 1180 2955 igitur
1207 2880 1254 2931 est
1285 2865 1349 2951 lig·

277 2974 352 3014 num
375 2954 455 3013 vitae
471 2955 616 3032 interra,
649 2966 685 3013 ut
699 2952 861 3014 maledieta
883 2966 969 3016 terra
988 2952 1134 3039 deinceps
1157 2954 1220 3016 frui
1240 2962 1348 3037 posset

277 3036 506 3114 benedictione,
529 3049 560 3098 et
576 3050 613 3098 ut
628 3036 812 3115 liberentur,
834 3036 1093 3131 vivificenturque
1102 3038 1229 3099 mortui.
1272 3035 1346 3097 Non

301 3122 395 3183 udeat
413 3124 509 3207 igitur
521 3143 599 3199 nos,
623 3118 803 3184 crucifixum
828 3120 990 3200 confiteri,
1012 3122 1066 3183 sed
1092 3123 1124 3182 in
1144 3121 1249 3182 fronte
1268 3140 1350 3182 con-

100 3143 413 3298 lssisslssffilbdenter
444 3206 635 3290 signaculum
661 3209 761 3267 erucis
788 3206 892 3291 digitis
926 3208 1127 3291 inprimatur,
1158 3216 1190 3266 et
1217 3208 1249 3266 in
1278 3203 1349 3265 aliis

101 3289 424 3382 {gnaffl'ffiomnibus
460 3310 538 3353 crux
563 3288 639 3352 liatz
668 3292 704 3352 In
727 3292 859 3375 panibus
886 3290 1083 3353 comedendis
1115 3304 1147 3352 et
1169 3290 1202 3350 in
1220 3287 1346 3372 poculis

101 3140 184 3185 fronti
216 3148 269 3179 arus

280 3374 445 3453 bibendis,
467 3388 498 3438 et
529 3377 561 3435 in
582 3396 706 3459 egressu
722 3389 753 3436 ct
771 3381 926 3461 ingressu,
948 3390 1018 3439 ante
1044 3396 1204 3451 somnum,
1224 3393 1349 3441 ¹recum-

280 3459 386 3521 bendo
418 3472 449 3520 et
474 3460 647 3544 surgendo,
682 3460 784 3522 casido
815 3474 847 3521 et
879 3461 1080 3543 quiescendo.
1132 3461 1243 3543 Magna
1270 3456 1349 3517 baec

282 3557 328 3605 est
349 3544 511 3621 custodia,
548 3545 672 3628 quando
701 3558 834 3629 propter
859 3565 1012 3627 pauperes
1035 3545 1129 3629 gratis
1153 3544 1260 3605 datur:
1281 3540 1350 3600 sine

105 3643 201 3705 qiman
213 3638 271 3702 μὲν·
282 3628 391 3690 labore
412 3640 546 3712 propter
571 3626 733 3700 infirmos,
765 3650 836 3689 cum
860 3649 877 3689 a
900 3629 969 3692 Deo
990 3632 1030 3690 sit
1051 3629 1129 3691 haee
1149 3627 1263 3713 gratia,
1285 3626 1352 3709 sig-

106 3694 355 3785 ii'i'i'aiiiffl'num
382 3708 543 3789 fidelittm,
578 3726 610 3776 et
626 3716 721 3775 tium
736 3712 943 3777 daemonum:
970 3711 1188 3801 Triumphavit
1209 3710 1290 3772 enim
1310 3710 1352 3769 de

283 3797 345 3859 illis
367 3798 399 3857 in
416 3794 479 3859 boe
504 3799 602 3881 siguo.
645 3796 776 3859 Ostenta
799 3798 877 3859 illud
901 3798 1058 3862 audacter.
1112 3796 1249 3875 Quando
1268 3794 1353 3856 euim

283 3882 418 3942 viderint
448 3902 594 3961 erucem,
629 3882 836 3945 recordantur
866 3882 1014 3946 crucifixi.
1081 3884 1232 3943 bletuunt
1265 3898 1353 3955 eum,

284 3966 339 4049 qui
365 3968 512 4026 contrivit
539 3970 640 4050 capita
663 3967 816 4031 draconis.
870 3968 979 4049 Neque
1009 3979 1178 4054 propterea
1198 3962 1287 4048 quod
1303 3974 1358 4024 est

283 4051 468 4133 gratuitum,
492 4064 669 4113 contemnas
687 4052 749 4115 boc
774 4052 986 4139 signaculum:
1013 4052 1068 4115 sed
1092 4051 1164 4115 ideo
1187 4050 1284 4135 magis
1301 4066 1359 4111 re·

284 4154 394 4194 nerare
415 4132 653 4197 benefactorem.

370 4232 418 4286 tr.
451 4219 780 4283 CHRYSOSTOMUS
822 4224 855 4283 in
888 4222 1089 4285 demonstrat.
1120 4218 1190 4284 adv.
1219 4214 1354 4279 Gentilz

284 4301 373 4384 quod
394 4302 537 4368 Christus
553 4306 595 4371 sit
605 4306 705 4371 Deus:
727 4306 846 4373 Verum
867 4318 969 4373 tamen
985 4306 1049 4376 boe
1061 4304 1271 4383 maledictum,
1291 4298 1357 4363 boe
