2752 4770
267 377 367 453 too
519 328 1122 461 occurrerer-[rs

271 559 365 620 dixit:
397 549 432 616 Si
465 552 599 614 dixerint
618 549 726 628 vobis,
761 569 831 610 ecce
854 550 886 609 in
908 548 1070 629 domibus,
1091 549 1192 614 nolite
1213 553 1353 617 credere.

107 668 241 721 seripturis
274 642 495 721 Quodcunque
517 636 651 720 professi
675 635 793 694 fuerint
814 631 852 692 dc
874 635 1057 718 scripturis,
1078 649 1109 698 et
1130 636 1171 697 de
1187 643 1351 719 mysteriis,

94 720 222 813 {¹:222ssssssss
275 749 355 809 quae
376 736 449 785 sunt
471 724 502 782 in
526 724 568 781 eis
593 721 631 780 ad
654 719 967 796 demonstrationem,
990 720 1088 781 nolite
1109 721 1268 798 credere,
1290 747 1350 806 qua

90 814 243 869 roncum·
276 813 434 874 dieuntor.
485 805 608 867 Veritas
636 806 717 863 enim
748 801 854 863 similis
887 815 932 864 est
960 804 1080 889 fulguri
1108 807 1287 889 egredienti
1316 809 1350 869 ab

96 867 158 910 ω’
277 897 422 970 Oriente,
453 904 484 953 et
511 890 673 972 apparenti
706 907 805 969 usque
837 887 876 946 ad
905 887 1112 949 Occidentem.
1171 891 1287 966 Qualis
1312 905 1352 954 est

95 993 242 1050 pueram·
276 982 388 1041 veritas
421 974 577 1036 Ecclesiae
610 973 689 1031 Dei:
727 970 766 1031 ab
801 991 836 1031 ea
869 974 949 1032 enim
970 973 1037 1033 sola
1059 995 1153 1034 sonus
1181 977 1216 1035 in
1236 999 1351 1038 omnem

120 1056 123 1063 ’
275 1078 390 1125 terram
412 1062 523 1133 exivit,
560 1070 591 1117 et
610 1058 641 1114 in
655 1053 729 1116 sines
753 1054 840 1115 orbis
861 1068 961 1117 terrac
982 1058 1077 1119 verba
1096 1080 1231 1138 eorum,
1255 1075 1287 1122 ct
1306 1083 1351 1122 rc·

275 1149 386 1210 lociter
408 1147 507 1205 currit
524 1141 590 1201 sola
610 1162 680 1201 rere
700 1142 811 1213 veritas
835 1140 920 1200 DEI.

356 1267 385 1320 2.
429 1248 538 1311 IDEM
565 1260 653 1308 tract.
680 1259 730 1315 30.
760 1247 792 1305 in
815 1245 931 1306 Mattlr:
967 1244 1142 1330 Propterea
1174 1272 1244 1311 non
1263 1253 1350 1313 debe·

93 1347 342 1411 ostentam-mos
364 1335 522 1397 attendere
537 1333 678 1415 eis,.qui
701 1331 833 1392 dicunt:
863 1330 944 1391 Ecce
964 1329 1016 1390 hic
1037 1334 1262 1396 CHRISTUS:
1293 1360 1349 1400 nou

93 1402 377 1490 iiiiiidlillamem
406 1419 576 1480 ostendunt
604 1437 672 1476 eum
700 1418 731 1474 iu
760 1413 914 1492 Ecclesia,
946 1436 1024 1497 quac
1043 1417 1138 1499 plena
1161 1435 1213 1482 cst
1234 1422 1349 1507 fulgore

96 1496 315 1588 thtciplqji'ffnh
351 1506 482 1568 Oriente
510 1522 609 1584 usque
637 1500 676 1560 ad
711 1498 927 1574 Occidentem,
954 1502 1147 1583 quac'plena
1170 1519 1223 1566 est
1242 1505 1348 1567 lumine

92 1597 145 1636 ran·
163 1601 363 1665 «strom-vero,
394 1600 539 1671 quaeest
562 1585 706 1647 columna
732 1595 762 1643 et
784 1581 1006 1645 firmamentum
1030 1588 1196 1665 veritatis,
1233 1593 1267 1651 in
1295 1613 1345 1675 qut

92 1643 340 1741 illidimur,
359 1687 444 1736 totus
462 1685 508 1732 est
526 1672 674 1732 adrentus
700 1665 757 1729 filii
780 1666 931 1746 hominis,
954 1669 1082 1730 dicentis
1104 1673 1280 1754 omuibus,
1299 1679 1342 1759 qui

30 1750 34 1759 ⁸
272 1761 391 1841 ubique
411 1770 501 1818 sunt:
524 1758 605 1815 Ecce
626 1776 682 1836 ego
700 1752 861 1812 vobiscum
886 1774 951 1813 sum
970 1753 1114 1815 omnibus
1141 1757 1262 1821 diebus
1279 1764 1342 1839 rite,

270 1866 371 1926 usque
399 1843 438 1904 ad
468 1841 762 1901 consummationem
784 1837 908 1898 saeculi.
1123 1884 1126 1889 .

353 1929 391 1988 H.
436 1921 695 1986 AUGUSTINUS
725 1932 813 1982 tract.
836 1935 887 1990 97.
918 1922 950 1981 in
981 1921 1096 2006 Evang.
1119 1924 1260 1989 Joann.r
1284 1929 1339 2013 lpse

271 2013 407 2095 Spiritus
429 2014 552 2070 sanctos
573 2021 603 2067 ct
622 2027 705 2066 nunc
726 2007 818 2067 docet
838 2004 963 2081 fideles,
988 2022 1103 2087 quanta
1127 2014 1270 2094 quisque
1289 2034 1340 2095 po·

268 2107 331 2157 test
358 2114 486 2176 capere,
521 2090 740 2174 etspirituelia
771 2110 879 2149 corum
904 2103 1032 2172 pectora
1052 2092 1220 2156 desiderio
1234 2099 1342 2176 majore

268 2181 446 2253 succendit,
467 2178 493 2238 si
510 2179 643 2257 quisque
664 2178 696 2234 in
717 2195 752 2235 ea
769 2177 896 2236 caritate
912 2173 1078 2257 proficiat,
1102 2199 1168 2259 qua
1195 2194 1224 2240 et
1241 2179 1340 2262 diligat

269 2265 410 2345 cognita,
435 2273 466 2322 et
486 2258 703 2344 cognoscenda
728 2258 897 2334 desideret,
929 2259 971 2318 ita
994 2272 1028 2321 ut
1053 2283 1087 2319 ca
1117 2284 1252 2347 quoquc
1271 2267 1339 2348 ipsa,

92 2375 242 2433 r.cor.2,9.
269 2369 347 2430 quae
380 2365 463 2407 nunc
496 2345 782 2426 quomodocunque
816 2343 995 2427 cognoscit,
1030 2345 1173 2406 nondum
1213 2371 1245 2410 se
1273 2351 1336 2408 seire

268 2435 364 2508 sciat,
386 2436 466 2493 sicut
488 2430 610 2505 scienda
629 2442 703 2490 sunt
727 2432 758 2488 in
780 2450 814 2489 ca
834 2432 917 2504 vita,
945 2449 1038 2508 quom
1056 2452 1114 2491 nco
1136 2435 1253 2497 oculus
1265 2433 1333 2511 ridrt,

267 2539 325 2580 nec
341 2518 424 2579 nuris
448 2516 583 2594 audivit,
605 2535 662 2576 nec
683 2515 716 2574 in
734 2534 792 2576 cor
810 2513 946 2575 hominis
963 2515 1109 2577 escendit.

763 2740 833 2819 XI.

261 2931 340 3011 Per
398 2952 502 3042 quos
558 2919 723 3005 tandem
773 2952 850 3004 nos
897 2920 1017 3006 docet
1064 2926 1256 3043 Spiritus
1303 2923 1333 3010 io

565 3060 742 3145 Ecclesia
784 3060 1031 3148 veritatem?

79 3271 247 3374 mm·
360 3252 406 3323 A.
457 3252 530 3322 Per
555 3275 621 3322 eos
646 3249 779 3350 plone,
823 3278 918 3351 quos
950 3251 1160 3352 Apostolus
1190 3274 1329 3334 testem

78 3352 281 3476 {lfggssgljfo
308 3373 451 3472 Spiritu
477 3391 627 3464 sancto,
655 3392 696 3446 ut
718 3376 928 3449 Ecclesiam
953 3395 1110 3477 regant,
1142 3390 1244 3456 'esse
1268 3406 1332 3456 con

78 3475 422 3577 llss⁶lal.i1³.⁰'‘.stitutos=
477 3496 607 3594 quoles
655 3515 764 3571 vocat
800 3501 1034 3600 Episcopos,
1084 3505 1334 3608 Praepositos,

73 3631 219 3729 &¹¹24st
256 3618 427 3690 Pastores
475 3620 605 3691 itidem
651 3639 761 3720 atque
803 3626 999 3696 Doctores.
1071 3627 1121 3698 Et
1154 3629 1201 3702 hi
1239 3635 1335 3734 post‘

253 3739 459 3837 Apostolos
485 3743 590 3815 lucre
617 3768 786 3844 semper,
814 3771 859 3818 nc
886 3747 996 3820 etiam
1021 3774 1109 3819 num
1135 3775 1243 3840 sunt,
1271 3753 1333 3856 pri·

72 3870 239 3921 moeson.
252 3861 359 3935 marii
390 3864 462 3935 Dei
495 3867 764 3967 Ecclesiaeque
797 3869 977 3957 ministri,
1013 3889 1051 3945 et
1076 3880 1220 3951 sommi
1247 3878 1336 3953 ’ἀίε-

246 4001 467 4083 pensatores
507 3992 768 4089 mysteriorum
803 3993 886 4064 Dei.

345 4110 389 4179 B.
441 4111 581 4184 Horum
609 4141 698 4188 rero
726 4116 929 4188 auctoritas
954 4140 1037 4190 oum
1062 4114 1101 4187 in
1130 4115 1236 4200 eliis,
1261 4139 1334 4193 tom

63 4231 283 4348 affigqpio
308 4231 428 4308 sacris
454 4234 641 4340 ⁸synodis
667 4263 780 4340 quum
803 4237 959 4315 maxime
985 4237 1165 4315 cernitur.
1191 4243 1262 4318 ubi
1288 4242 1332 4317 de
