2768 4762
241 367 321 437 3³3
542 348 905 454 nuscanrrsrn
935 350 998 420 nr

241 541 456 611 hebdomadae
476 541 633 624 septimae,
655 536 777 615 idest,
800 539 1025 624 qninquaginta
1044 537 1128 618 dies,
1150 552 1184 603 et
1206 543 1255 605 sio
1276 546 1328 607 os-

244 655 350 718 teretis
389 645 590 712 sacrificium
608 665 723 706 novum
754 636 952 707 Dominoex
973 646 1116 709 omuibus
1137 646 1328 716 habitaculis

242 760 363 822 vestris.
405 757 510 817 Mense
531 755 672 837 septimo,
694 754 796 837 prima
818 752 869 813 die
884 753 1002 847 'mergis
1024 755 1083 814 erit
1098 754 1191 817 robis
1207 757 1328 843 sabba.

244 879 313 930 tum
336 863 513 926 memoriale
544 861 758 944 elangentibus
794 860 896 934 tubis,
930 873 963 922 et
981 860 1146 923 vocabitur
1168 879 1325 928 sanctum:

245 974 347 1037 Omne
370 952 449 1055 opos
472 970 581 1031 servile
604 988 668 1028 non
690 967 807 1028 societis
830 968 862 1028 in
885 988 946 1045 eo,
969 981 1000 1029 et
1021 968 1158 1030 offeretis
1172 969 1328 1034 holocau-

247 1094 330 1141 stum
362 1077 511 1139 Domino.
554 1077 684 1137 Decimo
707 1073 758 1134 die
782 1077 892 1136 mensis
915 1074 1011 1157 hujus
1032 1078 1155 1159 septimi
1193 1078 1263 1140 dios
1280 1103 1328 1141 er-

247 1189 423 1274 piationnm
465 1188 526 1246 erit
556 1182 792 1259 celeberrimus,
828 1183 861 1244 e't
889 1181 1055 1244 vocabitur
1076 1197 1224 1246 sanetusz
1249 1188 1328 1249 allii·

250 1297 391 1382 getisque
419 1292 533 1353 animes
566 1303 682 1350 vestras
710 1290 742 1348 in
772 1311 832 1364 eo,
879 1303 910 1352 et
940 1289 1079 1352 offeretis
1107 1290 1327 1355 holocaustum

249 1402 412 1466 Dominus
443 1398 542 1460 Omne
574 1418 655 1483 opus
689 1395 800 1459 servile
821 1418 886 1459 non
909 1399 1026 1460 facietis
1048 1401 1079 1459 in
1101 1413 1249 1485 tempore
1269 1403 1326 1463 diei

180 1581 183 1587 ἢ
251 1510 365 1593 hujus:
396 1509 471 1592 quia
497 1486 563 1567 dies
597 1504 832 1587 propitiationis
862 1519 925 1584 est,
959 1518 997 1568 nt
1023 1508 1218 1591 propitietur
1240 1509 1325 1571 vobis

250 1611 405 1681 Dominus
424 1616 508 1676 Deus
528 1623 646 1673 vertere
671 1613 779 1674 Omnis
795 1613 910 1691 anima,
933 1634 1013 1697 quae
1033 1613 1151 1676 afflicta
1173 1636 1241 1677 non
1264 1619 1329 1679 sue-

251 1728 296 1788 rit
317 1724 368 1787 die
388 1722 470 1800 hae,
491 1719 611 1805 peribit
631 1717 669 1780 de
692 1720 818 1804 populis
832 1723 921 1807 *suist
940 1732 983 1784 et
1004 1741 1084 1803 quae
1106 1726 1215 1807 operis
1237 1728 1329 1809 quip-

193 1898 195 1903 .
252 1835 336 1920 piam
358 1831 469 1893 lecerit
476 1871 487 1906 ,
509 1826 622 1896 delebo
644 1848 710 1887 enm
731 1827 770 1886 de
791 1827 913 1912 populo
933 1848 1005 1918 sno.
1046 1827 1134 1898 Nihil
1157 1852 1235 1916 ergo
1257 1854 1330 1914 ope·

224 1974 229 1978 ·
253 1941 298 2001 ris
330 1937 449 2023 facietis
484 1935 516 1993 in
538 1954 598 1993 eo:
630 1930 798 2016 legitimum
838 1937 1059 2020 sempiternum
1093 1939 1154 2000 erit
1185 1938 1279 2001 vobis
1301 1943 1328 1999 in

252 2044 374 2108 nunctis
404 2037 655 2125 generationibus
661 2081 671 2115 ,
706 2052 737 2102 et
768 2039 1015 2108 habitationibus
1045 2046 1161 2111 restris.
1204 2045 1332 2108 Sabba-

230 2164 320 2214 ¹tum
355 2147 559 2232 requietionis
586 2157 650 2224 est,
679 2157 710 2207 et
740 2144 882 2230 affligetis
907 2151 1021 2211 animas
1040 2163 1148 2213 vestras
1165 2150 1216 2212 die
1239 2174 1332 2216 nono

253 2254 375 2321 mensis.
418 2258 447 2315 A
465 2255 578 2347 quinto
601 2252 723 2315 decimo
746 2252 797 2315 die
818 2257 929 2317 mensis
950 2254 1048 2339 hujus
1071 2260 1209 2342 septimi,
1240 2260 1330 2322 erunt

254 2366 351 2428 feriae
386 2361 661 2425 tabernaculorum
689 2374 806 2447 septem
838 2361 948 2425 diebus
977 2364 1125 2427 Domino.
1169 2364 1242 2427 Dies
1263 2369 1324 2449 pri-

253 2492 322 2537 mns
336 2469 502 2534 vocabitur
523 2467 741 2532 oeleberrimus
763 2483 857 2555 atque
878 2472 1106 2534 sanctissimus:
1130 2494 1223 2535 omne
1250 2494 1324 2556 opus

254 2577 366 2645 servile
386 2598 457 2649 non
474 2577 592 2639 la'cietis
615 2579 648 2637 in
670 2599 717 2638 eo.
761 2579 804 2640 Et
824 2593 941 2664 septem
952 2577 1067 2640 diebus
1087 2578 1228 2644 offeretis
1239 2579 1330 2641 holo·

254 2699 360 2749 causta
392 2686 539 2747 Domino.
590 2683 666 2744 Dies
698 2706 827 2768 qnoque
859 2699 985 2749 ocutus
1020 2688 1082 2749 erit
1114 2685 1333 2748 celeberrimus

254 2806 349 2877 utque
383 2788 616 2868 sanctissimus,
640 2803 686 2867 ,et
707 2792 842 2853 offeretis
862 2793 1080 2858 holocaustum
1098 2797 1263 2858 Domino:
1293 2803 1335 2852 est

160 2944 163 2950 -
233 2902 337 2967 ‚euim
358 2910 464 2961 coetus
485 2912 580 2980 atque
602 2897 774 2959 collectae.-
806 2920 896 2959 omne
918 2923 999 2987 opus
1020 2902 1130 2965 servile
1152 2924 1220 2965 non
1243 2902 1335 2962 sacie-

255 3009 295 3071 tis
327 3006 643 3068 insultassent
676 3005 771 3066 seriae
792 3006 944 3089 Domini,
981 3030 1058 3095 quas
1078 3008 1237 3123 vocabitis
1257 3007 1336 3069 cele·

255 3113 405 3178 berrimas
428 3125 522 3196 atque
544 3113 746 3174 sanctissimas
770 3126 828 3174 ete
1298 3113 1307 3133 ⁸

341 3245 512 3307 Hierem.
534 3241 657 3306 xm:
680 3217 763 3305 Haeo
784 3210 862 3305 dicit
881 3244 1050 3309 Dominus.
1080 3245 1248 3310 Custodite
1270 3244 1336 3306 ani·

258 3373 322 3416 mas
348 3363 485 3427 vestras,
522 3361 555 3411 et
581 3347 680 3410 nolite
709 3364 839 3435 portare
869 3354 1053 3438 pondera
1037 3376 1077 3416 in
1111 3353 1163 3415 die
1193 3351 1336 3415 Sabbati:

259 3480 317 3520 nec
338 3457 477 3519 inferatis
495 3476 557 3540 per
575 3467 684 3540 portas
705 3459 880 3520 Jerusalem.
923 3460 966 3520 Et
986 3460 1087 3523 nolite
1106 3464 1224 3545 ejicere
1245 3481 1336 3526 onera

259 3564 301 3627 de
332 3563 476 3625 domibus
507 3564 618 3624 vestris
645 3565 677 3622 in
709 3561 759 3625 die
788 3564 936 3645 Sabbati,
970 3581 1002 3630 et
1034 3590 1123 3632 omne
1159 3592 1244 3655 opus
1277 3591 1337 3633 non

260 3672 398 3735 facietis:
434 3667 623 3733 sanctificate
653 3669 735 3733 diem
762 3671 892 3734 Sabbati
904 3717 914 3752 ,
949 3676 1031 3738 sicut
1061 3681 1211 3764 praecepi
1241 3679 1337 3766 patri·

260 3777 320 3840 bus
340 3780 459 3840 restris.

344 3907 453 3971 Esai.
475 3907 577 3972 LVI.=
600 3905 681 3986 Quia
701 3905 778 3971 haee
801 3907 878 3972 dicit
891 3868 1254 3991 DominusEnnurbisr
1275 3914 1337 3993 Qui

259 4015 469 4076 custodierint
486 4013 636 4091 ,sabbata
664 4036 751 4093 mea,
781 4030 812 4077 et
848 4016 1019 4102 elegerint,
1056 4042 1136 4104 quae
1157 4042 1218 4107 ego
1240 4021 1337 4096 votui,

261 4134 293 4182 et
324 4123 483 4182 tenuerint
512 4121 624 4185 foedus
645 4144 762 4184 meum:
796 4125 879 4186 dabo
902 4129 944 4187 eis
966 4113 999 4188 in
1021 4127 1117 4191 domo
1138 4148 1225 4207 men,
1255 4141 1290 4191 et
1309 4131 1339 4189 in

260 4230 359 4292 muris
389 4229 464 4291 meis
492 4226 635 4311 locum„
655 4243 687 4296 et
715 4253 829 4298 nomen
856 4224 977 4301 melius
998 4255 1017 4299 a
1037 4233 1112 4301 filiis
1140 4247 1174 4300 et
1193 4230 1341 4301 filiabusr
