2768 4762
163 318 169 333 ⁸
231 390 287 471 to
596 376 837 447 aaaron
870 377 935 444 nr

234 586 284 635 ter
301 563 480 652 iniquitate:
499 577 643 647 nomae,
665 568 801 631 attritur
821 576 868 629 ert
894 575 1027 649 propter
1044 564 1161 633 :celera
1181 581 1306 631 nostra:

236 674 401 763 diaciplina
431 674 517 759 paci:
542 686 668 739 nonnae
692 692 788 757 anper
826 692 914 749 eum,
945 685 977 735 et
997 672 1094 737 livore
1123 675 1189 755 eju:
1208 679 1308 737 tanati

238 805 350 850 eumue
395 781 508 847 onnes
537 800 596 845 noa
619 782 709 865 qnasi
727 799 800 841 oves
824 781 1011 858 erravimus,
1040 780 1254 863 unnsquisque
1273 783 1308 841 in

239 894 318 955 viam
337 910 423 953 snam
446 888 628 949 declinarit:
649 898 680 949 et
703 886 812 970 potnit
827 884 1007 948 Dourion:
999 907 1031 947 ιιι
1054 909 1091 948 eo
1113 888 1311 969 iniquitatem

241 1000 379 1062 omnium
406 1006 556 1057 uostruua
607 993 739 1057 Oblatua
767 1003 832 1069 est,
861 996 934 1075 qnia
968 994 1034 1077 ipae
1049 992 1170 1071 voluit,
1200 1006 1309 1055 etnon
1375 1026 1378 1032 ·

242 1107 364 1190 aperuit
387 1122 550 1166 ossuum:
573 1101 654 1161 sicut
679 1101 744 1162 ovis
762 1098 801 1160 ad
822 1100 1007 1160 occisionem
1020 1097 1163 1179 ducetur,
1185 1113 1310 1183 etqua·

242 1215 269 1276 ai
286 1232 382 1298 agnus
400 1229 506 1273 coram
534 1206 683 1270 tondente
706 1228 740 1269 ae
761 1205 967 1283 obmutescet,
1001 1218 1033 1268 et
1052 1228 1116 1268 uon
1137 1209 1254 1290 aperiet
1272 1228 1309 1268 os

242 1337 356 1401 σιιιιιιι.ν
398 1315 446 1375 De
467 1315 607 1399 angustia
631 1312 719 1376 etde
740 1313 864 1397 judicio
893 1310 1114 1375 subintrarent:
1135 1316 1310 1399 generatio-

242 1445 313 1486 nem
335 1424 404 1505 ejna
423 1424 493 1505 quia
515 1418 694 1484 enarrabit?
714 1422 787 1503 quia
808 1419 959 1515 abscissus
975 1421 1022 1482 eet
1048 1421 1086 1491 de
1101 1436 1184 1485 terra
1203 1424 1311 1483 viren-

243 1533 335 1593 tium:
370 1542 503 1613 propter
533 1526 634 1592 scelus
656 1527 770 1613 populi
798 1528 857 1589 anei
880 1530 1018 1611 percussi
1036 1549 1115 1589 enm.
1159 1529 1201 1592 Et
1222 1527 1312 1590 dabit

243 1632 358 1722 ibrpios
386 1657 447 1720 pro
472 1634 651 1719 sepultura,
669 1648 714 1721 ‘et
732 1634 857 1697 divitem
882 1655 943 1717 pro
957 1646 1057 1696 morte
1073 1658 1141 1699 ana:
1163 1657 1200 1699 eo
1222 1635 1313 1719 quod

244 1745 440 1828 iniquitatem
471 1763 535 1803 non
564 1742 686 1821 iecerit,
727 1763 827 1825 neque
862 1741 952 1804 dolus
975 1742 1072 1804 suerit
1095 1746 1128 1804 in
1153 1764 1208 1807 ore
1233 1742 1312 1824 ejua.

243 1848 390 1912 Tradidit
412 1850 444 1908 in
470 1860 602 1910 mortem
620 1849 749 1909 animam
776 1868 878 1927 snam,
906 1861 938 1911 et
954 1870 1027 1911 eum
1043 1850 1198 1913 sceleratis
1216 1870 1314 1935 repu-

245 1968 328 2018 tatur
364 1966 423 2017 est:
459 1968 490 2017 et
526 1957 592 2039 ipae
618 1965 744 2039 peccata
770 1954 941 2017 muitarum
956 1956 1052 2037 tulit,
1072 1969 1103 2021 et
1123 1976 1184 2042 pro
1208 1968 1315 2019 traue-

247 2061 441 2147 greaaoribna
462 2064 573 2123 orarit.

331 2171 349 2232 J
359 2191 440 2232 oan.
463 2170 508 2230 L:
530 2167 637 2230 Altera
657 2167 707 2229 die
727 2166 807 2229 vidit
828 2167 960 2235 loannes
990 2108 1122 2234 msnnt
1142 2169 1314 2235 venientem

248 2278 289 2339 ad
324 2297 375 2355 aa,
410 2286 441 2337 et
470 2279 529 2338 ait:
566 2275 649 2337 Ecce
673 2294 770 2361 agnus
789 2276 867 2357 Dei,
901 2268 988 2359 ecce,
1010 2283 1065 2364 qui
1082 2278 1167 2344 tollit
1185 2294 1315 2365 peccata

249 2385 369 2448 mnndi

332 2491 452 2555 Hebr.
479 2490 573 2555 vla:
593 2489 677 2553 Talia
689 2492 776 2555 enirn
792 2489 938 2572 decebat,
968 2506 1006 2555 nt
1022 2492 1116 2557 nobie
1135 2505 1213 2557 eata
1224 2493 1316 2556 Pon·

248 2601 345 2679 tifex,
373 2612 513 2678 sanctus,
542 2602 712 2678 innocens,
740 2598 921 2684 impollutus
933 2645 943 2678 ,
965 2610 1176 2684 segregatura
1201 2622 1316 2686 pecea-

247 2707 391 2786 toribna‚
414 2720 447 2771 et
470 2708 620 2770 excciaior
636 2706 728 2771 caelis
756 2707 876 2769 sactus:
906 2707 1043 2789 quinon
1064 2703 1161 2770 babet
1181 2711 1317 2771 neceaai·

246 2826 343 2878 tatem
371 2813 514 2897 qnotidie
536 2812 808 2897 (quemadmodum
841 2811 1031 2893 sacerdotes)
1062 2814 1226 2900 priuapro
1248 2819 1315 2880 ania

248 2922 372 2986 delicti:
385 2920 503 2985 boetia:
524 2923 654 3001 offerre,
676 2919 790 2985 deinde
807 2939 868 3004 pro
888 2918 1010 3004 populi.

333 3029 358 3093 L
379 3028 489 3093 Petr.
508 3029 556 3091 L:
578 3028 717 3091 Redeunti
741 3029 812 3091 estin
835 3029 976 3111 pretioso
993 3029 1139 3114 sanguine
1152 3031 1244 3115 quari
1259 3051 1316 3119 ag.

249 3138 284 3201 ni
306 3136 493 3199 immaculati
513 3135 678 3198 CHRISTI
695 3147 725 3197 et
741 3136 981 3197 incontaminati.

332 3244 400 3307 lbi
413 3243 442 3305 d.
465 3245 526 3306 lL:
547 3245 611 3322 Qui
635 3254 798 3327 peecatum
815 3261 880 3304 non
900 3243 995 3321 fecit,
1027 3260 1085 3305 uec
1107 3243 1249 3306 inventur
1268 3258 1316 3309 eat

250 3350 343 3416 dolus
366 3354 400 3415 in
420 3371 477 3415 ore
502 3352 583 3433 cjua.
638 3352 702 3428 Qui
721 3370 792 3411 cnm
806 3348 1068 3429 malediceretur,
1099 3371 1163 3415 nou
1186 3353 1318 3417 maledi-

250 3459 355 3522 cebat:
378 3480 449 3521 cun
471 3470 654 3544 pateretur,
685 3477 750 3520 non
771 3455 1032 3520 comminabatur:
1053 3457 1197 3522 tradebat
1212 3472 1316 3523 auten

249 3562 404 3648 judicanti
431 3586 465 3628 se
492 3567 678 3649 injuste2qui
703 3576 829 3650 peecata
847 3575 955 3627 nostra
971 3567 1041 3648 ipae
1051 3565 1183 3649 pertulit
1199 3569 1318 3630 iocor*

250 3693 331 3758 pore
351 3693 410 3735 ano
427 3694 522 3758 super
539 3673 673 3760 lignum:
695 3686 732 3736 nt
751 3673 886 3759 pecmtia
904 3674 1045 3753 mortui,
1071 3674 1212 3757 justitiae
1231 3677 1322 3741 viva·

250 3796 338 3843 roua:
357 3780 446 3862 cnjna
468 3779 567 3844 livore
585 3784 683 3844 :anati
707 3783 788 3843 ertia.

334 3884 459 3971 Apoe·
480 3888 525 3949 L:
552 3888 621 3975 Ego
640 3910 708 3951 anm
731 3891 852 3973 primu:
870 3901 903 3953 et
926 3891 1144 3971 antistiam,-
1161 3900 1195 3955 et
1215 3892 1317 3971 viena

250 4004 283 4057 et
300 3994 348 4055 fni
367 4006 534 4075 uremur,
557 4009 588 4058 et
610 4015 681 4059 ecce
702 4016 768 4059 aum
792 3997 896 4061 virent
910 4000 944 4063 in
967 3998 1092 4065 uaenla
1107 3996 1318 4079 mediorum,

250 4098 395 4167 :thebeo
418 4100 518 4165 clave:
539 4104 649 4165 morti:
674 4117 704 4166 et
729 4105 853 4167 inferni.

216 4230 219 4235 ·
329 4208 354 4269 1:
377 4208 456 4273 Tim.
478 4208 552 4275 VL:
585 4207 750 4296 Praecipio
774 4211 832 4275 tibi
855 4231 962 4279 corant
976 4212 1070 4295 Deo,
1101 4214 1158 4300 qut
1180 4208 1319 4279 efficat
