2768 4762
599 378 669 442 DE
712 379 852 446 FIDE
893 379 961 443 ΕΤ

566 563 1004 649 S-CRIP'I'U'RAE.

333 766 449 842 loen
471 761 514 825 1.=
536 762 574 826 In
588 765 754 851 principio·
776 778 844 829 eret
868 765 1016 857 verbnm,
1049 778 1081 831 et
1107 770 1236 834 verbum
1263 787 1334 836 erat

249 872 333 961 apud
352 873 471 950 Deum,
502 882 533 934 et
547 868 633 933 Deus
668 885 736 934 eret
755 860 896 941 verbum.
938 874 982 936 Et
1003 872 1148 940 verbum.
1165 858 1239 939 caro
1262 879 1332 940 sae-

248 995 317 1044 tum
338 992 403 1059 est,
424 989 456 1041 et
475 975 629 1041 habitavit
649 981 681 1040 in
702 978 805 1042 nobis.
849 979 891 1042 Et
912 980 1008 1066 paulo
1030 996 1123 1066 post:
1145 985 1188 1057 Et
1209 1007 1265 1070 ego
1279 988 1331 1045 vi-

249 1089 303 1168 di,
325 1101 357 1152 et
377 1086 589 1150 testimonium
609 1084 775 1168 perhibui,
808 1090 883 1171 qnia
905 1087 958 1149 hic
980 1102 1026 1149 est
1048 1088 1131 1154 filius
1152 1092 1222 1153 Dei.

264 1212 268 1223 ⁶
330 1218 356 1282 1.
378 1217 397 1279 J
406 1234 491 1279 oen.
521 1213 580 1278 Va
613 1214 752 1294 Scimus,
786 1221 933 1301 qnoniam
954 1217 1040 1283 filius
1069 1222 1128 1284 Dei
1159 1192 1260 1283 nouit:
1296 1232 1330 1283 et

247 1325 336 1388 dedit
354 1323 448 1386 nobis
472 1310 611 1403 sensum,
643 1335 680 1385 ut
702 1332 1052 1408 eognoscamns'vernm
1072 1328 1194 1408 Deum,
1229 1341 1261 1390 et
1281 1330 1330 1389 si-

246 1456 315 1497 mus
348 1435 382 1496 in
418 1452 495 1496 vero
538 1426 607 1495 fiiio
645 1431 728 1514 ejus.
787 1432 849 1496 Hie
876 1447 923 1497 est
952 1456 1043 1498 verus
1071 1435 1179 1513 Dens,
1209 1447 1241 1497 et
1263 1437 1329 1496 rita

247 1555 382 1611 aetem&-

330 1669 476 1753 Ephes.
498 1666 547 1733 L:
579 1644 775 1759 Grotifieavit
804 1690 864 1734 nos
897 1674 930 1734 in
952 1666 1068 1735 dilecto
1090 1671 1158 1735 filio
1177 1692 1255 1733 suo:
1291 1671 1356 1748 in,

248 1776 487 1867 quodebemus
515 1775 760 1861 redemptionem
787 1799 845 1864 per
866 1782 1044 1864 sanguinem
1058 1781 1135 1862 ejus
1157 1781 1330 1859 (remissio-

249 1905 320 1946 nem
338 1862 555 1989 poeoniorum)
577 1884 745 1989 seeundum
767 1884 891 1948 divitias
912 1888 1031 1971 gratiae
1049 1889 1128 1970 ejus.

332 2014 448 2077 loen
468 2012 556 2077 XIV.
566 2037 574 2074 ι
596 2014 666 2098 Ego'
689 2035 759 2078 sum
777 2016 866 2093 via,
868 2018 982 2079 veritas
1002 2028 1035 2079 et
1054 2019 1139 2079 vitaz
1162 2036 1251 2079 nemo
1272 2034 1331 2074 ve·

246 2123 297 2185 nit
318 2121 358 2183 ad
378 2133 521 2207 patrem,
542 2124 602 2186 nisi
625 2143 682 2207 per
703 2141 761 2182 me.

276 2305 280 2313 ⁵
330 2230 436 2292 Rom.
458 2226 516 2292 Va
536 2230 580 2292 Ut
601 2229 680 2314 quid
703 2229 784 2290 enim
806 2208 965 2308 Christus,
996 2250 1066 2291 cum
1087 2229 1189 2292 adhue
1211 2223 1328 2287 infirmi

248 2326 397 2416 essemus,
432 2322 603 2398 secundum
633 2348 755 2421 tempus
784 2357 845 2420 pro
868 2339 970 2421 impiis
992 2351 1135 2400 mortuus
1157 2336 1222 2397 esti
1263 2333 1326 2394 Vix

211 2447 328 2509 ..enim
346 2466 407 2528 pro
428 2447 515 2527 justo
539 2446 610 2527 quis
632 2446 790 2508 moritur:
810 2465 881 2505 nam
902 2466 963 2528 pro
985 2445 1072 2509 bono
1096 2446 1226 2507 forsitan
1251 2443 1324 2523 'quis

246 2551 358 2614 audeat
390 2555 484 2619 mori.
538 2552 741 2614 Commendat
774 2565 875 2614 autem
897 2555 1056 2615 ceritatem
1077 2574 1163 2615 sunm
1183 2551 1269 2610 Deus
1289 2550 1325 2608 in

246 2661 359 2731 nobis:
395 2663 544 2744 quonium
576 2681 647 2749 cum
669 2659 772 2722 adhue
792 2672 973 2743 peccatores
1001 2681 1154 2738 essemus,
1179 2657 1323 2719 Christus

245 2791 307 2855 pro
336 2744 429 2829 nobis
456 2780 597 2828 mortuns
631 2779 685 2827 est.
735 2767 837 2829 Multo
858 2768 956 2850 igitur
981 2768 1076 2851 magis
1098 2762 1326 2846 nunc-justisi-

246 2880 307 2961 eeti
330 2877 531 2961 insanguine
553 2875 667 2959 ipsius,
689 2873 766 2934 salvi
788 2874 900 2937 erimus
924 2873 964 2936 eb
987 2875 1112 2957 ira-per
1131 2874 1249 2963 ipsume
1288 2871 1322 2932 Si

246 2987 328 3044 enim
356 3004 427 3045 cnm
456 2983 572 3049 inimici
595 2998 761 3088 essemus,
796 2979 990 3042 reconciliati
1024 3000 1127 3041 sumus
1146 2978 1236 3039 DEO
1264 2997 1325 3061 per

245 3102 379 3152 mortem
399 3088 509 3150 filii
480 3111 566 3174 ejus·
587 3088 687 3150 multo
709 3089 804 3173 magis
824 3085 1040 3165 reconciliati,
1062 3085 1136 3148 snivi
1156 3085 1270 3147 erimus
1289 3085 1323 3144 in

141 3234 144 3239 ·
243 3196 307 3259 vita
333 3200 440 3282 ipsius

328 3308 453 3390 Apoe.
486 3304 530 3370 1..
566 3305 631 3382 Qui
664 3303 771 3367 dilexit
802 3325 883 3383 nos,
916 3313 949 3364 et
969 3300 1044 3364 ierit
1063 3320 1123 3367 nos
1145 3323 1163 3365 a
1183 3302 1317 3431 peccetis

143 3421 145 3424 ’
242 3416 362 3474 nostris
384 3415 415 3473 in
436 3411 587 3497 sanguine
607 3433 676 3475 suo.

327 3520 354 3578 1.
375 3521 466 3581 Tim
490 3521 551 3583 IL:
574 3522 660 3581 Unus
681 3518 788 3597 Deus,
810 3538 890 3581 unns
913 3528 944 3577 et
965 3516 1120 3581 mediator
1139 3519 1199 3581 Dei
1214 3514 1318 3579 etho·

120 3606 131 3655 .'
199 3666 202 3673 -
242 3627 360 3689 minum
381 3622 476 3686 homo
501 3626 644 3690 Christus
666 3626 774 3703 Jesus,
810 3627 865 3708 qui
893 3623 981 3686 dedit
1009 3608 1251 3710 redemptionem
1270 3642 1320 3683 te·

244 3735 408 3818 metipsum
429 3753 491 3817 pro
513 3733 669 3796 omnibus.

225 3820 228 3827 Α
328 3840 435 3904 Rom.
465 3840 545 3903 111.=
581 3837 749 3904 iustificati
780 3841 874 3923 gratis
894 3824 953 3926 per
975 3841 1104 3927 gratiam
1126 3842 1241 3925 ipsius,
1263 3858 1321 3923 per

244 3945 507 4031 redemptionem,
541 3970 620 4033 quae
641 3962 687 4010 est
708 3950 741 4009 in
763 3946 889 4011 Christo
911 3950 1001 4011 lesu:
1038 3970 1131 4032 quem
1151 3940 1323 4032 proposuit

243 4053 327 4117 Deus
349 4056 591 4139 propitiatorem
610 4077 667 4137 per
689 4052 782 4115 fidem
803 4057 834 4116 in
856 4060 1004 4142 sunguine
1027 4058 1134 4141 ipsius,
1153 4050 1192 4113 ad
1215 4062 1324 4112 osteum

141 4206 144 4212 ,
243 4164 361 4224 sionem
391 4164 529 4245 justitiae
551 4182 648 4240 sune,
684 4175 819 4247 propter
840 4167 1049 4227 remissionem
1071 4158 1325 4248 praecedentium

243 4269 443 4334 delictorum.
