2768 4762
377 353 806 433 ‚recursura
989 363 1141 469 4:⁶³

64 557 109 622 sie
131 566 163 618 ct
192 549 368 627 ambuletis,
403 559 440 609 ut
467 544 629 609 abundetis
655 546 760 630 magis.
803 541 909 608 Scitis
942 541 1043 627 mim,
1062 564 1143 628 quaa

66 672 235 754 praccepta
257 657 394 721 dederim
416 653 505 717 robis
524 677 582 741 per
606 655 774 716 Dominum
797 653 942 721 JESUM.

152 778 304 854 Erech.
326 784 501 849 xxxlv.s
539 788 622 849 Haeo
651 787 729 848 dicit
755 786 906 847 Dominus
928 783 1057 845 DEUS:
1077 781 1145 847 Vae

25 896 28 957 Ξ
68 898 247 990 pastoribus
265 895 377 972 lsrael,
414 896 468 975 qui
497 894 665 978 pascebant
684 904 778 954 semet
800 895 899 976 ipsos:
915 914 1016 955 nonne
1039 912 1145 976 greges

68 1032 87 1071 a
110 1004 284 1092 pastoribus
307 1001 501 1087 pascuntur?
542 1003 604 1062 Lae
631 999 855 1076 comedebatis,
877 1012 907 1060 et
925 1003 1001 1062 lauis
1023 1001 1146 1085 operie-

25 1110 201 1180 ¹⁴bamini:
237 1124 269 1172 et
296 1110 383 1192 quod
409 1129 545 1169 crassum
568 1122 648 1187 erat,
671 1106 877 1169 occidebatis:
901 1130 1021 1192 gregem
1044 1120 1146 1169 autem

31 1250 40 1289 ·.
68 1246 171 1287 meum
194 1241 257 1281 non
283 1218 461 1300 pascebatis.
506 1217 602 1294 Quod
618 1208 868 1292 infirmum‘fuit,
890 1236 951 1276 non
975 1216 1148 1276 consolida-

25 1330 36 1391 :¹
67 1336 144 1394 stis:
177 1340 208 1388 ct
243 1324 329 1406 quod
357 1337 535 1408 aegrotum,
573 1346 634 1386 uon
666 1324 810 1385 sanastis:
845 1322 932 1405 quod
955 1319 1148 1384 confractum

27 1432 43 1500 i*
70 1450 144 1514 est,
173 1455 238 1494 nou
266 1431 430 1515 alligastis:
464 1444 495 1493 et
519 1431 607 1513 qnod
628 1430 784 1514 abjectum
809 1441 875 1507 est,
896 1429 1148 1511 non-reduxistis,

72 1557 104 1607 et
120 1541 207 1624 quod
230 1542 376 1622 perierat,
402 1561 465 1601 non
488 1541 664 1621 quaesistis:
687 1538 740 1599 sed
762 1559 832 1599 eum
860 1539 1034 1613 austeritate
1052 1537 1151 1618 impe-

25 1636 29 1691 l
72 1650 191 1723 nubatis
215 1650 257 1707 eis
293 1659 323 1708 et
345 1668 414 1706 cum
430 1647 576 1730 potentia.
630 1646 671 1705 Et
695 1646 848 1729 dispersae
871 1655 943 1705 sunt
962 1663 1032 1704 oves
1055 1661 1150 1718 meae,

25 1758 28 1793 ²
72 1780 113 1818 eo
143 1755 228 1836 quod
253 1775 316 1813 non
339 1766 417 1815 esset
445 1764 567 1837 pastor:
596 1765 626 1813 et
659 1753 756 1814 laetae
775 1765 846 1815 sunt
868 1755 900 1813 in
926 1749 1152 1812 devorationem

72 1866 211 1923 omnium
236 1861 404 1922 bestiarum
420 1863 508 1944 agri,
536 1871 566 1920 et
585 1860 736 1943 dispersae
753 1872 834 1922 sunt.

161 1990 299 2065 Mattb.
322 1991 429 2059 V111.;
453 1990 582 2067 Omnis,
606 1993 659 2070 qui
677 1991 764 2050 audit
789 1989 882 2068 ,verba
904 2009 972 2048 mea
998 1986 1093 2064 haec,
1123 1996 1154 2046 et

72 2099 151 2160 facit
176 2119 227 2157 ea:
261 2095 479 2156 assimilabitur
499 2099 565 2155 viro
584 2098 730 2178 sapienti,
766 2098 821 2176 qui
842 2094 1016 2155 aedificarit
1033 2094 1159 2155 domum

25 2212 54 2263 a*
74 2225 166 2265 suam
186 2202 430 2284 supchetram,
454 2216 484 2263 et
510 2201 670 2263 descendit
695 2201 816 2286 pluvia,
839 2214 869 2263 et
888 2215 1037 2262 venerunt
1056 2201 1160 2263 llumi·

75 2332 142 2386 na,
185 2321 216 2368 et
252 2307 400 2367 flaverunt
424 2311 523 2384 venti,
555 2321 584 2368 ct
612 2311 769 2368 irruerunt
791 2311 822 2367 in
844 2309 969 2368 domum
1005 2310 1085 2369 illam
1093 2353 1102 2386 ,
1129 2317 1160 2368 et

79 2438 147 2478 non
177 2411 301 2479 cecidit;
336 2411 465 2470 fundata
497 2413 576 2469 enim
602 2409 667 2472 erdt
694 2433 786 2493 super
804 2427 929 2493 petram.
982 2414 1024 2473 Et
1050 2417 1159 2490 omnis,

83 2523 141 2603 qui
161 2518 247 2579 audit
265 2515 360 2576 verba
381 2515 563 2591 meahare,
587 2527 618 2575 et
632 2537 695 2579 uon
717 2518 791 2577 facit
806 2539 858 2594 ca,
889 2518 993 2578 similis
1012 2522 1070 2579 erit
1093 2522 1160 2578 viro

82 2625 199 2701 stulto,
234 2626 287 2705 qui
315 2623 489 2684 aedificavit
508 2623 631 2682 domum
653 2643 736 2683 suam
752 2645 845 2706 super
864 2646 1003 2685 arenam:
1038 2636 1067 2684 et
1090 2625 1162 2684 des-

84 2733 190 2793 cendit
220 2730 323 2815 pluria
337 2776 346 2807 ,
378 2742 409 2789 et
436 2742 583 2789 venerunt
609 2728 756 2808 flumina,
788 2743 818 2791 et
837 2730 986 2792 llaverunt
1009 2733 1108 2808 venti,
1133 2744 1163 2791 et

84 2846 243 2901 irruerunt
278 2840 309 2898 in
339 2837 468 2898 domum
494 2836 593 2915 illam,
635 2850 664 2899 et
705 2839 834 2918 cecidit,
872 2840 987 2917 ethfuit
1011 2840 1102 2897 ruina
1123 2837 1164 2896 il-

85 2946 147 3007 lius
169 2966 287 3026 magna.

171 3072 252 3132 Act.
284 3072 377 3133 XX.:
422 3071 581 3137 Attendite
610 3076 698 3136 vobis
742 3085 774 3134 ct
799 3077 942 3136 universo
980 3077 1065 3160 gregi
1104 3088 1162 3138 etc.

89 3181 158 3263 Ego
187 3182 265 3256 scio,
299 3182 445 3261 quoniam
469 3183 630 3243 intrabunt
649 3195 720 3266 post
751 3181 963 3243 discessionem
986 3205 1082 3243 meam
1098 3183 1165 3266 lupi

25 3274 36 3299 ⁵
72 3308 217 3370 ¹rapaces
245 3290 277 3346 in
312 3309 383 3363 vos,
420 3309 484 3349 non
511 3302 670 3371 parcentes
702 3293 796 3373 gregi.
847 3291 889 3351 Et
919 3314 954 3351 ex
975 3289 1064 3352 vobis
1091 3292 1167 3373 ipsis

25 3408 44 3459 ’ἶ
91 3406 256 3476 exsurgent
295 3396 353 3452 viri
387 3395 548 3476 loquentes
573 3418 732 3481 perversa,
764 3409 799 3457 ut
823 3397 979 3460 abducant
996 3397 1168 3482 discipulos

25 3506 53 3585 ’ζῌ
90 3513 164 3589 post
194 3522 235 3561 se.
277 3500 415 3582 Propter
437 3504 521 3582 quod
548 3506 670 3588 vigilate
693 3519 750 3566 ete.

40 3598 70 3669 Ξ”Ῑ
179 3606 318 3666 Erech.
352 3608 518 3669 XXXlll.:
543 3612 638 3690 Quod
660 3617 685 3673 si
706 3614 882 3698 speculator
901 3614 1012 3674 viderit
1033 3613 1168 3698 gladium

25 3692 76 3807 l]
93 3716 283 3789 venientem,
317 3725 346 3772 et
367 3734 427 3773 non
453 3718 624 3780 insonuerit
651 3719 807 3800 buccina,
845 3736 875 3784 et
897 3722 1027 3806 populus
1052 3743 1083 3782 se
1106 3742 1171 3782 non

25 3824 28 3829 ’
71 3814 305 3896 '⁸oustodie1·ir‚
341 3824 520 3904 veneritque
542 3825 682 3907 gladius,
711 3840 744 3889 et
769 3830 876 3891 tulerit
907 3828 946 3889 de
967 3830 1008 3890 eis
1026 3832 1172 3890 animam:

28 3922 67 3943 ”“’
91 3930 150 3991 ille
180 3927 306 4008 quidem
329 3935 362 3987 in
396 3931 556 4012 iniquitate
582 3953 637 3994 sua
657 3948 763 4018 captus
781 3950 847 4015 cst,
876 3940 1052 4021 sanguinem
1073 3951 1175 3997 autem

95 4037 170 4115 'ejus
200 4034 238 4092 de
264 4056 355 4095 manu
377 4037 581 4119 speculatoris
611 4045 778 4124 requiram.
829 4045 872 4104 Et
897 4043 1005 4105 tn-fili
1030 4044 1174 4122 hominis,

32 4216 52 4233 ·
95 4140 323 4225 speculatorem
355 4143 426 4204 dedi
464 4157 494 4206 te
523 4144 630 4207 domui
663 4149 777 4211 lsrael:
809 4151 936 4213 audieus
956 4172 1031 4237 ergo
1055 4174 1091 4215 ex
1122 4171 1177 4214 ore

94 4267 169 4313 meo
188 4252 598 4331 sermonem,.aununtiubis
623 4255 667 4320 eir
695 4274 734 4325 ex
760 4277 820 4325 ma·
866 4255 903 4323 si
927 4259 1114 4326 maducat:
1134 4256 1178 4326 ad
