2768 4762
250 392 332 472 1⁶4
420 376 423 381 ’
636 378 717 462 nn·
747 394 839 460 srn
879 394 944 459 nr

251 583 388 662 bonam,
422 594 461 645 nt
488 581 521 643 in
539 602 593 669 co,
622 585 711 667 quod
743 582 916 655 detrectant
940 579 979 641 de
999 578 1088 639 vobis
1116 591 1263 663 tanquam
1287 585 1327 647 de

253 688 525 770 malefactoribus,
558 711 594 752 er
615 690 708 753 bonis
728 690 879 776 operibus
906 708 962 751 vos
989 685 1236 770 considerantes,
1257 692 1329 777 glo·

252 794 377 864 riliceut
400 796 502 862 Deum
524 800 557 860 in
577 799 635 862 dieo
650 793 842 864 visitationis.

334 928 386 994 Et
411 950 479 1015 cap.
505 930 575 993 1v.:
605 932 639 993 Si
665 934 735 1016 quis
764 929 929 1013 loquitur,
953 929 1042 1012 quast
1068 947 1223 990 sermones
1249 928 1325 990 Dei:

250 1039 278 1100 si
313 1041 383 1123 quis
411 1039 581 1120 ministrat,
614 1052 760 1124 tanquam
790 1059 826 1100 cx
857 1039 989 1117 virtute,
1012 1057 1105 1120 quam
1132 1035 1326 1097 administrat

152 1135 157 1154 ⁸
214 1215 215 1219 η
248 1144 352 1206 Densa
387 1157 424 1231 nt
460 1146 495 1207 in
523 1145 666 1208 omuibus
710 1143 942 1211 honorificetur
980 1143 1066 1205 Deus
1098 1164 1157 1227 per
1191 1142 1325 1205 JESUM

249 1250 468 1314 cflmswnt.
1235 1255 1237 1259 ’

332 1383 359 1444 I.
388 1383 475 1446 Cor.
495 1383 554 1446 X:
585 1383 656 1447 Sive
687 1382 904 1456 manducatis,
936 1382 998 1444 sive
1017 1379 1149 1457 bibitis,
1184 1382 1247 1442 sive
1265 1379 1324 1442 ali-

249 1488 326 1575 quid
349 1488 471 1570 facitis,
502 1495 605 1554 omnia
624 1495 657 1554 in
682 1492 815 1575 gloriam
836 1490 895 1551 Dei
913 1491 1015 1551 facite.

333 1599 493 1662 Coloss.
523 1602 601 1662 lII.:
636 1586 751 1677 Omne,
785 1597 996 1681 quodcunque
1035 1595 1138 1656 facitis
1162 1597 1194 1655 in
1222 1594 1318 1657 verbo

247 1708 355 1769 autin
386 1728 502 1792 opere,
534 1709 639 1769 omnia
673 1711 706 1768 in
737 1709 861 1771 nomine
887 1705 1015 1766 Domini
1033 1700 1131 1763 JESU
1157 1701 1318 1763 CHRISTI

248 1813 364 1893 facite,
386 1817 500 1898 gratias
525 1830 648 1902 agentes
674 1817 743 1878 Deo
761 1829 792 1879 et
808 1815 897 1876 Patri
917 1811 1106 1898 peripsum.

327 1920 435 1982 Rom.
468 1921 558 1984 XV.:
601 1899 644 1983 Ut'
682 1925 860 1998 unanimes,
905 1941 968 1980 nuo
1012 1939 1068 1979 ore
1103 1913 1318 1978 honorificetis

243 2028 346 2089 Deum
371 2027 545 2107 ctPatrem
561 2030 688 2089 Domini
727 2029 827 2089 nostri
846 2025 944 2087 JESU
972 2022 1153 2088 CHRISTI.

328 2133 465 2195 Eccli.
496 2130 662 2196 xxxvi:
695 2136 829 2196 Immitto
851 2137 996 2196 timorem
1020 2145 1107 2194 tuum
1124 2153 1217 2215 super
1240 2153 1318 2216 gen-

244 2254 309 2320 tes,
342 2263 422 2324 quae
444 2263 510 2304 non
534 2245 747 2326 exquisierunt
777 2255 830 2320 tet
855 2253 891 2303 ut
919 2252 1125 2326 cognoscant,
1154 2243 1315 2323 quianon

245 2361 291 2438 est
312 2349 419 2428 Deus,
451 2352 509 2412 nisi
534 2363 588 2428 tu,
621 2364 656 2412 ut
679 2365 823 2414 enarrent
842 2351 992 2436 magnalia
1013 2364 1075 2411 tua.
1128 2347 1216 2409 Sicut
1234 2349 1314 2407 enim

242 2459 276 2517 in
309 2469 480 2541 conspectu
510 2479 617 2520 eorum
636 2458 844 2522 sanctificatus
867 2480 899 2520 es
930 2461 963 2519 in
979 2458 1091 2536 nobis,
1113 2457 1207 2518 sicin
1236 2475 1314 2515 con-

241 2577 349 2650 spectu
370 2577 481 2629 nostro
500 2565 744 2651 magnificaberis
768 2571 801 2630 in
824 2569 887 2629 cis:
913 2579 951 2627 ut
974 2577 1164 2650 cognoscant
1180 2576 1228 2641 te,
1252 2562 1313 2622 sic-

240 2684 278 2733 ut
298 2685 329 2734 ct
349 2695 407 2738 nos
435 2677 660 2758 cognovimus,
691 2677 837 2760 quoniam
866 2694 931 2735 non
962 2686 1008 2735 est
1032 2672 1121 2764 Deus
1134 2683 1257 2755 practer
1283 2681 1313 2730 te

238 2778 385 2847 Domine.
428 2778 581 2842 Glorifica
604 2803 727 2843 manum
753 2794 784 2844 et
822 2780 986 2842 brachium
1009 2780 1149 2841 dextrum
1168 2791 1225 2839 etc.

323 2889 417 2952 nuc.
436 2889 484 2965 15:
516 2890 558 2951 Ut
574 2892 639 2950 sinc
658 2892 771 2953 timore
789 2885 828 2949 de
848 2910 942 2949 manu
960 2884 1157 2949 inimicorum
1182 2898 1311 2946 nostro·

239 3016 309 3056 rum
327 2992 469 3074 liberati,
493 2998 658 3059 serviamus
683 2996 730 3057 illr
758 2997 791 3057 in
813 3001 980 3059 sanctitate·
1005 3008 1037 3057 ct
1060 2995 1180 3078 justitia
1203 3013 1309 3053 coram

238 3103 308 3187 ipso
318 3146 329 3182 ,
353 3101 498 3165 omnibns
517 3104 625 3166 <liebus
642 3107 767 3167 nostris.

227 3280 235 3288 ι
322 3211 348 3272 1.
369 3210 479 3273 Petr.
500 3213 545 3274 1.=
575 3214 753 3274 Secundum
779 3234 863 3290 curn,
896 3214 952 3294 qni
976 3211 1099 3272 vocavit
1117 3227 1188 3283 vos,
1217 3225 1309 3267 sanc-

61 3329 320 3430 ss''{²·„¹¹;,3²·²¹¹¹¹¹2
358 3332 395 3382 ut
414 3331 445 3381 et
477 3322 537 3405 ipsi
566 3323 599 3383 in
620 3306 703 3383 omni
730 3322 963 3384 conversatione
984 3319 1081 3380 sancti
1110 3317 1192 3391 sitis,
1224 3333 1307 3396 quo·

86 3406 94 3430 ⁶
153 3409 161 3434 '
237 3428 320 3488 niam
334 3428 554 3512 scriptumest:
581 3430 685 3491 Sancti
698 3432 806 3506 eritis,
828 3430 974 3512 quoniam
985 3446 1041 3510 ego
1050 3437 1173 3487 sanctus
1188 3442 1262 3482 suna

320 3533 389 3594 ΕΤ
416 3557 482 3618 cap.
508 3537 583 3596 Ill.:
623 3539 699 3598 Cum
729 3536 879 3599 ntodestia
906 3548 937 3596 et
955 3537 1067 3596 timore
1087 3528 1304 3593 conscientiam

235 3641 383 3703 habentes
410 3640 544 3703 bonam:
575 3658 611 3705 ut
636 3648 666 3705 in
689 3664 745 3720 co,
776 3641 863 3726 quod
894 3640 1064 3703 detrahunt
1086 3638 1193 3709 vobis,
1228 3654 1306 3696 con·

234 3750 423 3824 fundantur,
456 3752 508 3831 qui
535 3751 760 3814 calumniantur
786 3763 917 3812 vestram
940 3747 1057 3810 bonam
1080 3749 1112 3808 in
1128 3739 1304 3807 fflfflsto

232 3858 505 3919 conversationem.

312 3963 470 4049 Philip.
493 3964 551 4025 IL:
574 3965 614 4023 Ut
634 3965 700 4025 sitis
722 3964 786 4025 sinc
800 3963 925 4046 quercla
945 3976 977 4024 et
988 3960 1142 4046 simplices
1160 3956 1217 4021 filii
1232 3956 1304 4033 Dei,

230 4073 296 4134 sine
321 4070 560 4156 reprehensione
590 4073 622 4131 in
643 4071 746 4132 medio
776 4073 909 4132 nationis
935 4088 1048 4154 pravae
1069 4081 1101 4132 ct
1122 4085 1306 4156 perversae:

230 4184 311 4245 inter
336 4201 415 4269 qnos
441 4179 549 4242 lucetis
578 4180 659 4241 sicut
681 4179 842 4241 luminaria
873 4180 904 4239 in
927 4176 1055 4240 mundo.

311 4286 454 4356 Matth.
490 4287 547 4352 Vn
576 4286 626 4349 Sic
649 4285 751 4350 luceat
772 4284 826 4350 lux
845 4298 946 4349 restra
972 4297 1030 4350 etc.
1219 4278 1248 4323 ,¹
