2768 4762
436 349 772 415 sumnoto
1091 351 1157 425 m.

73 548 107 607 in
128 544 247 605 tronto:
268 558 352 601 nunc
378 550 541 621 portantes
569 556 709 615 crucem,
740 536 886 599 dicimus:
913 530 1074 620 Signatum
1098 546 1145 595 est
1155 538 1212 633 ξιτ
1221 537 1324 637 1,ξῆξεῖ

76 650 169 713 super
192 647 249 688 nos
272 638 332 685 etc.
1154 642 1168 683 2

156 726 187 781 o.
209 710 320 771 IDEM
341 708 471 767 liieron.
491 708 523 767 in
544 704 710 768 11.Exech.
730 726 798 791 sup.
823 725 858 767 ea
877 702 993 766 verber
1014 702 1145 765 Omnem

72 811 192 873 autem,
215 814 312 877 snper
327 810 420 874 quem
444 790 582 852 ridentis
600 790 712 868 iheu,
743 812 782 851 ne
803 791 968 852 occidatisr
998 786 1326 870 Antiquismfflgm·

75 884 209 964 (inquit)
239 877 454 941 Hebraeorum
483 874 597 953 literis,
629 875 743 958 quibus
766 894 865 957 usquc
895 871 991 935 hodie
1013 885 1146 935 utuntur
1157 876 1324 965 {mmet

75 964 275 1041 Samaritani,
309 974 442 1023 extrema
471 958 700 1037 Thaulitera,
733 980 834 1021 crucis
852 958 948 1019 habet
967 957 1148 1020 similitudi-

76 1070 161 1127 nem,
184 1069 262 1131 quae
279 1048 312 1107 in
339 1045 588 1106 Christianorum
607 1043 766 1107 frontibus
779 1044 930 1128 pingitur,
951 1052 982 1104 et
999 1043 1149 1125 frequen-

77 1138 101 1195 ti
124 1154 234 1196 manus
254 1132 458 1213 inscriptione
476 1129 627 1215 signetur.

159 1230 190 1287 9.
215 1212 544 1277 CHRYSOSTOMUS
566 1214 598 1273 in
619 1213 645 1274 1.
668 1212 811 1275 Corinth.
834 1207 919 1271 hom.
942 1222 1008 1279 tm:
1031 1209 1151 1271 Verum
1193 1263 1202 1273 ,

77 1302 166 1383 quod
191 1299 275 1383 apud
298 1320 368 1376 eos,
405 1301 461 1380 qui
484 1317 608 1359 erucem
631 1297 782 1377 odorant,
814 1308 847 1357 et
872 1314 982 1355 areana
1008 1296 1153 1370 mysteria

75 1389 306 1449 communicant
332 1396 391 1444 ete.

166 1485 214 1539 10.
237 1468 347 1531 IDEM
370 1466 456 1531 hom.
477 1477 521 1533 55
549 1466 580 1525 in
602 1461 733 1525 Matthr
771 1462 833 1525 sed
868 1460 964 1524 veluti
995 1481 1154 1539 coronam,

76 1556 123 1616 sie
143 1555 225 1615 iaetu
247 1554 350 1615 animo
368 1570 492 1609 erucem
513 1547 631 1609 Christi
648 1548 911 1610 circumferamus.
944 1546 1055 1617 Omnia
1064 1546 1160 1625 enim,
1182 1566 1226 1609 rm
1239 1579 1306 1608 eeeee
1307 1580 1330 1608 m

78 1660 162 1720 quae
192 1636 233 1697 ad
259 1635 387 1695 sulutem
420 1646 558 1695 nostram
582 1632 779 1711 conducunt,
813 1634 985 1715 peripsam
1010 1628 1331 1711 consum-{33⁸⁰ssffl]

79 1734 217 1781 suuntur.
260 1718 337 1778 Nam
360 1738 430 1777 cum
451 1740 485 1778 re
507 1737 689 1795 enersmur,
721 1738 797 1777 crux
817 1716 945 1778 Domini
962 1712 1062 1776 adest:
1085 1714 1332 1803 cumpwdfljuj

83 1804 291 1864 saeratissimo
326 1800 436 1863 alimur
465 1739 561 1879 ciio,
594 1822 663 1861 cum
680 1803 712 1861 in
731 1802 842 1863 ordine
861 1798 1064 1862 consecrandi
1093 1776 1232 1859 sta-ciir-
1246 1776 1291 1803 Μ
1309 1776 1322 1801 u

83 1889 220 1964 tuimur,
251 1884 366 1967 ubique
391 1908 427 1948 ae
452 1906 573 1971 semper
595 1886 629 1947 id
650 1887 799 1948 victoriae
821 1888 940 1969 insigne
963 1881 1057 1945 nobis
1079 1885 1158 1944 ussi-
1208 1934 1211 1939 .

78 1972 152 2031 stit:
184 1984 378 2054 quapropter
407 1982 439 2031 et
463 1973 496 2031 in
524 1969 758 2054 penetralibus,
792 1982 822 2032 et
855 1972 887 2031 in
914 1965 1100 2053 parietibus,
1123 1980 1155 2029 et
1166 2011 1248 2053 pm„
1259 2012 1333 2064 m,

80 2058 113 2115 in
136 2054 294 2131 fenestris,
327 2066 359 2115 et
388 2057 420 2115 in
451 2056 556 2116 fronte
583 2076 711 2138 quoque
740 2067 894 2117 semente
912 2074 1024 2139 magno
1047 2051 1152 2115 studio
1163 2062 1228 2119 rum
1236 2038 1259 2119 ‘i
1270 2061 1334 2120 swr-

79 2160 204 2200 erucem
232 2140 409 2201 inserimus.
457 2140 495 2201 Id
525 2142 606 2201 enim
624 2140 732 2201 salutis
750 2153 894 2218 nostrae,
928 2138 962 2199 id
981 2139 1152 2201 eommunis
1164 2117 1330 2203 iiiiir.'¹¹¹¹''¹'

79 2224 253 2301 libertatis,
285 2223 319 2283 id
344 2223 583 2287 mansuetudinis
619 2238 712 2307 atque
733 2224 916 2286 humilitatis
942 2223 1069 2285 Domini
1090 2226 1155 2307 sig-

79 2330 156 2367 nunr
175 2319 229 2369 est.
272 2308 407 2385 Quando
426 2310 523 2391 igitur
544 2329 638 2369 cruce
661 2322 693 2371 te
719 2312 836 2392 signas,
856 2310 1030 2369 universam
1052 2308 1159 2373 tecum'

81 2396 188 2453 crucis
198 2413 328 2451 -causam
360 2404 444 2450 verte
457 2436 467 2466 ,
501 2404 534 2451 et
549 2395 613 2451 irae
634 2414 669 2452 ae
699 2394 890 2474 reliquarum
904 2396 1082 2474 passionum
1103 2396 1155 2453 in·
1165 2437 1192 2478 ,n
1212 2438 1332 2481 ,mmo-

80 2475 195 2538 cendia
216 2477 375 2555 extingue:
397 2475 525 2554 quando
542 2487 574 2533 tc
594 2494 688 2534 eruce
708 2478 819 2557 signas,
840 2496 949 2556 magua
962 2488 1046 2535 tuam
1062 2476 1154 2536 fron·
1165 2500 1264 2547 necrus.
1279 2491 1334 2542 ,mi

79 2574 146 2622 tem
168 2578 253 2619 arma
275 2554 413 2634 fiducia,
436 2556 579 2617 libertate
604 2560 736 2617 animum
753 2578 890 2617 munius:
922 2577 979 2617 nee
1002 2560 1083 2617 enim
1108 2538 1324 2619 lu·‘⁰⁸'¹⁸⁸‘¹''¹”‘

80 2657 128 2707 tet
151 2662 206 2705 ros
231 2661 379 2723 quaenam
401 2644 479 2717 sint,
502 2638 617 2722 quibus
645 2640 787 2702 libertate
813 2642 920 2702 donati
934 2660 1048 2701 sumus.
1070 2641 1156 2703 Pau·

83 2728 132 2791 ius
158 2728 240 2787 enim
264 2744 334 2788 euru
365 2725 404 2786 ad
441 2725 656 2810 capessendam
676 2748 777 2787 reram
801 2726 882 2787 hune
905 2724 1080 2787 libertatem
1100 2746 1158 2787 nos
1196 2748 1200 2755 ·

84 2812 285 2887 hortaretur,
316 2809 356 2871 ud
380 2814 482 2872 erucis
503 2823 535 2872 et
555 2813 711 2895 sanguinis
730 2812 886 2873 Dominiei
905 2812 1084 2872 memoriam
1109 2830 1161 2870 re·

84 2898 191 2973 duxit,
209 2896 337 2961 dieenst
357 2894 466 2957 Pretio
488 2896 582 2978 empti
602 2898 694 2975 estis,
716 2918 780 2957 non
802 2897 868 2956 sitis
892 2896 973 2957 servi
987 2894 1159 2957 homiuum.
1208 2932 1211 2937 -

83 2982 224 3043 Pretium
247 2992 349 3041 autem
372 2978 424 3041 hic
445 2998 569 3041 erucem
592 2979 778 3064 appellavit,
802 3001 895 3062 quam
918 3000 984 3042 nou
1008 2980 1324 3063 simplici-sconem.

84 3078 136 3127 ter
154 3064 253 3149 digito
286 3066 319 3126 in
349 3085 507 3149 corpore,
539 3065 593 3126 sed
613 3086 721 3149 magna
749 3068 897 3149 profecto
923 3062 986 3125 fide
1008 3068 1040 3125 in
1059 3076 1160 3125 mente

85 3152 175 3235 prius
196 3150 331 3211 formare
363 3160 501 3233 oportet.
542 3148 620 3211 Num
642 3154 668 3211 si
688 3150 750 3213 hoe
780 3150 876 3211 ruodo
895 3170 961 3211 esm
984 3148 1074 3209 faciei
1088 3162 1160 3210 triae

86 3236 298 3317 impresseris,
319 3233 423 3295 nuilus
444 3232 645 3295 scelestorum
667 3234 867 3312 daemonum,
887 3254 957 3295 eum
980 3231 1098 3295 hastam
1113 3236 1162 3293 vi·

87 3318 178 3396 deut,
212 3338 275 3399 qua
309 3316 400 3379 letale
420 3316 532 3379 vulnus
554 3320 706 3417 suscepit,
732 3320 880 3403 congredi
903 3330 1006 3380 tecum
1024 3316 1161 3382 audebit.
1204 3344 1337 3389 niensis,

85 3402 165 3465 Nam
183 3404 210 3463 si
227 3421 296 3463 eum
315 3400 512 3463 solummodo
528 3403 616 3479 ines,
638 3424 670 3463 m
697 3404 810 3485 quibus
826 3406 927 3488 capite
938 3403 1072 3464 damnati
1082 3422 1161 3486 poe-
1172 3392 1336 3485 2{ff{{';,ff¹¹¹·

84 3508 142 3571 nas
162 3487 363 3570 persolvunt,
383 3486 544 3565 ridemus,
565 3490 680 3572 ingenti
693 3486 829 3551 horrore
843 3491 1061 3552 concutimurt
1081 3486 1159 3570 quid
1297 3472 1304 3487 ⁸

84 3591 250 3655 passurum
272 3584 361 3654 putas
385 3570 569 3651 diabolum,
596 3575 623 3633 si
645 3594 825 3635 mueronem
851 3587 955 3635 tenere
984 3586 1015 3635 te
1034 3571 1160 3651 uiderit,

84 3678 154 3741 quo
191 3657 271 3716 vires
297 3658 365 3737 ejus
398 3656 537 3717 Christus
560 3656 723 3737 dissolvit,
755 3671 786 3719 et
808 3678 874 3741 quo
899 3670 996 3743 eaput
1013 3657 1160 3719 draconis

84 3761 200 3825 magno
217 3741 281 3799 ictu
297 3740 432 3801 rotavit?
472 3740 545 3803 Noii
577 3762 652 3827 crgo
670 3755 757 3805 tanto
784 3756 821 3804 tu
838 3742 926 3805 bono
944 3741 1161 3818 verecundari,

88 3844 145 3903 ne,
175 3823 304 3906 quaudo
328 3826 360 3883 in
384 3827 541 3905 majestate
561 3848 616 3889 sua
647 3830 749 3890 veniet
767 3826 927 3905 Christus,
961 3825 1001 3889 de
1019 3840 1051 3889 te
1073 3846 1162 3887 vere-
1172 3840 1336 3887 nacionum

88 3908 255 3971 enudetur.
296 3910 385 3969 Tunc
419 3913 499 3969 euim
529 3914 650 3993 signum
671 3910 733 3973 hoe
751 3932 847 3997 super
878 3911 984 3973 radios
1004 3911 1079 3972 sniis
1105 3892 1329 3983 eo—iiiif'mm'

91 4012 237 4069 means,
271 3994 522 4059 antechristum
542 3996 671 4057 videbis.
715 4000 786 4058 Hoc
810 3999 930 4081 signum
949 4007 981 4058 et
998 3997 1110 4080 priscis
1131 4007 1163 4057 et

89 4079 203 4139 nostris
227 4078 443 4159 temporibus,
473 4078 590 4141 clauses
609 4083 720 4163 januas
739 4085 906 4159 reseravit,
936 4080 998 4143 hoe
1027 4102 1163 4143 veneno·

83 4182 163 4225 rum
185 4166 267 4225 vires
287 4164 442 4241 exstinxit,
472 4162 534 4225 hoe
555 4164 674 4229 seroces
690 4164 804 4229 bestias
829 4169 993 4254 repressit,
1014 4164 1078 4229 hoe
1100 4144 1340 4288 lte-aiiiiiktiiid

1175 4254 1259 4299 affare
1296 4272 1303 4285 .
