2768 4762
266 386 380 455 1981
484 382 575 463 ¹DE
616 378 1115 495 SALUTATJONE

87 567 249 664 gamit*
269 569 356 650 ipsa,
386 563 459 630 dico
484 566 591 642 vobis,
626 570 792 647 carissimi,
821 570 846 631 si
868 569 922 655 pie
943 566 1071 632 anobis
1092 564 1216 652 pulsata
1230 564 1346 648 inerit,

204 646 211 664 '
268 672 334 737 uon
359 647 459 712 deerit
484 655 657 715 necessitati
685 666 831 716 nostrae:
866 656 1012 736 quoniam
1033 655 1209 714 misericors
1229 654 1295 732 e'st,
1316 668 1349 719 et

269 747 368 798 mater
390 737 630 799 misericordiae.
673 738 750 800 Nam
770 740 797 799 si
830 758 989 822 compassa
1009 749 1060 798 est
1082 737 1287 798 verecundiae
1308 740 1350 799 il-

273 820 393 900 lorum,
414 838 450 881 »a
470 821 585 904 quibus
609 821 712 884 fuerat
736 825 882 884 invitatas
904 821 1002 883 multo
1020 826 1116 907 magis
1140 827 1349 908 compatietur

229 966 236 975 ,
271 904 392 989 nobb,
420 904 448 966 si
476 909 528 990 pie
562 906 659 969 luerit
686 910 836 989 invocata.
886 907 1016 969 Placent
1039 910 1120 967 enim
1151 907 1198 968 illi
1221 910 1349 990 nuptiae

98 1027 253 1078 ,mmm
272 1000 421 1066 nostrae,
433 1024 441 1031 -
455 1002 487 1053 et
508 993 666 1075 pertinent
687 992 807 1052 adeam
823 990 923 1053 inulto
949 991 1079 1075 amplius
1102 991 1179 1069 illis,
1202 991 1350 1054 niiiiirnm

274 1071 314 1135 d'e
343 1074 436 1171 cujus
459 1086 552 1137 utero
580 1088 728 1160 tanquam
758 1097 775 1138 e
803 1075 939 1141 thalamo
960 1096 1020 1138 suo
1049 1075 1186 1137 caelestis
1214 1096 1349 1161 sponsus

299 1169 437 1219 rocessit.

147 1231 150 1238 ¹
186 1228 190 1238 ’
274 1179 296 1243 P
360 1254 390 1312 ο.
433 1241 543 1304 IDEM
574 1241 671 1307 Serm.
704 1256 732 1312 1.
762 1244 795 1304 in
835 1238 981 1328 assumpt
1013 1241 1047 1305 B.
1086 1243 1147 1303 Μ.ι
1177 1242 1352 1307 Praecessit

275 1346 334 1388 nos
351 1325 457 1409 regina
469 1341 597 1405 nostra,
628 1330 816 1419 praecessit,
842 1341 873 1389 et
894 1341 956 1390 tani
971 1327 1106 1411 gloriose
1125 1341 1267 1412 suscepta
1290 1342 1351 1407 est,

275 1423 312 1475 ut
328 1407 519 1555 fiducpaliter·
540 1425 710 1556 seqpanmr
731 1412 887 1474 dominam
915 1411 1028 1474 servuli
1048 1411 1226 1472 clamantes:
1246 1412 1352 1556 Trplpe

102 1513 253 1562 cinnam.
276 1514 335 1557 nos
351 1514 412 1577 pos
448 1507 493 1557 te:
511 1516 544 1556 in
568 1518 588 1558 o
613 1518 670 1558 ore
689 1517 733 1557 nn
778 1509 922 1559 entorum
941 1510 1067 1558 tuorum
1091 1517 1261 1558 curremus.
1332 1531 1352 1546 ·

101 1562 253 1656 221252‘3,
262 1592 417 1640 uocatam
438 1582 596 1665 praemisit
610 1518 819 1668 peregriddtio
842 1595 972 1660 nostra,
1005 1601 1083 1663 quae
1100 1593 1245 1663 tanquam
1262 1582 1353 1663 judi·

102 1661 227 1709 ¹¹⁰⁰¹l¹·⁶·
278 1665 322 1723 eis
341 1677 438 1724 mater
450 1709 475 1747 ,Ι
494 1678 525 1727 et
546 1678 644 1727 mater
667 1666 899 1728 misericordiae
925 1666 1110 1750 suppliciter
1131 1678 1161 1727 et
1183 1667 1351 1727 efficaciter

277 1747 385 1810 salutis
415 1762 541 1811 nostrae
573 1753 698 1835 negotia
727 1750 942 1895 pertractabit
999 1750 1174 1812 Ascendens
1215 1772 1289 1835 ergo
1316 1754 1350 1810 iu

279 1832 376 1932 altum
393 1836 502 1934 Uvirgo
534 1834 661 1936 beata,
686 1834 726 1896 da
750 1839 776 1897 it
808 1839 875 1920 ipsa
900 1855 1040 1934 qnoque·
1058 1834 1141 1896 dona
1161 1834 1350 1933 bominibus.

117 1944 205 2000 Μὴ.
218 1958 269 1988 m,
281 1916 401 1987 Quidni
421 1919 532 1981 daretl
573 1918 735 2003 Siquidem
757 1941 814 1982 nec
835 1920 964 1982 facultas
983 1941 1012 1980 ei
1030 1919 1133 1980 deesse
1144 1932 1270 2001 poterit,
1293 1940 1352 1979 nec

104 1993 187 2036 ¹⁰¹⁰”·
224 2033 228 2040 ,
279 2000 432 2064 voluntas.
475 2004 591 2088 Regina
614 2005 773 2066 caelorum
807 2016 874 2081 est,
909 2005 1085 2064 misericors
1110 2015 1163 2063 est.
1205 2003 1354 2083 Denique

103 2045 269 2147 23:333&
280 2097 376 2147 mater
394 2099 439 2149 est
461 2091 612 2172 unigeniti
637 2087 696 2151 filii
713 2088 783 2149 Dei.
825 2087 911 2148 Nihil
932 2090 1013 2148 enim
1028 2090 1073 2148 sic
1091 2099 1194 2170 potest
1209 2099 1353 2169 potesta·

100 2146 191 2234 ‘diff'
203 2151 268 2198 ‘⁰⁸⁸'
278 2172 319 2230 tis
344 2173 411 2253 ejus
435 2193 490 2234 seu
507 2175 631 2256 pietatis
660 2173 901 2257 magnitudinem
929 2169 1157 2234 commendare:
1186 2173 1244 2230 nisi
1266 2171 1353 2232 sorte

278 2266 416 2318 autnon
436 2257 575 2319 creditur
595 2259 654 2319 Dei
667 2256 748 2321 filius
775 2254 933 2318 bonorare
956 2269 1104 2333 matrem,
1139 2267 1199 2315 aut
1222 2253 1352 2315 dubita·

278 2359 313 2399 re
332 2344 403 2424 quis
423 2343 528 2426 potest
542 2345 669 2403 omnino
690 2345 724 2403 in
742 2341 883 2403 affectum
901 2344 1037 2403 caritatis
1056 2341 1218 2401 transiisse*
1233 2341 1352 2399 Mariae

276 2434 410 2504 viscera,
443 2430 474 2488 in
503 2425 619 2509 quibus
655 2429 736 2510 ipsa,
771 2446 851 2511 quae
882 2446 918 2487 ex
940 2427 1017 2486 Deo·
1039 2436 1086 2485 est
1108 2425 1218 2485 caritas
1240 2445 1352 2485 norem

130 2588 134 2594 ²
277 2512 433 2576 mensibus
459 2511 668 2596 corporaliter
688 2513 851 2594 requievit
895 2588 897 2592 y
938 2543 947 2549 -

70 2671 73 2676 .
115 2623 190 2665 ussi.
204 2626 268 2669 tivo.
366 2610 415 2664 10.
458 2596 564 2657 ITEM
586 2597 683 2656 Serm.
704 2609 733 2664 a.
750 2599 784 2656 in
804 2606 968 2678 assumpt:
990 2593 1087 2654 Sileat
1106 2591 1352 2654 misericordiam

102 2678 261 2766 ,issssss‘mi'fi
278 2696 364 2745 tuam
388 2683 477 2765 uirgo
501 2680 606 2758 beata,
642 2682 668 2741 si
687 2683 757 2762 quis
776 2693 842 2754 est,
863 2681 921 2762 qui
943 2680 1115 2740 invocatam
1132 2690 1163 2737 te
1187 2680 1218 2736 in
1243 2696 1353 2737 neces-

277 2766 421 2831 sitatibus
442 2767 506 2827 suis
525 2764 587 2826 sibi
615 2767 787 2824 meminerit
809 2765 950 2825 defuisse.
1000 2762 1065 2824 Nos
1092 2762 1215 2844 quidem
1235 2759 1352 2821 servuli

276 2854 324 2913 tui
362 2852 490 2912 caeteris
525 2852 557 2909 in
588 2848 757 2910 virtutibus
785 2847 1010 2932 congaudemus
1036 2847 1121 2923 tibi,
1150 2846 1204 2908 sed
1232 2846 1265 2905 iu
1292 2844 1354 2905 bac

276 2937 382 3019 potius
399 2933 595 3017 nobisipsis.
639 2934 813 2994 Laudamus
836 2935 1050 3017 virginitatem,
1073 2930 1276 2994 humilitatem
1293 2931 1356 2989 mi-

276 3039 403 3093 ramur,
427 3019 481 3078 sed
508 3018 723 3079 misericordia
751 3018 870 3077 miseris
888 3019 970 3100 sapit
997 3016 1137 3094 dulcius,
1173 3016 1357 3075 misericor*

277 3104 360 3164 diam
390 3102 606 3187 amplectimur
633 3105 758 3178 carius,
797 3102 1000 3162 recordamur
1032 3102 1171 3183 saepius,
1208 3097 1354 3158 crebrius

277 3191 463 3250 invocamus.
504 3188 587 3250 Haec
615 3200 661 3249 est
683 3188 780 3265 euim,
813 3207 891 3271 quae
922 3187 1020 3246 totius
1039 3184 1147 3245 mundi
1177 3184 1356 3265 reparatio·

276 3294 346 3332 nem
375 3273 534 3351 obtinuit,
566 3271 695 3333 salutem
719 3273 856 3332 omnium
885 3266 1069 3354 impetravit.
1123 3268 1252 3328 Constat
1269 3269 1355 3326 enim

264 3376 336 3442 ‘pro
366 3361 513 3418 universo
539 3378 649 3441 genere
677 3356 813 3418 humano
833 3357 929 3418 fuisse
953 3354 1139 3430 sollicitam,
1160 3352 1210 3411 cui
1232 3350 1355 3411 dictum

275 3454 339 3502 est:
357 3440 404 3503 Ne
422 3444 528 3503 timeas
550 3443 664 3503 Maria:
688 3442 836 3517 invenisti
858 3441 997 3526 gratiam,
1020 3440 1131 3520 utique
1148 3455 1240 3517 quam
1259 3456 1359 3517 quae·

276 3525 375 3586 rebus.
418 3527 498 3602 Quis
519 3548 593 3610 ergo
609 3518 839 3587 misericordiae
858 3537 945 3600 tuae,
973 3545 993 3584 o
1011 3521 1193 3595 benedicta,
1214 3518 1360 3602 longitu-

275 3609 396 3688 dinem,
430 3622 461 3672 et
493 3610 703 3689 latitudinem,
737 3609 957 3670 sublimitatem
989 3619 1021 3667 et
1041 3604 1234 3689 profundum
1259 3615 1359 3685 queat

275 3694 479 3778 inuestigare?
519 3695 597 3755 Num
633 3693 797 3778 longitudo
834 3694 901 3774 ejus
932 3712 1031 3774 usque
1061 3693 1094 3751 in
1123 3690 1204 3750 diem
1220 3690 1358 3750 novissi·

274 3800 360 3839 mum
389 3779 701 3852 invocantibus-eam
733 3777 877 3839 subvenit
907 3777 1068 3837 universis.
1111 3771 1258 3836 Latitndo
1283 3775 1357 3854 ejus

274 3863 376 3947 replet
410 3863 519 3926 orbem
549 3878 718 3940 terrarum,
752 3875 855 3924 uttua
878 3880 1005 3943 quoqne
1024 3859 1239 3920 misericordia
1261 3856 1358 3939 plena

273 3950 314 4009 sit
338 3951 436 4009 omnis
465 3961 558 4009 terra.
611 3949 664 4007 Sic
700 3959 731 4008 et
756 3946 929 4008 sublimitas
948 3947 1017 4029 ejus
1050 3947 1182 4005 civitatis
1199 3963 1366 4023 supernae·

274 4033 391 4095 invenit
414 4034 690 4109 restaurationem,
721 4044 753 4092 et
779 4030 974 4115 profundum
1007 4031 1074 4110 ejus
1107 4027 1286 4088 sedentibus
1321 4029 1357 4088 iu

273 4116 410 4177 tenebris
443 4129 475 4177 et
503 4118 534 4175 in
555 4117 667 4177 umbra
685 4119 796 4177 mortis
829 4114 968 4176 obtinuit
989 4114 1242 4196 redemptionem.
1286 4109 1375 4171 Per·

97 4211 260 4307 offatim·
272 4213 304 4263 te
330 4203 412 4261 euim
436 4199 552 4261 caelum
570 4202 741 4284 repletum,
764 4201 903 4261 infernus
928 4212 1092 4260 evacuatus
1111 4209 1176 4269 est,
1195 4199 1375 4257 instaura--

63 4338 66 4345 .
96 4309 157 4351 ae...
270 4286 446 4347 taa'ruinae
478 4285 616 4349 caelestis
646 4285 860 4366 Hierusalem,
883 4281 1130 4370 exspectantibus
1149 4283 1268 4346 miseris
1286 4283 1355 4343 vita
