2768 4762
232 340 468 403 TESTIMONIA
485 342 527 402 IN
544 341 629 408 11⁰0,
640 343 765 403 OPERE
784 337 985 401 ctumuvu.
1035 341 1149 402 xxx1x

181 692 184 697 ,
248 644 311 697 1>ss
349 637 594 731 GYRILLO·
613 637 961 731 ltexercitum

145 910 341 968 uvtcfflus
367 910 508 972 scholas.
544 909 689 984 Epiphsa.
725 911 758 966 1..
780 919 804 969 1.
836 910 1011 971 hiemat
1041 929 1066 967 c.
1086 920 1135 973 7.=

72 1008 201 1082 cyrillus
227 1024 335 1081 praeco
364 1005 450 1062 verbi
475 1005 623 1080 insignis,
644 1015 674 1060 et
698 1015 831 1059 strennue
856 1022 927 1059 vers
948 1024 981 1059 ac
1005 1006 1137 1062 salutaris

72 1103 225 1160 doctrinae
242 1103 464 1175 antesignanus,
489 1100 575 1158 laude
597 1112 627 1156 et
647 1098 866 1174 praedicatione
880 1101 1052 1161 celebratur.

142 1297 382 1361 mcueuoltus
399 1299 432 1352 L.
446 1295 523 1354 xlv.
540 1278 612 1359 hist.⁸
624 1294 703 1353 Eccl
722 1278 786 1364 cap.
801 1298 866 1360 eda
892 1293 1068 1350 Caelestinus
1087 1313 1134 1351 au·

69 1408 129 1454 tem
148 1398 257 1451 Romae
279 1395 458 1467 Episcopum,
483 1403 606 1466 propter
626 1391 819 1467 navigationis
841 1389 989 1463 pericula,
1012 1390 1074 1462 ipse
1093 1408 1134 1460 sy-

67 1491 149 1548 nodo
179 1488 368 1563 (Ephesinae)
397 1470 498 1540 adesse
521 1486 707 1555 retractavit:
734 1485 782 1541 sd
802 1478 946 1556 cyrillum
971 1497 1080 1552 tamen,
1102 1497 1135 1541 ut

66 1587 167 1642 locum
185 1585 228 1639 ibi
249 1599 332 1636 suum
359 1579 521 1640 obtineret,
555 1579 678 1652 scripsit.
720 1580 762 1633 Ex
786 1594 847 1655 ‘quo
875 1591 1025 1659 tempore,
1059 1579 1135 1634 sama

46 1746 49 1751 ⁴
69 1692 135 1744 cst,
158 1680 274 1731 mitram
293 1675 374 1727 illum
393 1683 422 1726 ct
442 1675 539 1745 Papae
558 1670 799 1746 appellationem,
820 1665 907 1751 etque
922 1686 955 1729 ut
972 1675 1053 1729 orbis
1064 1664 1133 1741 ,uni-

70 1767 263 1836 vorsi'judex
292 1767 505 1842 appellaretur,
536 1766 695 1843 accepisse:
729 1768 814 1853 Quae
831 1767 934 1826 deinde
958 1771 1053 1825 omnia
1079 1787 1134 1843 per

73 1863 280 1920 successionem
302 1862 340 1918 ad
359 1882 409 1921 eos
433 1865 520 1921 etiam
542 1863 748 1938 pervenerint,
778 1863 882 1939 quibus
909 1876 988 1921 sorte
1013 1865 1133 1919 Alexan·

70 1956 174 2013 drinae
197 1957 339 2015 Ecclesiae
358 1959 478 2015 thronus
499 1941 633 2036 legitime·
645 1959 828 2037 obvenisset,
852 1979 949 2016 sacros
967 1960 1132 2036 episcopos.

66 2057 107 2109 Et
123 2053 175 2110 lib.
193 2060 236 2120 lt.
260 2071 284 2107 c.
304 2062 351 2114 36.
394 2053 520 2126 Cyrillus
540 2054 633 2113 veluti
652 2053 793 2131 quaedam
813 2054 958 2112 Ecclesiae
973 2056 1041 2110 tuba
1059 2055 1131 2111 lines

65 2160 163 2205 terrac
186 2165 359 2219 personans,
384 2161 413 2205 et
435 2163 639 2224 propugnator
656 2152 804 2206 Ecclesiae
817 2150 991 2208 fortissimus
1013 2150 1051 2206 ab
1064 2167 1130 2206 ‘om-

66 2241 153 2298 nibus
177 2241 358 2309 celebretur,
377 2254 407 2300 et
424 2245 560 2300 omnihus
576 2247 607 2301 in
622 2262 677 2301 cre
696 2255 749 2304 est.

375 2534 432 2587 oe
467 2531 617 2588 neone
652 2494 818 2589 niano.

139 2802 417 2859 rflssouonurus
432 2799 549 2873 Cyrene.
564 2800 661 2877 aptio.
675 2790 805 2875 in'epist.
823 2800 860 2858 ad
872 2803 962 2858 Iseon.
982 2801 1016 2863 Β.
1025 2803 1127 2856 Ponte

67 2904 147 2957 Deus
172 2917 248 2954 nunc
275 2915 392 2973 quoque
422 2897 501 2953 Petri
524 2908 553 2954 et
575 2897 657 2953 Pauli
679 2897 776 2952 sedem
806 2897 912 2952 claram
935 2897 1131 2971 insignemque

66 2994 214 3060 reddidit,
233 3011 297 3047 cum
321 3003 445 3048 vestram
469 2994 647 3050 sanctitatem
664 2992 696 3049 iu
718 3010 753 3049 ea
772 2993 973 3061 collocaverit,
1000 3011 1073 3066 quae
1085 3009 1131 3047 ru·

67 3089 133 3146 dios
154 3089 223 3145 fidei
247 3087 425 3145 orthodoxae
444 3089 558 3151 emittit.

141 3281 376 3339 soenuottlus
397 3281 563 3338 Patriarelia
579 3282 724 3342 Hierosol.
748 3283 779 3337 in
800 3281 884 3357 epist.
904 3281 941 3336 ad
970 3283 1052 3354 Serg.
1076 3283 1129 3335 Pa-

66 3376 188 3433 triarcls.
209 3377 370 3443 Constant,
400 3377 513 3437 recitat.
534 3378 642 3438 action.
665 3379 715 3431 xl.
743 3388 811 3432 sext.
835 3376 941 3447 Synod.
962 3394 1025 3450 gen.
1054 3375 1128 3430 Con·

67 3483 155 3531 stant.
183 3472 328 3546 Tanquam
350 3490 459 3528 sacram
487 3483 517 3528 et
540 3471 773 3527 cohonorandem
802 3473 943 3545 suscipio,
975 3481 1127 3543 rectaeque

67 3567 136 3623 fidei
159 3567 390 3641 propagatricem
415 3580 443 3623 et
468 3586 485 3623 a
513 3570 576 3624 Deo
603 3565 808 3634 condonatam,
840 3578 926 3642 atque
953 3582 971 3621 a
998 3570 1060 3620 Deo
1083 3566 1126 3619 in·
1163 3558 1167 3567 ’

67 3662 205 3734 spiratum
236 3662 386 3735 epistolam
412 3663 510 3738 Magni
541 3674 627 3737 atque
655 3663 798 3735 praeclari
822 3664 926 3719 Leonis
954 3659 1126 3716 sanctissimi

36 3824 39 3828 A
67 3756 212 3810 Romanae
229 3756 388 3824 Ecclesiae,
409 3761 496 3813 immo
515 3757 652 3822 omnium,
673 3776 747 3830 quae
764 3758 816 3812 suh
836 3759 895 3813 sole
913 3756 1126 3812 eruntlumina-
1148 3749 1156 3758 '

45 3850 117 3904 rii:
138 3869 226 3924 quam
245 3851 345 3905 divino
370 3854 518 3909 manifeste
550 3863 698 3925 permotus
722 3852 826 3925 spiritu
848 3864 950 3907 contra
974 3852 1126 3922 Eutychcm

64 3946 262 4012 maledictum,
292 3956 322 4001 et
350 3949 413 4002 Deo
439 3946 578 4002 odibilem
605 3947 851 4022 desipientemque
878 3948 1057 4010 Nestorium,
1088 3944 1125 3998 ed

63 4042 229 4096 Flavianum
258 4041 429 4119 laudabilem
454 4042 568 4115 scripsit
592 4044 690 4117 regiae
714 4043 796 4096 urbis
819 4043 1009 4116 Episcopum:
1041 4058 1126 4113 quam

66 4147 95 4190 et
114 4137 324 4192 firmamentum
344 4147 441 4192 rectae
459 4135 527 4192 fidei
551 4138 667 4210 appello
688 4149 774 4213 atque
795 4139 916 4205 definio,
938 4138 991 4191 hos
1012 4138 1061 4208 qui
1087 4137 1126 4188 ita

68 4247 129 4286 earn
149 4231 257 4306 optime
276 4231 467 4299 definierunt,
486 4243 599 4289 sanctos
620 4245 717 4308 patres
740 4251 909 4309 assequens,
940 4243 1041 4305 utpote
1067 4248 1125 4284 om·
