2768 4762
392 334 627 431 Aaoeonrnro
649 365 709 431 Aa
733 362 969 430 bearorum.
1215 358 1312 426 xlx

62 550 101 618 iii
126 546 308 634 componit
345 546 387 610 In
418 548 619 631 Hieronymi
653 550 798 632 epistolis
827 546 1017 614 Romanam
1046 543 1240 627 editionem,
1270 552 1305 610 et

58 656 207 725 Mariani
235 656 369 721 Victorii
389 656 522 720 Reatini
543 658 825 724 emendationem:
840 658 891 719 dn
910 658 1100 743 Augustino
1118 662 1150 718 et
1175 656 1304 738 Grego-

55 770 109 829 rio
136 768 265 850 Magna
287 763 529 829 Porisiensem:
558 768 648 847 quad
670 766 906 843 admonemus,
927 784 970 828 ne
991 764 1134 841 mireris,
1154 762 1302 825 inlibris

57 874 247 936 Moralium
270 873 374 933 aliam
399 891 457 933 nas
487 875 579 954 sequi
607 873 752 954 capitum
775 871 1167 950 distinctionem,=quam
1182 869 1305 933 habeut

55 981 160 1044 editio
189 978 404 1043 Basileensisr
438 978 480 1039 In
507 978 637 1040 Isidoro
667 985 701 1039 et
730 977 871 1040 Rabona
899 979 1129 1042 Coloniensem
1148 995 1194 1039 ex
1213 982 1304 1057 post·

56 1110 152 1152 remo
178 1087 399 1173 recognitione
422 1083 616 1149 Malchionis
641 1083 825 1164 Hittarpii:
845 1086 880 1147 in
902 1084 1087 1167 Prospera,
1108 1078 1302 1169 Lunjronoo

56 1203 92 1257 et
122 1194 343 1285 Guittmundo
373 1203 471 1277 atque
490 1192 615 1269 laone,
649 1174 894 1265 avenionum.
945 1191 1109 1273 Superest,
1135 1197 1174 1254 ut
1194 1193 1237 1254 de
1261 1189 1324 1275 iis:

58 1302 152 1363 libris
183 1301 325 1364 Patrum
353 1303 521 1376 dicamus,
553 1297 610 1380 qui
636 1296 815 1378 seperatim
848 1299 980 1374 excusi,
1010 1307 1070 1360 aut
1097 1296 1199 1361 etiam
1227 1296 1304 1361 alli·

59 1408 220 1471 Patribus
248 1406 366 1471 inserti
400 1413 501 1485 atque
529 1403 693 1478 adiuncti,
723 1421 792 1463 non
816 1409 887 1464 tam
905 1397 1009 1481 facile
1037 1423 1059 1464 a
1078 1403 1193 1483 quovis
1212 1403 1304 1466 inoe-

58 1517 219 1581 niuature
250 1513 339 1574 inter
362 1526 444 1592 quas
473 1516 553 1571 sunt
577 1508 654 1569 libri
680 1507 843 1569 Pachales
877 1507 1047 1587 Theophili
1064 1506 1304 1586 Alexandrini,

59 1623 117 1704 qui
141 1617 357 1698 reperiuntur
378 1616 415 1676 in
443 1615 600 1678 Antidota
624 1622 739 1675 cantro
771 1614 919 1676 diversas
948 1612 1098 1675 amnium
1109 1606 1189 1697 jere
1210 1627 1305 1675 secra·

61 1729 175 1786 lorum
187 1724 355 1796 haereses,
377 1718 528 1784 Basileae
542 1721 630 1783 edita
647 1736 737 1783 anna
759 1729 850 1788 1528·
871 1729 905 1783 et
925 1718 1045 1803 infine
1065 1736 1206 1802 operum
1223 1715 1307 1782 Diui

63 1829 266 1909 Hieronymi
287 1828 482 1891 Parisiensis
497 1826 665 1902 editionis,
686 1840 889 1910 quamquam
912 1827 983 1891 illia
1008 1826 1212 1908 Hieronymi
1235 1825 1307 1908 epi·

60 1939 167 1999 statae
184 1936 230 1996 od
250 1938 388 1998 eundem
411 1930 626 2013 Theophilum
651 1934 816 2013 scriptae,
836 1932 1009 2021 praefixae
1029 1957 1097 2001 non
1116 1935 1195 1998 sint.
1238 1933 1326 2015 Di·-

58 2046 182 2123 dymus
205 2042 456 2104 Alexandrinus
477 2039 633 2120 operibus
657 2035 739 2102 Divi
764 2040 965 2122 Hieronymi
988 2044 1138 2107 adiectus
1152 2049 1213 2107 est.
1238 2044 1306 2124 Gy·

56 2150 127 2211 riiii
147 2148 369 2211 Alexandrini
386 2148 560 2229 epistolam
581 2147 627 2207 ad
648 2146 861 2227 Colasyrium
879 2149 1107 2233 Arsinoitam,
1129 2156 1163 2214 ot
1187 2146 1307 2213 Basilii

58 2258 106 2318 ad
128 2256 322 2327 Caesaream
340 2253 537 2330 patritiam,
561 2251 598 2313 in
616 2250 769 2334 operibus
792 2272 910 2318 earum
930 2276 998 2321 non
1017 2257 1227 2320 invenimus.-
1246 2252 1307 2318 sed

58 2382 144 2446 quae
161 2381 183 2424 a
202 2361 390 2424 doctissima
407 2359 480 2424 uiro
498 2358 699 2423 Cutheberto
717 2361 886 2424 Tonstolla
899 2363 1118 2427 Dunelmensi
1132 2361 1305 2444 Episcopo,

58 2471 96 2531 in
115 2471 200 2531 libro
222 2470 263 2529 de
287 2465 427 2528 ueritate
454 2467 605 2548 corporis
629 2474 662 2528 et
681 2468 856 2552 sanguinis
877 2469 1016 2531 Domini
1038 2470 1164 2533 Graeco
1188 2475 1222 2531 ei
1240 2468 1307 2530 Lo·

59 2576 130 2639 tine
145 2592 191 2638 eoo
213 2572 255 2635 iis
272 2571 435 2650 citantur,
471 2572 716 2645 annotavimus.
757 2572 889 2662 Ruffini
914 2576 1078 2655 expositio
1104 2575 1140 2635 in
1167 2574 1307 2652 Symbo-

60 2684 154 2761 lum,
175 2688 409 2763 praeterquam
429 2683 516 2762 quad
533 2679 569 2742 in
589 2687 709 2763 quarta
732 2690 821 2745 tomo
839 2702 978 2763 operum
999 2680 1080 2742 Diui
1100 2680 1307 2760 Hieronymi

60 2790 263 2870 reperiatur,
283 2793 397 2848 exstat
426 2786 525 2849 etiam
545 2787 633 2849 inter
656 2786 739 2849 Divi
766 2783 923 2869 Cypriani
949 2779 1125 2870 opuscula}
1162 2788 1309 2869 Chryso·

60 2895 161 2960 atomi
185 2896 269 2958 iiber
289 2894 331 2955 da
364 2892 573 2978 Virginitate,
597 2895 757 2979 Dilingae
779 2897 961 2974 separatim
978 2914 1122 2959 excusus
1142 2902 1202 2957 est.
1245 2894 1304 2957 Li·

61 3002 193 3087 turgiae
230 3001 318 3065 beati
348 3000 481 3078 Jaeabi,
517 3000 635 3064 Basilii
658 3009 690 3064 ot
722 3000 949 3083 Chrysostomi
974 3003 1076 3065 simul
1098 3002 1208 3066 editoe
1228 3009 1308 3065 tunt

59 3128 121 3194 per
142 3107 313 3171 Ciaudium
327 3106 488 3171 soracten·
571 3104 772 3194 Tmuogam
797 3102 1039 3172 Parisiensemo
1066 3114 1218 3172 attamen
1241 3110 1309 3173 aa·

61 3217 131 3281 silii
155 3224 187 3278 et
211 3214 436 3296 chrysostomi
461 3216 502 3278 Li
520 3216 655 3300 urgiae,
677 3236 793 3279 eorum
817 3216 971 3296 operibus
996 3217 1031 3277 in
1050 3205 1312 3281 Ponstensi'eoo

61 3325 153 3387 tione
172 3322 271 3383 etiam
291 3322 470 3409 adjunctae
493 3331 583 3384 sunt.
628 3318 835 3386 Bessarionis
849 3320 974 3403 scripta
997 3325 1162 3405 quaedam
1179 3323 1221 3385 de
1238 3320 1311 3389 Eu·

60 3428 242 3505 choristia,
270 3429 305 3491 in
329 3433 444 3495 eodem
473 3431 632 3511 opusculo
652 3429 873 3493 eontinentur.
917 3429 1119 3492 Damasaeni
1142 3426 1220 3493 libri
1240 3435 1309 3494 tres

63 3540 108 3600 da
125 3535 344 3619 imaginibus,
366 3558 387 3599 o
410 3533 595 3623 Gadefrida
611 3536 785 3601 bilmanno
799 3535 834 3598 in
858 3533 1019 3601 Latinum
1035 3531 1201 3615 comesi,
1220 3552 1310 3602 toan

60 3664 139 3708 eum
160 3643 364 3723 prodierunt.
408 3644 443 3707 si
461 3644 518 3727 qui
540 3651 620 3706 sunt
648 3641 721 3728 ejus
742 3644 873 3729 generis
891 3652 1042 3708 auctores
1065 3642 1124 3705 olii
1153 3641 1189 3706 in
1212 3643 1310 3709 Cote-

62 3750 190 3816 ahismo
207 3746 317 3826 citati,
338 3746 479 3832 quarum
497 3751 622 3831 scripta
646 3750 738 3813 houd
758 3751 806 3813 ita
828 3761 907 3815 nata
930 3758 1027 3830 sunt,
1047 3765 1089 3815 eo
1102 3750 1157 3815 uei
1172 3764 1309 3833 separa·

62 3860 125 3923 tim
148 3857 311 3937 impresso
322 3862 477 3919 exstanti
497 3858 550 3919 val
567 3852 601 3918 in
624 3857 664 3919 iis
686 3852 912 3921 voluminibus
924 3856 1159 3936 inueniuntur,
1179 3857 1217 3920 in
1237 3856 1310 3942 qui·

65 3962 126 4029 bus
160 3965 366 4026 diversorum
407 3968 583 4026 auctarum
615 3960 737 4047 scripto
763 3968 900 4030 collecta
924 3972 1024 4029 sunto
1053 3959 1147 4052 ardue
1177 3963 1310 4050 poneris

63 4080 143 4136 nant
152 4078 225 4135 acto
237 4068 319 4134 tomi
328 4067 463 4152 Aloysii
476 4069 653 4149 Lipomani
663 4070 704 4134 de
722 4071 803 4137 Vitis
812 4075 1028 4151 Sannorum,
1048 4066 1311 4152 neptalim,

63 4179 263 4246 Antidotum
283 4187 399 4242 cantro
420 4174 568 4241 divorsos
589 4178 758 4258 haeresos,
780 4178 946 4264 Panapiio
967 4160 1163 4260 Euthymiit
1182 4172 1239 4243 ool
1253 4172 1331 4237 'dev
1355 4232 1362 4243 .

63 4286 170 4373 nique
185 4288 290 4366 mbos,
308 4286 367 4353 ubi
385 4280 649 4373 quaerendam
661 4285 867 4365 auctoritas,
886 4284 1188 4414 simultatm
1198 4264 1323 4349 ulii?
1350 4308 1353 4315 ·
