2768 4762
321 384 324 391 ’
427 389 798 458 ANGELIGA.'
940 484 944 493 Ι
1071 390 1148 462 lut

68 609 125 671 qm
165 603 316 667 nusquam
351 584 491 666 capitur,
523 582 742 666 amplissimum
775 574 996 641 habitaculum.
1038 575 1150 639 Gaude

74 683 179 734 sancta
212 683 297 733 terra
331 670 485 752 virginea,
522 688 556 727 ex
578 690 637 751 qua
658 686 757 727 novus
778 661 875 725 Adam
899 663 1070 737 formatur,
1092 664 1149 742 qni

72 770 205 818 veterem
235 755 335 815 Adam
363 765 472 813 servet
516 753 627 814 Gaude
659 751 841 813 fermentum
865 761 1004 810 sanctum
1023 767 1058 806 ac
1078 746 1172 819 Deo,

74 855 215 925 gratnm,
256 861 293 900 ex
314 859 379 919 quo
400 839 498 899 totius
520 840 639 916 generis
659 835 786 896 humaui
807 854 902 896 massa
935 833 1149 906 fermentatur,

70 937 105 987 et
130 926 162 984 iu
197 926 289 985 unius
328 925 473 1006 corporis
498 921 614 983 Christi
641 941 749 1003 panem
772 918 887 995 evadit,
922 931 960 991 et
974 914 1149 978 admirabili

70 1001 194 1071 ratione
229 1020 490 1090 coaugmentatum
551 1006 661 1068 Gaude
695 1002 800 1086 gaudii
830 1016 926 1065 mater
959 1002 1149 1085 sempiterni,

71 1092 172 1239 gaude
202 1115 283 1155 nova
312 1094 372 1154 Dei
403 1112 497 1169 arca,
531 1093 562 1151 in
595 1112 656 1170 qna
682 1091 742 1151 Dei
775 1088 910 1170 Spiritus
947 1088 1148 1169 conquiescit.
1161 1088 1326 1181 vsm‘hiffss‘

102 1199 175 1256 rea,
205 1181 238 1238 in
264 1197 327 1260 qua
359 1191 468 1239 noster
498 1176 566 1237 Noe
588 1177 732 1238 Christus
761 1171 981 1232 humanitatem
1003 1173 1149 1231 servavit:
1163 1153 1218 1230 cll:
1232 1169 1286 1237 esa.

71 1283 164 1340 arca,
186 1264 219 1322 iu
243 1283 306 1343 qua
326 1282 425 1323 novae
447 1262 564 1346 gloriae
586 1257 801 1334 sanctificatio,
821 1268 855 1331 et
871 1259 925 1337 qui
940 1268 1048 1315 natura
1062 1275 1152 1315 sanc·
1162 1239 1235 1281 Μ·
1244 1244 1277 1287 ⁵⁷¹
1286 1249 1306 1285 ¹·

71 1359 123 1409 tus
157 1359 223 1422 est,
257 1349 289 1406 in
324 1348 464 1429 virginea
493 1344 622 1406 naturae
654 1343 777 1403 officina
792 1360 915 1424 ,corpus
948 1338 1008 1398 sibi
1030 1341 1152 1399 ratione

72 1429 211 1493 mirabili
248 1429 419 1492 fabricatus
452 1442 517 1506 est,
548 1449 612 1490 uon
636 1427 794 1509 deponens
815 1423 866 1502 id,
889 1422 977 1487 unod
998 1435 1084 1484 erat:
1107 1433 1153 1483 est

72 1518 156 1575 enim
176 1513 398 1575 immutabilise
433 1515 487 1574 sed
517 1532 670 1572 assumens
705 1510 761 1587 id,
796 1508 885 1593 quod
907 1529 968 1568 uon
992 1520 1077 1568 erat:
1107 1518 1153 1567 est

73 1602 157 1659 enim
174 1598 326 1680 benignus
350 1609 381 1657 et
401 1595 565 1657 hominum
588 1597 819 1657 amantissimus.
864 1592 974 1652 Gaude
994 1612 1076 1652 urna
1096 1610 1149 1651 au·
1163 1583 1329 1679 {1321}qu

73 1704 150 1758 rea,
187 1702 267 1761 quae
289 1682 428 1742 contines
454 1681 566 1756 illurn,
601 1681 656 1762 qui
684 1679 775 1741 dulce
804 1698 913 1738 manna
934 1675 1044 1738 etmel
1071 1684 1331 1759 epe-Putandi·

73 1780 126 1825 tra
158 1768 280 1846 ingrato
312 1765 435 1848 populo
469 1766 721 1827 subministravit
766 1762 877 1824 Gaude
897 1760 1066 1845 Seraphim
1084 1734 1305 1835 my·¹³⁸'¹⁸'⁸'”

76 1849 149 1908 stici
172 1848 316 1910 carbonis
348 1850 483 1911 ardentia
505 1850 638 1933 forceps.
690 1848 780 1910 Salve
810 1846 950 1930 spiritale
966 1846 1154 1930 praecogni—

75 1933 171 1993 tionis
195 1935 378 2016 perspicuae
400 1934 579 2017 speculum,
599 1954 657 2016 per
681 1933 769 2015 quod
794 1931 974 2014 Prophetae
1000 1926 1154 1992 infinitam

73 2037 148 2100 erga
167 2037 223 2079 nos
244 2018 303 2079 Dei
334 2017 571 2081 submissionem
598 2020 726 2095 mystice
744 2016 902 2101 vaticinati
927 2027 1008 2076 snut.
1066 2016 1155 2077 Gan-

41 2100 46 2107 “
72 2100 113 2160 de
136 2102 317 2182 speculum,
350 2123 410 2188 per
424 2102 529 2187 'quod
551 2103 692 2185 justitiae
711 2101 809 2164 solem
830 2103 1004 2162 venientem
1026 2120 1044 2161 e
1065 2098 1153 2172 caelo

73 2187 273 2268 suspicientes
293 2189 334 2266 li,
372 2191 429 2271 qui
448 2188 551 2249 densis
576 2190 609 2248 in
640 2185 777 2249 tenebris
797 2187 916 2270 peccati
938 2183 1153 2262 versabantur,

74 2269 220 2331 illustrati
245 2285 328 2337 suut.
393 2271 482 2332 Salve
500 2271 733 2354 Prophetarum
752 2284 784 2332 et
805 2269 1059 2333 Patriarcharum
1085 2292 1155 2332 om·

72 2356 162 2414 nium
185 2354 301 2428 decus,
322 2366 355 2413 et
380 2353 547 2415 clarissima
564 2375 692 2415 arcanae
713 2356 980 2437 praecognitionis
1002 2354 1154 2416 humanae

75 2437 162 2497 tuba.
205 2435 372 2495 Benedicta
398 2447 437 2494 tu
473 2439 506 2496 iu
539 2437 737 2509 mulieribus,
760 2449 792 2498 et
819 2436 1002 2499 benedictus
1030 2440 1153 2499 l'ructus

75 2518 194 2580 ventris
217 2519 275 2578 tui.
317 2518 361 2578 Et
375 2521 487 2579 merito
509 2516 694 2579 benedicta:
727 2519 885 2580 benedixit
910 2522 991 2580 enim
1014 2532 1045 2582 te
1066 2524 1153 2582 Deus
1164 2521 1287 2612 ssfflf‘llg·
1305 2522 1330 2563 ἢ

75 2601 314 2666 tabernaculum
337 2622 439 2679 suum,
460 2604 609 2685 quoniam
628 2615 774 2685 pateruae
793 2599 910 2687 gloriae
921 2603 1046 2684 plenum
1061 2583 1185 2667 Chri-¹¹¹
1221 2583 1246 2612 ⁹¹
1271 2585 1307 2617 ⁰⁸⁴

75 2701 160 2750 stum
187 2688 308 2763 imum,
339 2685 497 2748 homiuem
517 2686 648 2748 eundem
672 2700 704 2747 et
732 2688 831 2749 Deum
850 2690 883 2749 in
901 2690 958 2765 iis,
982 2708 1017 2749 ex
1036 2688 1152 2770 quibus

76 2785 110 2835 et
132 2774 165 2833 iu
196 2770 313 2854 quibus
342 2773 463 2833 naturis
484 2774 644 2851 consistit,
667 2771 843 2835 admirabili
864 2775 986 2834 ratione
1007 2774 1038 2833 iu
1059 2785 1152 2835 utero
1165 2761 1289 2812 ⁰⁰¹⁰“·²·
1307 2768 1331 2808 ⁸·

72 2870 137 2919 ,tuo
166 2857 295 2940 gessisti.
348 2856 516 2919 Benedicta
536 2871 572 2920 tu
600 2858 633 2918 in
656 2856 853 2934 mulieribus,
889 2879 970 2940 quae
992 2857 1154 2918 caelestem

75 2940 278 3017 thesaurum,
316 2942 348 3001 iu
372 2961 438 3023 quo
459 2955 533 3005 suut
552 2956 656 3006 omnes
677 2941 817 3004 thesauri
850 2944 1019 3026 sapientiae
1041 2953 1072 3003 et
1093 2943 1155 3002 sci-

76 3029 177 3087 entiae
200 3026 259 3086 Dei
289 3025 461 3102 reconditi,
495 3028 528 3087 in
553 3048 642 3089 sacro
663 3028 848 3107 virginitatis
872 3040 945 3088 tuae
963 3047 1066 3111 penu,
1089 3028 1156 3088 sine

77 3113 218 3193 angustia
236 3108 510 3193 comprehendisti.
552 3114 602 3172 Tu
623 3133 694 3173 vere
714 3110 879 3173 benedicta
899 3132 950 3188 es,
979 3113 1071 3193 cujus
1086 3124 1158 3172 ute·

79 3214 134 3257 rus
156 3215 244 3255 areae
264 3194 407 3256 cumulus
430 3208 491 3256 est:
514 3201 587 3280 quia
608 3195 833 3259 benedictionis
857 3197 1004 3271 frucmm,
1026 3198 1168 3279 immor-g

80 3277 208 3339 talitatis
226 3285 344 3361 spicam
364 3279 548 3357 Christum,
570 3282 636 3341 sine
661 3283 792 3358 semine,
823 3282 888 3342 siue
909 3280 1042 3341 cultoris
1063 3278 1155 3342 labo·

79 3383 117 3423 re
145 3361 348 3446 multiplicem
381 3365 508 3449 frugum
542 3363 812 3426 innumerabilium
840 3385 969 3426 messem
980 3365 1007 3442 “)
1027 3377 1153 3428 nostrae
1176 3378 1227 3424 tor.
1241 3380 1327 3431 ἠοε-

75 3444 189 3509 saltatia
207 3444 372 3531 Agricolae
397 3449 584 3534 produxisti.
626 3450 674 3511 ‘lh
695 3469 766 3511 vere
785 3448 967 3523 benedicta,
1001 3471 1082 3533 quae
1100 3470 1153 3512 so-
1164 3433 1328 3538 giwii:

75 3531 110 3595 la
138 3552 174 3593 ex
202 3532 347 3594 omnibus
373 3534 524 3597 matribus
557 3536 692 3596 creatori
719 3546 775 3596 tuo
805 3548 902 3597 mater
928 3535 1024 3596 electa
1048 3555 1096 3613 es,
1121 3547 1152 3597 et

79 3616 168 3700 quud
190 3629 237 3677 est
255 3629 388 3679 matrum
410 3621 546 3681 omnium
566 3621 732 3703 proprium
753 3620 894 3703 ignoras:
916 3621 1009 3701 cujus
1023 3640 1152 3702 quoque

77 3700 259 3763 excellentia
282 3704 486 3787 virginitatis,
527 3705 672 3765 maternis
705 3702 870 3766 doloribus
912 3714 1064 3788 corrupta
1087 3724 1151 3766 uon

77 3797 143 3862 eat,
163 3787 306 3871 virgineo
326 3789 462 3873 germine
481 3800 540 3851 tuo
565 3790 652 3873 signa
670 3799 742 3850 tuae
761 3792 907 3853 castitatis
932 3791 1052 3872 integra
1074 3810 1153 3850 con-

76 3883 229 3931 servante.
271 3871 322 3932 Tu
341 3893 414 3934 vere
431 3870 611 3950 benedicta,
636 3893 716 3957 quae
735 3873 804 3936 sola
828 3894 894 3937 arne
913 3874 975 3935 viri
998 3876 1154 3957 conjunch

78 3955 168 4015 tioue
190 3952 292 4016 filium
317 3957 460 4041 genuisti,
482 3959 537 4041 qui
562 3956 664 4020 caelos
683 3958 841 4038 condidit,
864 3971 896 4020 et
916 3972 1030 4020 terram
1053 3961 1151 4042 virgi·

79 4038 178 4100 nitate
197 4050 252 4100 tm
281 4041 373 4103 caelis
402 4045 593 4124 exaequavit
644 4042 809 4106 Benedicta
843 4045 934 4106 tuin
956 4044 1148 4119 mulieribus,

81 4141 164 4202 quae
191 4123 258 4184 sola
275 4124 524 4189 benedictionem
551 4128 730 4211 suscepisti,
753 4149 843 4211 qnam
862 4129 948 4191 Deus
974 4150 1032 4210 per
1048 4128 1152 4188 Abra-

81 4202 155 4267 ham
172 4209 313 4287 gentibus
332 4211 477 4273 omuibus
496 4215 649 4295 promisit
693 4213 743 4273 Tu
763 4233 835 4274 vere
854 4212 1034 4286 benedicta,
1071 4233 1151 4294 quae

79 4289 148 4354 aeta
175 4291 332 4358 benedicti
355 4293 413 4357 lilii
435 4296 507 4359 lesu
529 4296 660 4361 Christi·
675 4309 707 4360 et
733 4294 902 4365 Salvaturis
925 4301 1026 4359 uostri
1046 4295 1151 4357 decla·
