2768 4762
228 369 306 444 lib
608 373 701 443 DE:
720 373 815 439 SPE
855 371 971 455 ΕΤ

222 500 225 507 ι

48 608 51 615 .
151 582 154 587 >
227 555 409 641 piscentias,
440 569 472 622 et
494 562 681 626 concubitus
712 500 981 648 concupiscentiae
1005 585 1044 629 ne
1070 570 1309 653 apprehendant

225 687 297 749 me,
326 681 358 733 et
378 671 496 732 animae
519 673 702 734 irreverenti
736 685 768 734 et
788 673 958 735 infrunitae
982 694 1022 735 ne
1039 675 1143 742 tradas
1161 702 1218 742 me.

222 875 230 895 Ι
307 802 326 864 J
334 821 447 865 erem.
469 802 531 865 11.=
569 803 729 887 Numquid
757 824 863 866 servus
884 815 930 889 est
961 805 1057 867 Israel
1077 821 1132 893 auJ
1152 822 1305 873 vernacu-

224 904 300 980 lus?
321 890 418 994 quire
441 930 517 999 ergo
537 910 635 975 factus
654 924 700 974 est
719 913 751 973 in
771 910 941 996 praedam?
993 910 1095 995 Super
1108 936 1176 976 eum
1199 923 1307 1003 rugie-

224 1028 303 1079 runt
324 1015 448 1096 leones,
492 1031 523 1081 et
547 1019 701 1081 dederunt
731 1040 840 1081 vocem
862 1038 966 1097 snam,
987 1037 1164 1103 posuerunt
1186 1038 1305 1088 terram

224 1125 294 1205 eJ'ns
313 1127 345 1186 in
363 1125 577 1189 solitudinem:
607 1127 745 1189 civitates
764 1129 832 1208 ejus
856 1138 978 1197 austae
996 1140 1085 1207 snut,
1107 1144 1138 1192 et
1160 1147 1302 1211 nonest,

223 1233 279 1315 qui
306 1227 427 1296 habitet
460 1237 495 1295 in
531 1238 584 1297 eis.
626 1234 793 1318 Numquid
816 1255 881 1296 non
905 1233 991 1296 istud
1019 1235 1136 1298 factum
1163 1238 1300 1316 esttibi,

221 1343 298 1424 quis
319 1341 528 1435 dereliquisti¹
543 1343 713 1405 Dominum
741 1343 844 1404 Deum
866 1355 955 1405 tunm
974 1362 1012 1404 eo
1035 1355 1196 1428 tempore,
1234 1366 1300 1428 quo

222 1447 358 1514 ducebat
375 1465 406 1515 te
427 1472 489 1536 per
506 1450 618 1546 vianti.

302 1582 395 1657 Tnb.
417 1583 496 1649 mn
529 1582 607 1643 Cum
629 1603 682 1643 rex
709 1580 921 1645 Sennacherib
951 1584 1051 1646 iratus
1075 1582 1190 1644 multos
1212 1584 1299 1645 occi·

221 1688 312 1754 deret
340 1712 376 1753 ex
406 1688 480 1753 filiis
513 1690 609 1753 lsrael
621 1734 632 1769 ‚
665 1687 782 1752 Tobias
818 1688 988 1775 sepeliebat
1018 1711 1155 1777 corpora
1176 1710 1296 1751 eorum.

217 1795 262 1859 At
281 1796 336 1859 ubi
365 1798 545 1859 nunciatum
567 1810 613 1859 est
630 1797 717 1880 regi,
739 1798 834 1879 jussit
849 1818 919 1861 cum
939 1796 1060 1876 occidi,
1088 1811 1119 1860 et
1143 1798 1216 1859 tulit
1228 1784 1297 1860 oni-

217 1924 288 1965 nem
308 1902 512 1966 substantiam
530 1907 608 1985 ejus.
650 1903 767 1967 Tobias
795 1924 870 1966 vero
896 1925 966 1966 cum
995 1898 1063 1966 lilio
1088 1926 1144 1966 sun
1169 1916 1201 1967 et
1223 1926 1295 1965 cnm

216 2030 315 2073 uxore
339 2011 476 2096 lugiens,
511 2012 615 2073 nudus
646 2010 761 2090 latuit,
799 2015 873 2094 quin
899 2011 989 2074 multi
1014 2011 1184 2096 diligebant
1214 2032 1292 2074 eum.

215 2118 297 2182 Post
323 2118 481 2182 dioscero
513 2099 718 2206 qnadraginta
741 2122 881 2203 quinque
902 2121 1086 2184 occiderunt
1114 2141 1216 2205 regern
1233 2118 1293 2182 filii

215 2229 332 2311 ipsius,
362 2239 395 2289 et
419 2248 560 2290 reversus
594 2240 641 2290 est
663 2227 808 2291 Tobias
799 2251 832 2290 ιιι
851 2229 977 2317 domum
994 2247 1097 2308 suam,
1126 2231 1293 2311 omnisque

215 2333 392 2399 facultas
363 2358 432 2421 eJns
462 2339 605 2399 restituta
626 2348 672 2397 est
690 2337 729 2398 ei

296 2443 392 2508 rob.
418 2445 481 2508 11.
518 2444 658 2528 Contigit
685 2455 811 2522 antem,
842 2455 895 2507 ut
903 2416 1038 2533 qriadnm
1063 2444 1128 2507 die
1142 2444 1287 2529 fatigatus

208 2574 228 2615 a
258 2528 439 2641 sepultura,
478 2555 602 2614 veniens
636 2551 669 2612 in
690 2550 824 2613 domum
847 2572 948 2639 snum,
972 2555 1119 2636 jactasset
1138 2573 1171 2614 se
1198 2555 1288 2637 juxta

207 2663 381 2745 parietem,
405 2672 436 2722 et
452 2658 683 2722 obdormisset:
704 2672 736 2720 et
756 2680 792 2720 ex
811 2650 887 2721 nido
906 2647 1109 2722 hirundinum
1126 2660 1288 2722 dormien-

208 2753 233 2831 ti
262 2768 309 2831 illi
326 2768 427 2831 calida
446 2781 586 2831 stercora
601 2766 775 2828 inciderent
801 2787 897 2852 super
929 2766 1039 2831 oculos
1067 2768 1155 2850 ejus,
1178 2765 1284 2828 fieret·

207 2897 270 2960 qne
292 2897 412 2938 caecus.
469 2875 556 2936 Hanc
582 2887 683 2935 nutem
700 2876 900 2937 tentationem
914 2864 985 2961 ideo
1011 2879 1154 2961 permisit
1171 2876 1287 2937 Domi·

205 3004 265 3045 nus
295 2985 416 3044 evenire
448 2982 511 3060 illi,
542 2995 578 3043 nt
607 2982 741 3065 posteris
766 2979 894 3043 daretur
917 2961 1092 3067 ¹exemplum
1116 2984 1284 3068 patientiae

204 3093 296 3173 ejus,
326 3092 408 3152 sicut
436 3104 467 3154 et
488 3092 586 3153 sancti
609 3087 682 3150 Job.
725 3087 802 3150 Nam
826 3111 896 3150 cum
917 3084 1112 3152 rb'iirfantia
1128 3112 1183 3152 sua
1201 3113 1283 3153 sem-

203 3219 262 3283 per
293 3196 395 3261 Deum
419 3201 579 3274 timuerit,
612 3211 643 3259 et
667 3197 810 3260 mandata
834 3201 903 3282 ejus
922 3197 1123 3278 custodierit,
1149 3212 1281 3260 nonest

203 3307 406 3369 contristatus
441 3320 551 3368 contra
584 3303 707 3384 Deum,
729 3307 817 3391 qnod
848 3304 940 3411 plaga
960 3307 1114 3369 caecitatis
1143 3306 1281 3366 evenerit

201 3416 248 3476 ei.
284 3415 339 3477 sed
367 3414 577 3477 immobilis''
569 3435 601 3474 ιιι
621 3412 680 3474 Dei
703 3418 815 3477 timore
838 3406 1024 3498 permansit,
1049 3433 1141 3498 agens
1164 3415 1276 3497 gratias

123 3595 131 3611 Ι
199 3522 269 3585 Deo
297 3524 443 3586 omnibns
468 3521 578 3585 diebus
604 3522 684 3581 vitae
707 3542 789 3581 sune.
841 3516 956 3583 Nam
940 3524 1020 3582 sicut
1039 3519 1134 3582 beato
1147 3518 1236 3580 Job
1227 3538 1277 3578 rn-

197 3627 356 3693 sultabant
377 3630 482 3714 reges,
514 3630 555 3689 ita
574 3629 623 3688 isti
655 3641 797 3711 parentes
814 3641 845 3688 et
863 3631 995 3713 cognati¹
1011 3629 1079 3712 ejus
1102 3623 1278 3689 irridebant

196 3739 290 3800 vitam
324 3741 408 3822 ejus,
431 3737 587 3799 dicentes:
621 3732 683 3795 Ubi
707 3753 753 3796 est
780 3757 848 3817 spes
864 3749 940 3815 tna,
970 3755 1032 3820 pro
1059 3757 1121 3818 qua
1143 3736 1277 3797 eleemo-

196 3865 285 3922 synas
313 3859 344 3908 et
367 3843 542 3929 sepulturas
563 3842 721 3906 faciebas?
762 3844 879 3906 Tobins
901 3851 977 3907 ve'ro
1005 3841 1189 3928 increpabat
1209 3864 1275 3921 eos,

195 3951 321 4015 dicens:
357 3950 463 4014 Nolite
503 3953 545 4013 ita
569 3951 657 4034 loqni
672 3995 681 4028 ,
705 3955 853 4035 quoniam
878 3951 935 4015 lilii
956 3965 1135 4014 sanctornm
1156 3972 1274 4028 snmus,

192 4072 223 4121 et
240 4063 333 4123 vitam
349 4057 433 4121 illam
454 4073 680 4141 exspectemus,
701 4080 795 4141 quarn
821 4062 906 4123 Dens
923 4060 1054 4123 daturus
1075 4073 1123 4122 est
1139 4058 1198 4137 bis,
1219 4059 1273 4141 qni

190 4167 283 4231 fidem
305 4188 390 4230 snam
411 4187 568 4249 nunquam
589 4178 711 4229 mutant
727 4167 768 4229 ab
788 4188 840 4232 ’.εο
891 4190 895 4203 ’

272 4265 390 4342 licei.
410 4275 564 4338 XXVII..
595 4251 734 4363 Propter
766 4278 918 4365 inopiam
933 4274 1024 4340 multi
1057 4233 1269 4361 deliquerunt
