2768 4762
235 384 310 455 10ss
535 444 538 449 4
609 375 678 443 DE
716 377 814 444 SPE
854 375 917 441 ET

232 561 296 627 tres
315 563 436 645 nostrl,
460 575 498 627 nt
517 560 750 649 probarentur,
783 560 810 624 ai
827 580 899 622 vere
929 559 1072 631 oolerent
1096 560 1198 627 Deum
1213 585 1314 632 enum.

178 683 181 689 ’
232 673 388 737 Memorer
403 692 470 736 eene
485 668 620 749 debent,
643 668 804 754 quomodo
828 652 919 752 pater
940 680 1047 732 noster
1061 667 1222 749 Abrabam
1244 686 1318 736 ten·

235 784 318 840 tatus
337 778 400 859 eat,
425 785 456 842 et
475 796 534 864 per
556 776 668 843 multae
691 775 911 840 tribulationes
928 773 1100 857 probetne,
1121 777 1181 842 Dei
1199 781 1317 844 aniona

236 884 363 949 effectur
387 892 443 949 est.
486 882 540 947 Sic
560 885 666 964 bane,
693 885 738 946 rie
763 878 873 960 Iaeob,
912 880 958 943 sie
976 883 1122 964 Moyses,
1147 896 1179 947 et
1196 905 1316 950 omnem

238 992 293 1074 qni
314 992 515 1075 placuerunt.
530 987 621 1070 Deo,
653 1011 710 1076 per
730 989 841 1053 multae
870 984 1089 1052 tribulationes
1122 995 1318 1056 transierunt

236 1096 357 1167 fidelet.
399 1099 453 1162 Illi
474 1108 594 1178 antem,
632 1097 688 1182 qui
712 1096 898 1161 tentationes
924 1114 988 1158 non
1016 1107 1219 1182 susceperunt
1243 1118 1317 1161 enm

236 1206 351 1270 timore
374 1205 526 1285 Domini,
548 1218 580 1268 et
600 1203 820 1290 impatientiam
833 1221 920 1263 tuam
943 1213 974 1280 et
986 1202 1212 1290 improperium
1226 1225 1319 1268 mnr-

236 1311 422 1377 murttionie
443 1334 516 1377 snae
542 1324 655 1376 eontra
681 1312 850 1374 Dominum
879 1311 1101 1394 protulerunt,
1123 1312 1317 1375 exterminati

236 1419 369 1484 suntab
392 1421 648 1498 exterminatore,
680 1432 712 1482 et
732 1440 750 1480 a
769 1414 966 1503 serpentibus
981 1419 1151 1502 perierrmt.
1193 1419 1236 1482 Et
1254 1439 1315 1482 noe

237 1549 313 1614 ergo
333 1545 398 1593 non
415 1528 605 1591 ulciscamur
627 1546 686 1588 nos
708 1521 855 1617 probis,
877 1542 957 1610 quae
980 1516 1132 1608 patimur:
1154 1523 1318 1612 sedrepu·

239 1649 349 1716 tentes,
365 1638 501 1721 peccetis
521 1629 637 1695 nostris
660 1631 737 1695 haee
756 1640 825 1720 ipsa
838 1630 993 1718 ‘supplicia
1019 1632 1140 1697 minora
1161 1654 1235 1713 esre,
1258 1632 1319 1716 lla·

236 1743 324 1828 ,gella
347 1742 499 1818 Domini,
523 1737 640 1824 quibus
656 1738 744 1820 quasi
769 1739 850 1801 servi
869 1739 1082 1826 corripimur,
1114 1740 1153 1804 ad
1175 1740 1321 1803 emenda-

131 1833 137 1847 *
240 1853 378 1930 tionem,
404 1861 436 1914 et
453 1867 518 1910 non
539 1845 579 1909 ad
600 1842 807 1930 perditionem
831 1846 969 1910 nostram
992 1850 1126 1912 evenisse
1145 1842 1339 1912 credamne,

324 1973 420 2041 Tob.
442 1975 504 2039 ΠΙ.
536 1977 592 2054 (ait
614 1975 718 2055 Seraz)
739 1974 808 2038 Hoc
822 1995 884 2062 pro
909 1990 996 2043 certo
1017 1975 1111 2041 babet
1130 1982 1236 2056 omnis,
1256 1979 1316 2061 qni

242 2093 274 2146 te
292 2082 369 2146 colit
381 2124 392 2164 ,
424 2080 514 2166 quod
534 2084 597 2147 rita
619 2085 704 2167 ejus,
732 2080 758 2145 si
780 2085 813 2144 in
835 2079 1025 2168 probatione
1044 2084 1157 2162 fuerit,
1178 2104 1320 2147 corona·

242 2190 347 2252 bitur:
369 2190 514 2253 rientem
532 2189 564 2252 in
580 2189 785 2255 tribulatione
808 2189 925 2268 fuerit,
955 2189 1156 2255 liberabitur:
1179 2206 1210 2255 et
1232 2191 1258 2252 si
1280 2194 1318 2253 in

128 2367 131 2374 ¹
243 2299 452 2382 corruptione
481 2298 594 2377 fuerit,
628 2295 669 2361 nd
697 2297 942 2360 misericordiam
968 2310 1052 2363 tram
1072 2299 1177 2362 venire
1197 2294 1317 2361 licebit.

156 2405 158 2409 ’
239 2404 312 2467 Non
331 2407 412 2477 enim
429 2403 591 2468 delectaris
605 2403 638 2466 in
656 2402 888 2493 perditionibus
906 2409 1040 2470 nostrirr
1063 2405 1137 2494 qnia
1157 2416 1326 2491 postiem-

240 2511 389 2598 p‘estatem
416 2513 621 2597 tranquillum
646 2514 746 2594 facis,
778 2521 810 2575 et
837 2521 911 2599 post
942 2512 1184 2578 lacrimitionem
1204 2523 1236 2576 et
1260 2509 1320 2574 sse·

240 2632 328 2700 tum,
348 2616 567 2684 exultationem
596 2615 745 2685 infundis.

325 2751 431 2813 Item
451 2748 524 2814 xll.
553 2753 597 2814 ait
635 2746 772 2836 Rapbael
804 2747 844 2812 ad
871 2747 1024 2814 Tobiamr
1065 2749 1147 2831 Quin
1171 2760 1320 2835 aceeptus

242 2872 310 2918 erae
334 2856 425 2937 Deo,
461 2876 586 2923 neeesse
615 2859 699 2938 fuit,
719 2868 756 2921 ut
775 2861 906 2921 tentatio
920 2859 1073 2945 probaret
1091 2871 1133 2922 te.

326 2962 469 3027 Mottb.
492 2966 569 3030 1v.=
598 2966 719 3030 Ductus
736 2977 784 3028 eat
799 2964 923 3028 JESUS
948 2966 982 3028 in
1006 2967 1163 3031 deeertum
1184 2983 1202 3028 a
1221 2963 1321 3051 epiri-

240 3077 546 3149 turrianorum
570 3096 588 3136 a
610 3071 749 3136 diabolo.

324 3174 377 3241 Et
397 3200 481 3267 cap.
499 3178 645 3245 ‘xxvia
686 3178 820 3267 Vigilate
853 3190 886 3243 et
913 3190 1019 3261 orate,
1054 3191 1092 3243 nt
1108 3197 1173 3242 non
1193 3175 1318 3243 intrem

241 3279 273 3347 in
292 3284 502 3351 tentationem.
751 3347 754 3364 ,

321 3393 445 3458 Hebe.
466 3395 528 3458 IL:
560 3392 598 3459 In
629 3417 688 3476 eo,
725 3395 758 3459 in
787 3417 851 3482 qno
883 3415 991 3483 passus
1015 3404 1061 3458 est
1078 3392 1144 3480 ipre
1169 3404 1317 3470 tentatur,

238 3509 350 3584 potens
371 3513 467 3567 estet
488 3506 553 3584 eis,
575 3507 630 3589 qui
645 3516 820 3584 tentantur,
839 3508 990 3568 auxiliari.
1208 3511 1209 3514 ’

322 3608 366 3675 Π.
387 3605 530 3672 There.
551 3612 630 3675 111.=
652 3612 769 3676 Fidelis
792 3627 895 3677 nutem
906 3613 1061 3677 Dominus
1083 3620 1140 3690 est,
1163 3607 1317 3695 quinon·

237 3711 376 3781 firmabit
396 3737 476 3795 vor,
497 3730 529 3780 et
546 3716 703 3783 dustodiet
721 3741 739 3783 e
759 3721 851 3785 mulo.

322 3824 349 3887 1.
372 3823 488 3886 Ioan.
515 3827 577 3888 11.=
610 3827 723 3890 Scribo
750 3825 843 3890 robis
862 3828 989 3912 juvenes
1001 3870 1012 3908 ,
1044 3825 1192 3910 quoniam
1216 3819 1321 3883 fortes

237 3928 329 4008 estis,
364 3942 396 3993 et
425 3931 553 3995 verbum
570 3936 645 3996 DEI
667 3947 768 3997 manet
806 3936 839 3997 in
861 3937 970 4015 vobis,
1010 3949 1042 3997 et
1065 3934 1181 3994 vicistis
1204 3928 1319 4011 malig-

129 4064 132 4069 <
235 4053 331 4097 num:
359 4036 464 4102 Nolite
483 4025 612 4127 diligere
639 4042 788 4104 mundum
807 4054 884 4122 ete,
921 4044 1067 4127 quoniam
1086 4061 1197 4115 omne,
1226 4031 1318 4118 quod

236 4154 283 4203 est
298 4144 330 4204 in
355 4148 489 4225 mundo,
511 4151 764 4234 concupiscentia
784 4153 886 4216 earnis
907 4162 971 4230 est,
1001 4163 1032 4212 et
1059 4145 1318 4231 eoncupiscentia

235 4247 418 4333 oculorum,
454 4268 485 4318 et
504 4238 654 4343 superbia
675 4260 774 4324 ritae:
808 4279 889 4345 quae
909 4248 977 4325 nnn
999 4278 1035 4323 ea
1059 4256 1171 4334 Patre,
1197 4247 1253 4315 sed
1276 4266 1318 4312 ex
