2768 4762
359 412 766 501 DEGALOGQ
1021 403 1095 515 w(

69 628 205 726 Semper
232 619 333 708 ')eo,
364 623 539 722 etterris·
554 629 589 686 te
604 628 740 721 propter
768 625 861 699 tutus
887 627 921 685 et
941 620 1051 688 undis.
1102 629 1249 731 'iiiiihs

71 714 125 776 Srs
151 713 254 774 bonus
274 730 291 771 o
310 704 469 796 felixque
488 719 573 784 turs,
611 710 847 791 dominumque
863 714 1032 788 potentem
1096 719 1268 792 invement.

70 797 217 860 Exores:
240 794 337 855 liceat
360 793 487 873 placati
506 812 644 854 munere
662 791 783 855 Christi
1102 779 1174 825 ω’·

69 881 149 943 Post
187 878 300 963 pelagi
313 877 463 964 fluctus,
492 878 749 961 mundiqaoquo
762 874 927 964 fluctibus
948 879 1032 942 actia

67 966 110 1027 Ιη
130 966 273 1026 statione
301 972 358 1023 tua
379 961 511 1038 placido
529 961 706 1023 consistere
722 969 834 1038 portu.

67 1051 143 1113 Hoc
162 1051 244 1111 bene
258 1047 455 1109 subductam
472 1044 614 1130 religavi
636 1046 747 1108 littore
768 1046 929 1106 classem:

66 1135 109 1197 In
132 1143 165 1196 te
182 1132 382 1209 compositae
404 1127 574 1216 mihifixa
605 1130 650 1193 sit
668 1148 792 1191 ancora
813 1130 910 1191 vitae.

64 1318 67 1327 .
103 1263 147 1325 Et
166 1264 199 1322 in
219 1259 313 1346 natali
335 1260 449 1319 tertio:
683 1230 687 1240 ⁸

112 1391 212 1453 Nunc
226 1410 344 1469 precor
366 1395 503 1463 aeterna
523 1385 696 1450 nobiscum
714 1405 797 1468 pace
814 1406 971 1451 serenum
1214 1459 1219 1470 ,

67 1476 172 1539 Pasce
199 1478 306 1539 diem:
328 1475 389 1537 hoc
411 1474 532 1534 iterum
554 1472 651 1535 liceat
674 1473 821 1555 gaudere
845 1492 988 1537 reversa.
1104 1455 1236 1555 .1¹t.'t.⁰„¹.¹.¹⁰

64 1569 254 1643 Annuaque
277 1559 331 1622 hic
361 1566 393 1619 et
415 1564 494 1618 vota
515 1555 583 1616 tuis
603 1565 636 1618 ct
655 1558 807 1624 carmina
851 1557 948 1634 estis,

69 1645 225 1727 Reddere
237 1643 361 1721 placati
380 1641 563 1722 tranquillo
583 1643 720 1702 numine
745 1641 811 1702 CH
844 1641 948 1703 ISTI.

67 1729 138 1789 Hic
152 1748 266 1804 arnor,
290 1729 341 1790 hic
359 1727 453 1789 tabor
473 1733 521 1787 est
540 1724 651 1787 nobis:
682 1724 763 1787 haec
783 1735 860 1788 vota
873 1734 1011 1788 tuorum

70 1812 223 1890 Suscipe‚
245 1813 501 1893 commendaque
520 1809 615 1884 Deo,
638 1817 675 1869 ut
696 1829 772 1871 cum
794 1811 912 1872 sedata
929 1829 1011 1875 cura

70 1895 247 1957 Servitium
276 1903 429 1959 nastrum
456 1897 556 1978 longo
582 1893 643 1955 ttbi
662 1893 816 1974 penderit
834 1914 934 1972 aeva,

73 1980 164 2067 Tunc
182 1983 315 2041 demvm
328 1976 475 2056 placidos
493 1978 617 2056 pietate
640 1977 764 2055 laboris
778 1978 935 2040 alumnos

63 2063 224 2126 Absolvas
249 2064 401 2126 mittente
428 2082 551 2140 manu,
570 2061 775 2145 ,positasque
794 2070 931 2126 tuorum

64 2151 151 2209 Ante
186 2156 261 2209 tuos
282 2150 397 2210 vuitus
420 2146 570 2224 animas,
595 2155 730 2211 vectare
742 2154 884 2227 paterna

67 2230 119 2292 Ne
152 2233 274 2295 renuas
294 2232 437 2314 gremio,
460 2229 601 2294 Domini
613 2225 785 2319 fulgentis
803 2230 850 2295 aa
869 2253 951 2296 oras

69 2315 177 2397 (tuem
198 2316 345 2375 bonitate
367 2315 479 2392 pium,
501 2316 560 2376 sed
581 2314 756 2401 majestate
776 2319 1007 2398 tremendum,
1082 2382 1086 2393 ‚

68 2400 210 2472 Batora,
238 2404 277 2456 ut
297 2396 449 2472 pretibus
469 2397 577 2473 plenis
602 2398 791 2478 meritisque
809 2401 947 2463 redonet

69 2481 191 2540 Debita
222 2487 336 2540 nostra
365 2478 448 2541 tuis:
484 2498 560 2538 cam
586 2486 624 2540 tu
655 2498 781 2563 quoque
813 2502 937 2566 magna
958 2484 1094 2562 piorum

70 2563 207 2640 Port'io,
232 2569 427 2644 regnantem
450 2562 546 2622 Felix
568 2563 778 2625 eomitaveris
801 2585 947 2647 agnum:
1060 2560 1062 2566 ⁸

68 2648 172 2711 Posce
203 2647 314 2710 ovium
345 2666 446 2730 grege
475 2664 535 2709 nos
563 2647 683 2725 statui,
711 2655 750 2708 ut
768 2649 933 2710 sententia
950 2651 1074 2713 summi

65 2725 197 2815 iudicis
217 2731 278 2793 isac
303 2752 430 2814 quoque
457 2749 518 2791 nos
545 2729 670 2792 iterum
702 2731 763 2792 tibi
788 2752 925 2796 munere
943 2736 1052 2813 donet,

68 2818 119 2878 Ne
154 2819 240 2878 maie
265 2815 409 2901 gratatis
434 2816 548 2876 laevas
568 2814 739 2901 adjudicet
755 2816 888 2892 hoedis,

66 2901 131 2963 Sed
157 2902 266 2978 potius
288 2904 428 2962 dextrae
447 2899 573 2978 positos
598 2901 633 2962 in
654 2908 753 2977 parte
771 2901 912 2979 salutis,
941 2934 951 2942 ·

66 2985 229 3068 Munifico
246 2985 357 3064 pecori
379 2974 525 3047 laudatis
549 2993 710 3070 aggreget
740 2985 850 3071 agnis.

107 3115 145 3176 In
167 3115 259 3175 natali
281 3126 386 3175 sextos

27 3315 34 3327 ,
107 3245 194 3307 Ecce
216 3244 307 3306 vides
326 3243 494 3305 tumulum
517 3262 614 3306 sacra
637 3245 800 3326 martyris
822 3263 899 3308 ossa
919 3249 1096 3327 tegentem,

68 3328 115 3393 Et
131 3331 270 3392 tacitum
295 3329 427 3389 obtento
457 3331 586 3390 servari
612 3350 780 3393 marmore
798 3348 928 3407 corpus.

66 3415 226 3477 Membra
250 3415 354 3473 tutent
377 3410 493 3489 positi,
526 3415 660 3490 placida
684 3414 760 3476 caro
782 3422 888 3475 morte
900 3411 1052 3496 quiescit,

64 3500 109 3561 In
129 3518 222 3576 spem
252 3515 317 3557 non
338 3516 480 3558 vacuam
503 3497 673 3560 redivivae
690 3499 823 3561 condita
842 3499 942 3560 vitae.
1043 3548 1057 3569 ,
1104 3499 1271 3593 ffi‘jffl

72 3582 168 3645 Unde
187 3581 290 3664 igitur
316 3588 432 3642 tantus
457 3579 651 3645 circumstat
670 3582 786 3644 iimina
804 3577 937 3645 terror?
981 3608 984 3613 ·

68 3667 157 3814 guis
175 3674 286 3727 tantos
311 3664 382 3748 agit
409 3665 473 3726 huc
490 3662 651 3744 populos?
674 3687 838 3749 quaenam
861 3682 986 3727 manus
997 3671 1096 3751 urget

106 3745 285 3814 aemonas?
306 3749 492 3833 invitosque
514 3751 626 3828 rapiti
654 3747 851 3835 frustraque
877 3749 992 3813 rebelli

77 3837 158 3900 Voce
192 3837 411 3896 reclamantes
441 3837 607 3912 competiit
623 3836 668 3896 ad
691 3854 794 3918 usque
824 3831 1012 3911 sepulcrum

70 3920 254 3999 Martyris,
292 3926 324 3980 et
349 3924 464 3981 sancto
489 3921 583 4001 quasi
594 3916 688 4005 fixos
707 3913 952 3983 limine‘sistiti

109 4049 153 4109 Et
172 4047 366 4131 quibusdam·
377 4048 564 4132 interjectis:

77 4155 251 4219 Praesidet
277 4155 350 4234 ipse
373 4155 443 4218 suis
466 4174 560 4219 sacer
585 4151 731 4218 ossibus:
752 4174 888 4240 ossaque
906 4154 1015 4218 sancti
1118 4153 1278 4256 sfgffiss‘m

75 4241 235 4323 Corporis
256 4240 292 4301 in
317 4242 447 4304 tumulo
469 4260 537 4304 non
558 4240 664 4302 obsita
690 4243 829 4319 pulvere
855 4240 992 4312 mortis,
1156 4248 1161 4255 '

73 4329 214 4391 Arcano
236 4332 392 4390 aeternae
421 4326 481 4390 sed
504 4323 659 4406 praedita
686 4326 812 4390 semine
825 4326 936 4396 vitae.
1070 4322 1074 4328 '

823 4412 899 4486 w*
