2768 4762
140 340 143 345 ⁸
240 399 321 475 m
445 466 449 481 s
555 378 1001 477 unctumauuur
1077 362 1080 367 ’

250 583 323 641 nise
339 564 342 569 ⁸
357 589 388 639 et
410 595 470 661 per
491 570 656 635 CHRISTI
684 567 802 631 exultet
828 568 862 630 in
891 563 1044 681 cordibus
1061 565 1190 647 vestris,
1211 567 1248 630 in
1270 590 1334 654 qna

250 699 282 750 et
297 688 400 749 vocati
418 683 490 746 estis
510 682 543 741 in
568 699 634 739 uno
662 697 810 762 corpore.

332 815 441 876 Rom.
462 812 554 873 XH.s
575 809 753 872 Benedicite
773 803 1034 892 persequentibus
1050 826 1124 867 ros:
1152 804 1334 871 benedicite

249 935 282 986 et
315 921 414 984 nolite
444 919 639 981 maledicere.
694 915 728 975 si
750 913 818 976 fieri
841 923 962 998 potest,
994 911 1081 995 quod
1102 934 1137 975 ex
1159 914 1255 977 robis
1276 931 1332 985 est,

251 1052 321 1093 cum
349 1028 492 1091 omnibus
522 1021 703 1087 bominibus
717 1042 825 1104 pacem
846 1019 1003 1081 habentes.
1045 1021 1078 1080 Si
1100 1024 1249 1086 esurierit
1274 1029 1335 1086 iui-

251 1139 350 1200 micus
371 1147 464 1212 tuus,
499 1112 570 1193 ciba
593 1129 701 1190 iltume
729 1132 755 1188 si
774 1129 857 1205 sitit,
879 1138 992 1210 potum
1012 1126 1051 1187 da
1073 1127 1139 1198 illi;
1162 1127 1228 1191 boc
1250 1135 1330 1194 enim

252 1245 390 1320 faciens,
423 1239 574 1302 carbones
602 1239 683 1320 ignis
716 1255 864 1318 congeres
892 1255 986 1318 super
1016 1247 1111 1319 caput
1131 1237 1212 1317 ejus.
1257 1238 1329 1300 Noli

251 1351 337 1412 vinci
357 1369 376 1410 a
395 1348 499 1412 malo:
521 1346 576 1408 sed
596 1347 685 1405 vince
706 1344 740 1405 in
761 1343 848 1404 bono
868 1341 993 1404 malum.

339 1491 368 1551 1.
387 1478 500 1540 Petr.
523 1478 596 1539 lll.:
618 1477 656 1536 In
678 1469 741 1535 fide
762 1457 883 1551 autem,
917 1492 1021 1533 omues
1042 1473 1223 1553 unanimes,
1247 1495 1330 1537 com·

252 1589 425 1673 patientes,
442 1654 444 1661 y
461 1583 662 1645 fraternitatis
697 1593 869 1658 amatores,
904 1580 1140 1657 misericordes,
1178 1582 1330 1663 modesti,

253 1692 400 1771 humiles,
431 1713 496 1752 non
516 1689 679 1751 reddentes
702 1689 815 1751 malum
835 1709 896 1771 pro
918 1685 1022 1764 malo,
1052 1709 1110 1749 uec
1131 1686 1329 1753 maledictum

252 1822 314 1887 pro
335 1799 517 1864 maledicto:
551 1799 605 1860 sed
627 1820 644 1859 e
666 1798 826 1859 contrario
853 1793 1087 1858 benedicentes:
1109 1800 1184 1881 quia
1215 1803 1249 1862 iu
1271 1801 1332 1864 hoe

251 1910 355 1970 vocati
384 1910 477 1983 estis,
512 1918 548 1967 ut
567 1906 816 1966 benedictionem
839 1901 1028 1963 bacreditate
1047 1904 1245 1987 possideatis.

335 2011 487 2097 Ephcs.
509 2011 590 2072 v1.:
625 2011 667 2070 Et
688 2031 744 2072 vos
763 2011 891 2069 Domini
923 2009 1027 2070 eadem
1049 2010 1139 2073 facite
1157 2014 1237 2092 illis,
1277 2040 1331 2079 re·

250 2121 406 2182 mittentes
433 2120 553 2196 minas,
575 2118 726 2192 scientes,
749 2119 821 2199 quia
843 2129 874 2177 et
894 2115 1022 2177 illorum
1044 2125 1188 2181 et'rester
1209 2122 1327 2185 Domi-

250 2249 310 2288 nus
353 2239 400 2288 est
438 2226 473 2287 in
520 2223 631 2288 caelis:
677 2237 709 2286 et
748 2243 951 2309 personarum
984 2239 1122 2319 pcceptto
1168 2250 1241 2293 nou
1286 2246 1326 2295 est

251 2333 337 2420 opud
358 2356 437 2398 eum.
1070 2411 1074 2417 ,
1218 2408 1221 2413 ,

265 2420 267 2427 ¹
335 2442 527 2528 Philipp.
549 2438 632 2506 IV..·
663 2441 706 2505 Et
732 2463 791 2526 par
812 2443 887 2522 Dei,
920 2463 999 2525 quae
1021 2448 1188 2527 exsuperat
1212 2469 1320 2509 omnem

253 2571 376 2614 sensum
387 2595 397 2628 ,
439 2552 596 2614 custodiat
617 2551 836 2614 cordavestra
866 2566 898 2614 et
918 2551 1137 2636 intelligentias
1159 2567 1276 2616 vestras
1295 2558 1322 2614 in

256 2659 433 2721 CHRISTO
473 2660 580 2721 JESU.
630 2660 678 2719 De
712 2672 834 2722 caetero
865 2659 993 2736 fratres,
1031 2680 1242 2745 quaecunque
1261 2677 1326 2725 suut

251 2786 568 2850 re1·a,quaecuuque
589 2767 726 2850 pudiea,
760 2788 964 2849 quaecuuque
983 2769 1091 2849 justa,
1122 2791 1326 2854 quaecuuque

152 2895 155 2899 ’
251 2852 373 2952 sancta,
396 2896 600 2958 quaecunque
622 2872 782 2950 amabilia,
806 2894 1010 2955 quaecunque
1033 2873 1135 2937 bonae
1157 2877 1325 2952 famae‚si

252 3002 315 3063 qua
347 2987 467 3060 virtus,
503 2987 529 3044 si
553 3005 616 3065 qua
637 2983 705 3042 laus
732 2981 933 3064 disciplinae,
955 2981 1031 3043 haee
1051 2984 1200 3068 cogitate.
1242 2986 1328 3067 Quae

251 3103 282 3150 et
303 3090 476 3170 didicistis,
513 3105 545 3152 et
566 3093 743 3173 accepistis,
773 3102 803 3149 et
824 3088 952 3150 audistis
965 3116 985 3166 ,²
1013 3101 1044 3151 et
1065 3089 1188 3155 vidistis
1208 3094 1243 3157 tn
1262 3114 1327 3157 tue:

249 3195 327 3258 baec
347 3200 446 3282 agite,
469 3212 499 3261 et
519 3202 602 3260 Deus
625 3199 710 3282 pacis
732 3199 792 3258 erit
811 3197 983 3258 vobiscum.

333 3306 480 3368 Mattb.
501 3305 576 3368 VL:
605 3306 637 3366 Si
660 3305 838 3366 dimiseritis
860 3304 1039 3369 bominibus
1057 3320 1186 3391 peccate
1209 3329 1328 3384 eorum,

250 3410 385 3474 dimittet
419 3425 449 3474 et
477 3411 568 3474 vobis
602 3424 692 3494 pater
723 3425 830 3473 vester.
844 3414 980 3475 caelestis
1003 3414 1116 3476 delicta
1137 3428 1253 3477 restra.
1297 3417 1327 3475 si

250 3530 352 3578 autem
383 3540 448 3580 non
485 3520 661 3580 dimiseritis
692 3519 895 3599 bominibus,
927 3543 984 3582 nec
1018 3533 1108 3607 pater
1140 3535 1247 3585 rester
1282 3523 1331 3585 di-

249 3628 350 3686 mittet
372 3626 462 3688 robis
483 3639 609 3709 peccata
630 3641 740 3689 vestra.

91 3764 185 3812 m,
232 3795 239 3809 ‚
333 3733 387 3794 Et
408 3733 464 3795 V.:
488 3735 646 3812 Audistis,
670 3738 744 3818 quia
766 3737 883 3798 dictum
906 3749 967 3799 est:
992 3737 1126 3800 Oculum
1138 3757 1202 3821 pro
1217 3737 1329 3814 oculo,

91 3822 137 3857 ⁶¹²¹·
155 3827 162 3854 '
180 3827 280 3899 ’'¹‘et
313 3838 433 3903 dentem
466 3865 527 3928 pro
550 3845 651 3906 deute.
695 3843 763 3924 Ego
782 3857 883 3905 autem
906 3844 978 3904 dico
1003 3843 1115 3921 vobis,
1143 3865 1209 3906 uon
1234 3848 1329 3905 resis-

246 3956 313 4008 tcre
334 3947 434 4010 malo:
466 3952 519 4012 scd
542 3959 567 4011 si
589 3953 659 4033 quis
681 3963 710 4011 te
732 3955 919 4033 percusserit
942 3955 972 4012 in
996 3951 1149 4013 dexterum
1171 3952 1329 4013 maxillam

244 4063 347 4131 tuam,
369 4056 484 4136 praebe
507 4059 554 4118 illi
576 4072 607 4119 et
626 4059 768 4118 alteram:
807 4071 838 4117 ct
860 4061 903 4135 ei,
927 4061 981 4141 qui
1005 4058 1069 4120 vult
1089 4071 1193 4119 tecum
1216 4061 1252 4117 in
1273 4060 1330 4140 ju·

244 4157 329 4221 dicio
365 4163 574 4243 contendere,
609 4178 641 4226 et
661 4166 795 4226 tunicam
817 4179 901 4226 tuam
923 4168 1056 4244 tollere,
1090 4164 1212 4228 dimitte
1242 4169 1274 4227 ei
1297 4177 1329 4227 et

242 4267 379 4351 pallium.
421 4270 465 4332 Et
486 4272 666 4356 quicunque
686 4285 717 4335 te
736 4276 942 4358 angariaverit
974 4273 1059 4338 mille
1085 4293 1217 4359 putus,
1241 4273 1324 4339 vade
