2768 4762
383 384 797 463 'namucno
1061 393 1150 473 sto

64 588 209 675 glorieris
227 586 261 645 in
283 581 471 645 contumelia
491 583 591 666 patris
609 583 672 644 tui:
695 583 859 644 nonenim
881 582 1007 645 esttibi
1028 584 1139 671 gloria,

65 697 120 759 sed
142 686 297 756 eonsusio.
352 691 464 753 Gloria
486 692 565 750 enim
593 690 727 752 bominis
761 712 796 751 ex
816 690 939 753 honore
959 695 1057 776 patris
1078 695 1138 771 sui,

67 819 99 866 et
122 803 252 864 dedecus
286 796 344 860 lilii
365 810 454 882 pater
482 800 546 858 siue
567 798 698 860 bonore.
744 798 824 874 Fili,
846 802 967 884 suscipe
990 816 1142 864 senectam

67 915 165 996 patris
184 913 246 985 tui,
279 921 389 968 ctnon
410 908 573 979 contristes
595 930 664 970 eum
689 911 719 968 in
739 909 802 965 vita
825 906 924 968 illius:
953 923 983 971 et
1008 913 1034 971 si
1056 911 1145 970 defc-

67 1023 145 1080 cerit
166 1039 278 1093 sensu,
310 1017 427 1074 veniam
448 1014 509 1092 da,
543 1029 573 1078 et
593 1036 774 1100 nespernas
799 1032 867 1073 cum
889 1018 921 1075 in
946 1020 1059 1079 virtute
1080 1032 1142 1080 tua.

67 1127 270 1202 Eleemosyna
304 1126 384 1183 enim
403 1133 514 1207 ‘patris
541 1146 603 1185 non
632 1127 691 1187 crit
720 1125 750 1182 in
775 1120 943 1183 oblivione.
986 1126 1062 1186 Nam
1082 1147 1144 1210 pro

68 1247 196 1317 peceato
220 1235 325 1291 inatris
348 1235 528 1293 restituetur
550 1231 608 1292 tibi
632 1231 771 1306 bonum,
806 1243 836 1291 et
857 1233 889 1290 in
919 1232 1037 1311 justitia
1060 1234 1144 1294 aedi·

69 1339 217 1404 ficabitur
250 1339 329 1416 tibi,
366 1343 447 1400 etin
473 1339 522 1398 die
537 1338 748 1398 tribulationis
770 1338 1065 1401 commemorabitur
1084 1343 1146 1401 tuiz

72 1466 103 1511 et
120 1460 198 1509 sicut
212 1453 241 1508 in
255 1469 363 1508 sereno
388 1447 509 1530 glacies,
531 1447 830 1531 solventurpeeeata
843 1459 910 1525 tua..
948 1447 1047 1521 Quam
1063 1446 1147 1506 malae

75 1560 162 1617 lamae
182 1569 243 1630 est,
269 1558 321 1635 qui
347 1555 534 1636 derelinquit
555 1567 693 1637 patrem:
715 1566 745 1614 et
768 1565 814 1614 est
829 1553 1010 1645 maledictus
1030 1530 1055 1613 a!
1068 1553 1148 1631 Dee,

74 1668 128 1747 qui
151 1675 308 1743 exasperat
327 1675 463 1722 matrem.
892 1660 897 1675 '

159 1790 364 1851 Proverb.
397 1791 538 1863 xx111.:
575 1789 658 1852 Audi
692 1807 811 1876 patrem
834 1805 943 1869 tuum,
967 1793 1022 1873 qui
1043 1791 1150 1874 genuit

76 1915 125 1960 te:
146 1913 176 1958 et
194 1920 230 1957 ne
252 1911 437 1975 contemnas,
461 1919 529 1958 cum
541 1900 676 1958 senuerit
688 1914 785 1961 mater
799 1913 879 1962 tuan
905 1902 1043 1960 lterum:
1067 1900 1150 1958 Gau-

78 2007 149 2065 deat
175 2018 263 2091 pater
285 2018 356 2065 tuus
395 2018 425 2065 et
451 2017 548 2064 mater
570 2017 643 2081 tua,
671 2017 702 2064 et
719 2007 854 2085 exultet,
877 2027 956 2089 quae
982 2007 1089 2090 genuit
1107 2017 1148 2065 te.

159 2135 256 2197 Tob.
279 2134 353 2195 IV.:
376 2135 477 2218 Igitur
498 2155 568 2194 cum
588 2134 705 2197 'lobias
725 2150 850 2220 putaret
872 2141 1047 2200 orationem
1064 2156 1151 2196 snam

38 2290 42 2301 .
78 2243 238 2320 exaudiri,
265 2253 301 2300 ut
321 2245 402 2303 mori
425 2245 604 2324 potuisset,
637 2247 758 2305 vocarit
782 2247 821 2305 ad
848 2267 879 2306 se
900 2244 1032 2306 Tobiam
1052 2239 1151 2305 fitium

78 2373 186 2425 suum,
220 2349 358 2427 dixitque
387 2350 432 2405 ei:
462 2329 568 2422 Audi,
602 2347 646 2408 lili
672 2354 731 2426 mi,
755 2353 849 2411 verba
879 2357 942 2414 oris
966 2353 1044 2426 mei,
1067 2363 1152 2411 eben

79 2461 112 2516 in
139 2454 309 2515 cordetuo
335 2453 421 2532 quasi
449 2452 681 2513 fundamentum
706 2471 862 2522 construe.
906 2460 980 2518 Cum
997 2459 1154 2538 acceperit

35 2612 38 2623 .
79 2566 166 2622 Dens
206 2561 334 2645 animam
365 2577 478 2630 meam,
518 2579 632 2640 eorpus
668 2578 765 2621 meum
792 2563 906 2644 sepeli:
941 2577 971 2622 et
1001 2562 1154 2622 bonorem

81 2666 212 2729 babebis
234 2665 323 2725 matri
346 2677 416 2723 tuac
439 2660 583 2723 omnibus
607 2664 714 2725 diebos
732 2671 810 2728 vitae
824 2672 899 2749 ejus.
943 2671 1064 2728 Memor
1075 2670 1155 2728 enim

83 2797 148 2835 esse
171 2772 281 2848 debes,
315 2793 393 2854 quae
413 2786 443 2831 et
471 2784 584 2854 quanta
604 2773 742 2855 pericula
757 2798 844 2858 passa
863 2779 903 2836 sit
922 2789 1055 2859 propter
1076 2788 1106 2834 te
1125 2776 1158 2833 in

83 2896 175 2942 utero
209 2902 276 2940 suo.
333 2880 410 2938 Cum
442 2893 541 2939 autem
568 2882 683 2963 etipsa
716 2884 916 2967 conrpleverit
939 2897 1059 2964 tempus
1079 2880 1159 2940 litae

81 3011 175 3065 suae,
209 2989 336 3070 sepelias
357 3008 421 3046 eam
441 2989 523 3047 cirea
554 3010 609 3049 me.

170 3096 275 3153 Rom.
297 3094 404 3154 XllI.:
440 3095 546 3157 Omnis
567 3099 666 3156 anima
690 3096 896 3178 potestatibus
924 3094 1159 3158 sublimioribus

75 3201 212 3265 ,subdita
234 3203 283 3261 sit.
325 3201 397 3261 Non
420 3216 465 3263 est
488 3205 719 3286 enimpotestas
746 3207 839 3264 cisia
862 3206 939 3268 Deo.
997 3205 1087 3280 Quae
1104 3222 1162 3262 au-

83 3327 148 3370 tem
175 3319 268 3383 sunt,
298 3311 408 3368 aDeo
437 3310 578 3369 ordinata
605 3324 686 3370 sunt.
730 3313 838 3392 ltaque
861 3315 915 3393 qni
938 3313 1052 3371 resistit
1071 3322 1163 3393 potc-

46 3424 51 3431 ‘
85 3417 180 3491 stati,
216 3415 289 3472 DEl
315 3416 505 3475 ordinationi
532 3421 655 3480 resistit.
700 3420 889 3502 eri'autem
915 3422 1079 3494 resistunt,
1102 3419 1162 3501 ipsi

84 3523 149 3584 sibi
172 3522 399 3582 damnationem
434 3527 618 3604 acaprirunt5
650 3547 718 3584 nam
750 3529 905 3610 principes
929 3549 992 3588 non
1025 3539 1098 3586 sunt
1121 3529 1164 3586 ti·

86 3633 169 3691 mori
198 3629 273 3689 boni
309 3633 429 3712 operis,
465 3632 516 3690 sed
537 3632 617 3693 mali.
661 3632 715 3691 Vis
741 3647 840 3692 antem
862 3656 923 3694 non
944 3637 1051 3694 timere
1072 3644 1166 3716 pote·

88 3737 217 3799 statem?
251 3737 367 3797 bonum
399 3739 468 3808 l'ac,
499 3752 529 3798 et
551 3739 678 3800 babebis
708 3740 825 3801 laudem
848 3743 958 3803 crille.
1003 3742 1061 3801 Dei
1086 3743 1166 3803 enim

90 3847 229 3905 minister
249 3859 294 3905 est
314 3845 372 3905 tibi
397 3848 426 3903 in
448 3844 573 3905 borium.
618 3848 651 3906 St
674 3862 773 3907 antem
798 3851 908 3910 nralnm
931 3851 1054 3924 leceris,
1078 3851 1166 3917 time;

93 3955 262 4010 nonenim
295 3956 360 4012 siue
390 3974 479 4012 eausa
510 3954 644 4036 gladium
677 3969 793 4036 portat.
838 3957 894 4016 Dei
920 3958 999 4016 enim
1029 3958 1169 4016 minister

95 4069 160 4134 est,
182 4060 291 4120 vindex
322 4063 351 4118 in
382 4068 458 4120 iram
486 4066 529 4135 ei,
568 4065 621 4143 qui
641 4063 753 4121 nialum
783 4066 852 4145 agit.
896 4065 970 4127 Ideo
990 4065 1170 4123 necessitate

94 4164 214 4228 subditi
237 4180 355 4228 estote:
376 4189 441 4228 non
462 4169 564 4229 solum
588 4173 835 4274 proptertiram,
858 4171 911 4232 sed
932 4174 1022 4255 etiam
1038 4182 1171 4254 propter

93 4275 341 4336 censcientiam
379 4275 457 4339 Ideo
492 4280 574 4342 enim
606 4291 638 4343 ct
664 4276 786 4342 tributa
813 4279 995 4364 presentior
1032 4275 1171 4344 umeri
