2768 4762
403 383 791 457 nacanooo
1054 397 1134 470 a„

55 582 201 672 proximo
237 597 302 641 suo
330 586 410 653 ete,
453 587 486 640 et
516 576 727 661 juramentum
758 566 888 636 mendax
916 591 958 676 ne
986 570 1160 665 diuma.

56 690 172 754 Omnia
193 687 273 748 enim
297 683 375 746 haec
394 695 487 759 sunt,
519 704 601 772 ,qnae
622 683 701 761 odi,
724 679 801 743 dicit
819 680 984 746 Dominus.

143 818 275 880 Lerit
297 808 437 873 XXIV..·
479 811 570 873 Educ
591 800 803 896 blasphemum
832 813 949 897 (iuquit
978 814 1132 879 Dominus

57 927 100 990 ad
121 921 269 1003 Moysen)
292 932 376 980 extra
398 931 520 997 castra,
543 932 574 980 et
592 932 713 1003 ponant
735 939 858 997 omnes,
879 924 934 1004 qui
956 922 1134 1002 audieruut,

57 1055 166 1097 manus
189 1052 257 1093 suas
275 1047 372 1111 super
392 1039 486 1110 caput
508 1026 592 1106 c'jus,
627 1040 658 1088 et
679 1025 796 1110 lapidet
819 1049 886 1089 eum
904 1030 1040 1113 populus
1062 1013 1136 1092 uui-

55 1162 172 1204 versus.
217 1140 259 1198 Et
282 1134 321 1196 ad
342 1128 426 1194 lilios
448 1132 542 1193 lsrael
565 1134 717 1216 loqueris:
739 1136 863 1214 Homo,
894 1137 949 1218 qni
969 1136 1135 1223 maledixe-

58 1252 103 1310 rit
122 1246 192 1308 Deo
216 1265 292 1319 suo,
327 1241 471 1325 portabit
492 1254 650 1324 peccatum
676 1262 788 1302 suum:
809 1255 840 1303 et
862 1244 917 1324 qni
939 1240 1135 1325 blasphema·

56 1318 140 1417 verit
161 1372 273 1414 nomen
295 1350 440 1425 Domini,
477 1360 576 1408 morte
596 1347 770 1408 moriatur:
800 1346 957 1432 lapidibus
978 1350 1136 1432 opprimet

58 1484 130 1523 eum
150 1463 252 1521 omnis
272 1457 442 1519 multitudo
468 1453 600 1538 populi,
633 1456 696 1514 sire
719 1453 771 1512 ille
793 1456 886 1530 civis,
912 1457 974 1514 sive
989 1457 1136 1539 'peregri-

56 1589 118 1628 nus
149 1567 253 1625 fucrit.
310 1565 374 1640 Qui
405 1560 664 1649 blasphemarerit
700 1580 812 1621 nomen
843 1561 989 1638 Domini,
1035 1574 1136 1624 morte

58 1675 226 1735 moriatur.
338 1697 341 1701 ·
949 1669 954 1684 '

149 1795 295 1861 Matth.
315 1797 373 1861 V.:
394 1796 556 1877 Audistis,
581 1799 655 1881 quia
677 1794 793 1868 dictum
815 1798 1037 1880 estantiquis:
1064 1795 1136 1861 Non
1248 1850 1251 1857 r

59 1908 260 1993 perjurabis:
282 1906 392 1967 reddes
413 1917 516 1967 autern
536 1907 673 1966 Domino
694 1907 869 1986 juramenta
890 1917 953 1966 tua.
995 1905 1063 1989 Ego
1079 1925 1138 1966 au-

58 2031 123 2077 tern
156 2015 226 2074 dico
261 2012 350 2074 robis
376 2031 441 2073 non
469 2013 577 2094 jurare
611 1997 893 2097 omnino,'neque
926 2032 984 2097 per
1005 2013 1135 2092 caelum,
1159 2016 1172 2031 ”

60 2128 136 2206 qnia
156 2120 287 2189 thronus
311 2119 386 2180 DEI
408 2130 470 2178 est:
500 2139 601 2201 neque
622 2139 680 2203 per
699 2131 814 2192 terram
826 2163 836 2197 ,
872 2121 945 2202 quia
966 2120 1135 2182 scabellum

60 2242 108 2290 est
127 2227 240 2312 pedum
262 2229 345 2307 ejus:
368 2248 468 2309 neque
489 2249 546 2310 per
567 2227 834 2306 Hierosolymam,
856 2230 941 2310 ‘quia
961 2230 1067 2290 civitas
1090 2239 1137 2289 est

59 2340 162 2419 magni
190 2339 285 2416 regis:
319 2353 422 2413 neque
453 2353 510 2413 per
539 2347 632 2416 caput
661 2346 751 2395 tuum
774 2337 946 2414 juraveris:
975 2339 1135 2418 quianon
1215 2376 1217 2384 ·

25 2449 30 2459 '
60 2455 153 2523 potes
175 2460 271 2498 unum
293 2437 440 2520 capillum
463 2437 568 2496 album
590 2439 692 2499 iacere
713 2451 768 2499 aut
787 2443 919 2523 nigrum.
964 2443 1012 2503 Sit
1034 2463 1134 2503 sermo

63 2558 168 2605 autem
191 2556 310 2616 vester,
340 2554 407 2621 est,
442 2554 502 2602 est:
523 2561 609 2618 non,
629 2563 709 2604 none
731 2545 819 2624 quod
843 2560 944 2607 autem
964 2547 1014 2608 his
1036 2547 1139 2608 abun·

65 2653 191 2726 dantius
215 2662 280 2726 est,
304 2648 423 2709 amalo
447 2661 500 2709 est.
1208 2634 1212 2641 ’

149 2784 166 2842 J
174 2779 284 2848 acob.
307 2777 367 2841 V.=
403 2776 484 2839 Ante
506 2783 626 2868 omnia,
664 2779 775 2840 fratres
797 2783 879 2858 mei,
900 2780 998 2842 nolite
1018 2783 1137 2864 jurare,

63 2911 165 2972 neque
185 2909 242 2971 per
261 2886 398 2963 caelum,
435 2907 536 2969 neque
557 2880 770 2975 per'terram,
804 2908 906 2970 neque
928 2889 1011 2951 aliud
1033 2888 1139 2972 quod·

63 3019 185 3078 cunque
215 2997 433 3076 jurameutum.
483 2995 531 3056 Sit
568 3008 670 3058 antem
708 3015 809 3056 sermo
839 3011 955 3076 vester,
991 3010 1051 3075 est,
1072 3005 1156 3058 est2'

63 3124 151 3179 non,
174 3123 257 3161 non:
291 3114 327 3161 ut
351 3123 414 3165 non
435 3101 493 3193 sub
516 3103 637 3184 judicio
659 3102 819 3163 decidatis.

147 3208 293 3269 Psalm.
316 3210 486 3271 xxx111.:
507 3209 691 3283 Benedicam
712 3211 878 3271 Dominum
900 3214 932 3271 in
957 3214 1041 3274 omni
1060 3225 1139 3273 tem-

60 3339 162 3402 pore:
184 3337 304 3398 semper
326 3317 389 3378 laus
412 3319 481 3398 ejus
503 3318 536 3376 in
558 3336 613 3375 ore
635 3336 713 3375 meo.

147 3425 165 3483 J
173 3445 290 3485 erem.
317 3422 395 3486 IV.:
434 3423 466 3483 si
509 3435 670 3483 reverteris
697 3421 816 3498 lsrael,
845 3425 889 3483 ait
903 3425 1077 3505 Dominus,
1099 3422 1139 3488 ad

59 3552 109 3593 me
134 3514 327 3594 convertere,
386 3529 430 3590 Et
459 3526 598 3610 jurabis:
633 3527 720 3588 Vivit
743 3530 912 3610 Dominus,
945 3535 977 3595 in
999 3537 1138 3614 veritate,
1196 3556 1203 3572 ·

62 3651 93 3701 et
125 3641 158 3698 in
193 3637 335 3730 judicio,
374 3649 404 3697 ct
434 3637 466 3694 in
500 3636 645 3717 justitia:
672 3647 703 3695 et
725 3633 909 3701 benedicent
933 3660 1002 3703 eum
1023 3656 1138 3727 gentes,

62 3748 227 3827 ipsumque
251 3734 433 3806 laudaliunt
699 3729 722 3741 .,
998 3822 1011 3839 Δ

148 3850 292 3912 Psalm.
315 3852 417 3914 XIV.2
441 3852 598 3926 Domine,
621 3850 692 3929 quis
724 3845 879 3912 habitabit
900 3853 932 3913 in
953 3852 1141 3917 tabernucu-

66 3955 101 4015 lo
122 3968 178 4017 tuo
201 3959 283 4025 etc?
327 3959 391 4034 Qui
412 3961 498 4040 jurat
518 3959 661 4041 proximo
682 3974 739 4016 suo
751 4001 761 4034 ,
782 3970 813 4019 et
833 3980 896 4020 non
918 3961 1045 4046 decipit.

146 4060 289 4153 Dsalm.
311 4064 454 4128 Lxxv.:
477 4065 596 4128 Vovete
618 4077 648 4126 et
667 4062 789 4124 reddite
800 4065 936 4130 Domino
949 4071 1139 4133 Deovcstro.

148 4167 256 4241 Eccl.
278 4167 338 4253 V.;
374 4171 407 4231 Si
431 4174 509 4255 quid
530 4173 642 4234 vovisti
664 4173 750 4250 Deo,
785 4192 825 4234 ne
845 4176 975 4261 moreris
997 4158 1141 4238 reddere·

62 4274 222 4362 Displicet
246 4279 326 4341 enim
343 4279 380 4383 ,ei
399 4276 534 4343 infidelis
556 4291 588 4341 et
612 4276 707 4340 stulta
727 4283 904 4383 promissio.
948 4283 1010 4346 Sed
1032 4282 1138 4367 quod·
