2768 4762
419 300 754 425 stur-ouo.
1081 345 1132 417 05

48 530 115 595 net
140 523 268 591 tedenn
307 543 387 607 quae
415 544 538 587 sursum
570 535 658 601 sunt,
690 527 805 609 sapite,
838 546 904 589 non
938 543 1018 608 quae
1036 544 1131 609 super

48 651 182 701 terram.

135 760 254 827 Hebe.
283 761 326 821 1.=
366 758 460 820 Sedet
486 760 526 823 ad
557 734 711 824 dexteram
741 763 908 842 majestatis
928 764 960 822 in
985 758 1130 841 excelsis,

52 884 141 936 tanto
160 869 275 932 melior
298 866 413 950 angelis
434 866 581 946 effectus,
614 882 732 953 quanto
754 866 946 930 differentius
965 891 1041 955 prae
1067 869 1130 931 illis

53 1001 166 1042 nomen
194 973 400 1038 haereditavit
425 987 482 1037 etc.
535 975 586 1038 Ad
613 997 705 1060 quem
726 988 826 1038 autem
853 975 1035 1060 angelorum
1053 977 1132 1039 dixit
1242 989 1247 999 '

55 1084 246 1170 aliquando:
269 1082 349 1143 Sede
372 1104 389 1143 a
412 1081 527 1145 dextris
547 1082 642 1145 meis?
899 1168 903 1173 ι

137 1194 164 1255 1.
186 1191 296 1251 Petr.
328 1190 388 1251 11.=
420 1188 470 1251 Ad
505 1209 597 1274 quem
620 1187 816 1265 accedentes,
851 1187 986 1273 lapidem
1007 1194 1132 1271 vivum,

53 1300 95 1363 ab
128 1296 308 1361 hominibus
341 1298 468 1381 quidem
497 1295 718 1383 reprobatum,
751 1293 861 1356 aDeo
880 1311 985 1369 ,autem
1003 1296 1134 1359 electum

54 1421 87 1471 et
104 1403 359 1469 honorificatum.

140 1510 433 1583 1.Jo,an.11.=st
457 1511 529 1593 quis
554 1509 746 1590 peccaverit,
780 1505 967 1569 advocatum
984 1507 1135 1571 habemus

56 1620 145 1706 apud
169 1631 291 1702 patrem
309 1616 440 1676 tEsUax
463 1613 674 1676 CHRISTUM
695 1615 833 1695 justum:
856 1627 887 1676 et
908 1617 974 1698 ipse
996 1627 1042 1677 est
1057 1637 1137 1700 pro·

57 1728 186 1810 pittatio
223 1744 285 1804 pro
307 1726 440 1806 peccatis
462 1723 600 1784 nostris:
637 1741 704 1783 non
725 1741 787 1806 pro
809 1723 925 1784 uostris
942 1733 1046 1782 autem
1066 1734 1137 1783 tau·

58 1845 148 1908 tum,
169 1827 224 1890 sed
244 1832 333 1890 etiam
353 1851 413 1914 pro
439 1831 536 1893 totius
556 1827 674 1889 mundi.

147 1937 257 1999 Joan.
280 1935 368 1997 XX.:
391 1935 477 2000 Vade
500 1935 541 1998 ad
560 1935 671 1999 fratres
691 1956 790 2010 meos,
812 1950 844 1999 et
860 1935 912 1997 dio
933 1938 994 1998 eise
1018 1936 1136 1999 Ascen-

57 2044 103 2107 do
127 2043 166 2106 ad
185 2057 305 2130 patrem
329 2064 430 2104 meum
460 2056 493 2106 et
521 2055 640 2128 patrem
671 2057 824 2120 vestrum,
858 2038 961 2105 Deum
978 2065 1081 2107 meum
1104 2057 1136 2109 et

58 2153 158 2213 Deum
174 2164 319 2215 vestrum

143 2258 286 2322 Psalm.
309 2256 410 2320 CIK=
441 2256 530 2321 Dixit
562 2259 715 2321 Dominus
734 2258 873 2322 Domino
896 2282 986 2340 meo,
1019 2260 1136 2326 sedeo

59 2365 176 2428 dextris
191 2369 288 2439 meis,
309 2363 409 2425 donec
427 2385 542 2448 ponam
562 2367 703 2430 inimicos
721 2379 781 2428 ete.

145 2468 233 2532 Aut.
253 2467 343 2530 VIL:
365 2469 443 2528 Cum
464 2483 566 2530 eutem
587 2469 764 2553 Stephanus
781 2486 859 2535 esset
877 2475 988 2556 plenus
1013 2477 1136 2559 Spiritu

58 2589 195 2654 saneto,
217 2574 379 2637 intendens
391 2576 422 2636 in
445 2574 578 2653 eaelum,
600 2574 679 2636 vidit
700 2576 832 2659 gloriam
849 2578 932 2655 Dei,
957 2592 989 2639 et
1005 2580 1137 2641 IESUM

60 2695 234 2747 stantema
268 2680 383 2743 dextris
400 2682 470 2742 Dei.
515 2680 558 2743 Et
581 2682 638 2743 ait:
667 2680 752 2745 Ecce
771 2682 861 2745 video
884 2684 985 2746 caelos
1001 2699 1151 2770 apertum.

63 2807 94 2854 et
108 2791 208 2853 filium
223 2789 361 2851 hominis
381 2800 511 2850 stantem
536 2811 554 2852 a
576 2790 691 2853 dextris
715 2793 840 2852 virtutis
859 2791 929 2852 Dei.

146 2899 234 2960 Luc.
258 2895 381 2969 xxxt:
414 2897 461 2961 Ex
491 2895 553 2959 boc
573 2882 674 2961 autem
695 2902 756 2961 erit
775 2895 859 2960 filius
878 2895 1013 2963 bominis
1028 2900 1139 2962 sedus

62 3026 81 3068 a
107 3004 220 3067 dextris
244 3005 370 3066 virtutis
384 3005 453 3071 Dei.

148 3115 172 3175 1.
190 3114 243 3175 Co
256 3134 281 3171 r.
314 3110 404 3173 XV.:
441 3112 577 3197 Oportet
607 3127 709 3176 autem
744 3114 834 3175 illum
855 3132 1002 3198 regnare,
1036 3114 1137 3179 donee

62 3232 164 3307 ponat
184 3238 288 3281 omues
315 3221 456 3281 inimicos
478 3220 537 3280 sub
562 3221 695 3303 pedibus
712 3223 789 3303 ejus.

150 3325 294 3412 Ephes.
317 3326 363 3386 L:
383 3325 541 3389 Smcitans
563 3328 652 3387 illum
675 3349 694 3390 a
716 3329 867 3408 mortuis,
893 3339 926 3389 et
948 3329 1158 3393 constituens.

62 3433 106 3499 ad
126 3432 263 3494 dextram
277 3455 365 3496 suam
382 3436 414 3497 iu
436 3434 619 3497 caelestibus
635 3447 692 3497 ete.
723 3449 760 3498 ut
782 3456 888 3521 supra.

145 3539 284 3603 Matth.
315 3543 481 3605 XXVlll.:
511 3544 593 3606 Data
622 3556 668 3605 est
695 3543 772 3606 mihi
805 3547 904 3607 omnis
932 3556 1069 3628 potestus
1104 3549 1138 3609 in

62 3652 149 3712 caelo
164 3662 196 3711 et
215 3650 249 3709 in
268 3661 363 3712 terra.

145 3755 267 3818 Hebe.
289 3756 345 3819 V.:
368 3758 410 3820 Et
433 3759 558 3842 quidem
579 3771 748 3821 comesset
769 3755 853 3820 filius
869 3760 951 3838 Dei,
971 3760 1082 3823 didicit
1103 3782 1139 3825 ex
1244 3780 1251 3789 ’

67 3865 124 3941 iis,
141 3884 223 3946 quae
244 3870 351 3947 passus
373 3880 441 3942 est,
465 3865 686 3927 obedientiam:
712 3879 743 3926 et
771 3882 1016 3947 consummatus,
1038 3870 1138 3936 sectus

71 3982 117 4031 est
131 3969 276 4032 omuibus
296 3971 580 4057 obtemperantibus
602 3974 682 4050 sibi,
705 3994 796 4034 causa
818 3974 924 4037 salutis
945 3991 1093 4039 aeternae.

149 4078 258 4141 Rom.
284 4078 388 4141 Vnt:
422 4081 492 4165 lpse
527 4083 608 4142 enim
638 4079 771 4163 Spiritus
796 4084 1007 4144 testimonium
1032 4085 1139 4147 reddit
1237 4164 1240 4169 ι
1370 4092 1376 4103 “

64 4186 190 4271 spiritui
206 4200 328 4266 nostro,
346 4187 433 4271 quod
451 4207 554 4251 sumus
569 4183 627 4247 filii
647 4186 716 4250 Dei.
761 4188 1139 4269 summittentes·
1229 4182 1235 4191 ¹

885 4313 905 4373 6
