2768 4762
463 402 798 473 stunouo.
1120 400 1181 476 '7³'

181 601 286 667 Rom.
307 594 367 661 1122
390 595 470 661 cnm
494 594 576 657 enim
602 604 717 679 gentes,
741 609 821 674 quae
841 586 938 674 legem
956 604 1022 647 non
1042 579 1169 664 haberat,

84 709 279 781 naturaiiter
310 726 365 782 ea,
400 722 481 786 qnae
510 701 584 789 legia
611 713 700 777 tunt,
730 699 866 760 saciuute
902 693 1056 780 ejusmodi
1074 694 1174 779 legem

94 841 160 883 uon
187 816 359 890 habentes,
392 807 451 894 ipsi
473 808 533 870 eibi
550 820 625 871 eunt
656 806 725 869 iexe
754 806 810 889 qui
837 802 1007 867 ostendunt
1024 823 1107 887 opua
1125 801 1178 863 le*

94 926 141 1009 gia
170 924 323 1003 seriptum
350 920 383 980 iu
422 915 572 978 cordibus
592 917 677 993 tuit,
711 914 921 977 testimonium
939 910 1089 973 reddente
1109 908 1173 973 iuis

94 1030 286 1092 eonscientia
312 1021 472 1111 ipsorum,
494 1037 526 1086 et
550 1026 632 1086 inter
647 1041 681 1084 te
700 1024 829 1083 invicem
843 1021 1065 1103 cogitationum
1077 1038 1174 1077 acen-

92 1140 229 1199 rantium
240 1137 302 1210 lant
318 1136 410 1195 etiam
432 1131 687 1209 defendentium,
714 1130 748 1192 in
761 1131 811 1193 die
821 1148 892 1189 eum
903 1124 1061 1210 judicabit
1086 1124 1180 1188 Deus·

94 1242 222 1307 oceultn
247 1240 418 1303 hominum.

181 1370 306 1455 Apoo.
332 1370 423 1431 XX.:
456 1368 499 1429 Et
523 1367 587 1428 vidi
607 1366 756 1431 thronum
778 1386 923 1453 magnum
945 1362 1122 1441 candidum,
1143 1374 1175 1424 et

94 1478 251 1541 sedentem
280 1497 375 1560 super
409 1497 501 1551 eum,
538 1494 556 1537 a
581 1476 673 1556 eujus
717 1486 887 1555 conspeetu
923 1473 1005 1556 fugit
1043 1483 1128 1532 terra
1144 1466 1183 1530 et'

98 1584 236 1660 caelum,
267 1596 299 1644 et
332 1582 422 1643 iocus
456 1600 520 1642 non
543 1596 590 1643 est
613 1585 753 1643 inventus
772 1582 825 1641 eis.
880 1578 923 1641 Iit
943 1579 1007 1640 ridi
1034 1590 1176 1638 mortuos
1265 1600 1268 1607 ·

97 1711 229 1773 magnos
257 1700 288 1748 et
307 1688 439 1771 pusiilus
460 1702 575 1750 stantes
597 1691 630 1750 in
647 1700 816 1773 conspeetu
841 1686 969 1769 throni,
991 1698 1023 1748 et
1045 1684 1120 1746 iibri
1143 1703 1180 1745 e-

102 1799 187 1881 perti
206 1809 292 1857 sunt.
316 1806 347 1855 et
363 1795 440 1857 aliua
460 1796 542 1857 liber
561 1810 687 1880 apertus
709 1808 770 1873 est,
795 1798 850 1878 qui
874 1804 938 1857 est'
945 1790 1043 1857 vitae·
1071 1805 1102 1854 et
1123 1792 1181 1875 ju-

104 1904 201 1964 dicati
226 1917 299 1965 suut
323 1905 438 1963 mortui
456 1925 492 1965 ex
510 1902 581 1982 hir,
604 1923 683 1985 quae
704 1905 821 1987 scripta
844 1914 934 1966 erant
949 1904 984 1965 in
1008 1900 1099 1963 libris
1128 1918 1182 1961 te·

98 2010 236 2073 eundum
264 1980 360 2094 opdra
388 2027 537 2091 ipsorum.
594 2008 637 2070 Et
662 2008 749 2070 dedit
778 2030 862 2072 more
886 2020 1028 2073 mortuos
1036 2054 1047 2088 ,
1070 2008 1125 2092 qui
1143 1992 1180 2067 in

100 2141 136 2180 eo
160 2132 264 2197 erant,
283 2130 314 2178 et
332 2136 421 2178 mors
449 2129 480 2178 et
500 2118 643 2179 infernus
665 2117 821 2179 dederuut
845 2128 989 2180 mortuos
1003 2137 1099 2195 auos,
1121 2114 1181 2197 qui

102 2228 133 2286 in
147 2229 221 2309 ipsis
237 2236 339 2286 erant:
361 2236 393 2285 et
408 2222 614 2306 judicandum
633 2238 679 2287 est
698 2224 736 2286 de
757 2216 887 2309 singuiis
907 2224 1078 2287 secundnm
1101 2242 1179 2306 ope-

100 2353 135 2393 ra
163 2335 316 2414 ipsorum.
360 2331 403 2391 Et
438 2333 577 2392 infernus
603 2344 635 2393 et
662 2353 749 2392 mors
774 2335 858 2393 missi
889 2345 963 2395 eunt
984 2334 1017 2393 in
1038 2344 1180 2414 stagnum

98 2441 189 2522 ignis.
232 2437 318 2495 Haeo
352 2448 398 2496 est
422 2456 506 2496 mora
535 2437 688 2514 secunda,
718 2448 750 2496 et
784 2439 926 2517 quinon
963 2451 1010 2499 eat
1034 2441 1178 2499 inventus

99 2553 134 2606 in
162 2542 247 2603 libro
266 2541 346 2617 vitae
364 2543 520 2623 scriptus,
542 2541 651 2601 missus
666 2554 713 2601 eat
731 2544 761 2601 iu
782 2555 924 2624 stagnum
942 2543 1032 2624 ignit.

185 2649 204 2709 J
215 2666 335 2712 erem.
358 2645 499 2709 xvut=
538 2647 674 2708 Pratum
700 2660 747 2709 eet
773 2669 830 2709 eor
850 2649 987 2709 hominia
1008 2658 1040 2708 et
1057 2648 1182 2709 inseru-

99 2757 212 2821 tabiiet
246 2755 316 2837 quit
344 2768 513 2839 cognoscet
535 2754 641 2816 iliud?
683 2756 752 2841 Ego
775 2755 921 2831 dominns
951 2765 1094 2816 aerutaue
1121 2773 1181 2815 eor

101 2879 133 2927 et
152 2862 292 2950 probans
321 2882 429 2924 renes.
464 2866 518 2948 qui
544 2864 585 2926 do
608 2865 780 2949 uuicuique
810 2866 900 2947 juxta
923 2864 1004 2925 viam
1025 2882 1127 2943 tunm,
1149 2871 1182 2924 et

101 2975 191 3056 juxta
214 2972 355 3031 fructum
372 2972 627 3035 adinventionum
650 2992 789 3033 suarum.
1226 3042 1232 3051 Ι
1292 3028 1297 3035 .

183 3076 523 3139 Hehr.1v.=vivue
548 3091 715 3140 estsenno
740 3080 799 3140 Dei
821 3091 854 3141 et
879 3077 1007 3155 efficax,
1029 3089 1060 3139 et
1082 3096 1183 3149 nene-
1293 3124 1298 3133 .

102 3184 249 3247 trabilior
274 3186 359 3246 omni
388 3184 495 3269 gladio
521 3188 670 3261 ancipitif
693 3199 723 3246 et
745 3192 924 3273 pertingent
943 3206 1042 3267 utque
1074 3184 1113 3245 ed
1130 3184 1186 3273 di?
1248 3166 1289 3203 ⁴¹

102 3293 253 3352 visionem
271 3292 388 3353 animae
412 3312 448 3351 ae
468 3293 613 3375 spiritus,
650 3315 832 3378 compagum
855 3313 985 3379 quoque
1001 3313 1037 3353 ac
1059 3289 1183 3352 medul-

100 3399 225 3475 larum,
259 3411 290 3460 et
317 3398 474 3459 diseretor
505 3402 733 3483 copitationum
771 3413 803 3464 et
839 3403 1047 3462 intentionum
1064 3399 1180 3462 cordia.

98 3507 143 3568 Et
163 3526 229 3567 uon
251 3519 297 3568 eat
315 3507 379 3568 ulia
407 3521 550 3569 ereatura
571 3508 735 3570 invisibilis
756 3511 788 3569 in
813 3521 983 3601 conspeetu
1001 3511 1089 3593 ejus:
1112 3528 1181 3569 om-

96 3615 150 3675 niu
171 3624 275 3674 autem
299 3613 384 3675 nuda
402 3626 433 3675 et
452 3626 559 3698 aperta
579 3616 773 3678 sunt‘oculis
796 3617 876 3698 ejus.

184 3718 273 3781 Gal.
310 3720 382 3781 VL:
419 3721 641 3807 Unusquisque
673 3746 752 3786 onus
786 3746 874 3786 suum
894 3724 1045 3810 portabit.
1090 3723 1179 3794 Quae

98 3829 295 3888 seminaverit
314 3827 436 3903 homo,
458 3828 534 3891 haee
562 3845 592 3892 et
613 3845 714 3893 metet
770 3834 945 3923 Quoniam,
969 3834 1024 3918 qui
1051 3835 1179 3895 seminat

102 3934 245 3995 incarne
272 3955 350 4011 sua,
383 3935 421 3997 de
435 3958 527 3997 carue
555 3951 585 3999 et
606 3953 700 4001 metet
724 3943 978 4045 corruptionem.
1001 3942 1056 4024 qui
1077 3954 1179 4003 autem

101 4040 226 4105 seminat
248 4042 280 4102 in
313 4043 447 4126 spiritu,
482 4042 522 4104 de
546 4048 660 4128 spiritu
681 4060 775 4108 metet
802 4040 893 4109 vitam
911 4060 1072 4110 aeternam.
1116 4049 1182 4111 Bo-
1262 4068 1265 4073 '
1335 4036 1338 4041 ¹

99 4164 175 4206 num
188 4162 292 4211 antem
312 4150 460 4212 facientes
482 4172 547 4213 non
561 4151 757 4263 deficiamus.
776 4167 920 4245 tempore
933 4159 1015 4219 enim
1036 4176 1094 4219 nuo
1114 4174 1182 4217 me-

94 4262 196 4323 temus
222 4277 288 4319 non
313 4256 544 4331 deficientem,
