2768 4762
160 320 168 332 “
242 339 325 409 mo
422 405 424 410 ,
553 325 1009 395 nnmmnmum

50 513 315 598 senissimo
351 519 454 617 ipsus
485 532 524 588 et
553 515 603 587 ¹in
630 515 690 588 his
720 514 956 599 Dominicem
985 538 1137 612 qnoque
1171 539 1325 588 crucem

67 606 170 647 triarchi
181 606 236 646 ni·-

66 656 141 697 mu.
156 656 182 695 ¹¹¹
202 655 236 694 o.
248 642 422 744 ejiciunt,
447 661 493 712 uo
513 637 707 736 sacrilegis
732 637 905 746 mnnipus
928 662 1034 712 sacra
1070 635 1151 710 fere
1183 640 1323 726 omnia,

67 711 92 766 tq
112 706 236 751 Demessu-

68 767 100 796 ¹¹'
246 767 313 842 ubi
333 781 511 868 possunt,
540 747 801 836 demoliuntur.

511 994 1051 1108 sculeeuntn
1127 978 1131 999 '

327 1171 504 1236 Burueh.
534 1169 593 1237 VJ.
640 1170 748 1232 Multis
779 1167 882 1233 verbis
916 1169 1065 1232 hortatur
1095 1169 1243 1235 ieremias
1265 1169 1324 1230 Ju-

244 1279 358 1359 daeus,
379 1293 415 1342 ut
435 1279 496 1340 sibi
517 1291 644 1339 caveant
664 1276 703 1340 ab
725 1276 905 1338 idololatria
927 1276 1194 1353 Babyloniorum:
1218 1291 1324 1338 osten·

245 1387 320 1450 dens
341 1408 359 1449 a
379 1385 705 1472 plurimiseffe'ctibus
727 1383 978 1467 imbecilliusesse
1000 1383 1105 1460 idola,
1133 1386 1323 1468 penitusque

245 1516 336 1559 sensu
366 1496 501 1556 carentia
521 1515 557 1580 ao
574 1495 756 1572 vanissima,
779 1490 836 1552 ubi
859 1495 941 1553 inter
962 1504 1082 1553 caetera
1102 1494 1147 1552 sic
1168 1494 1229 1573 eit:
1263 1493 1324 1552 Ln-

244 1601 373 1686 pidibus
405 1599 444 1660 de
470 1615 575 1664 monte
596 1601 709 1663 simiies
733 1613 806 1662 sunt
830 1599 873 1660 dii
895 1582 1039 1677 illorum,
1073 1598 1166 1684 lignei
1190 1612 1221 1661 et
1241 1597 1321 1683 lapi-

139 1795 144 1811 .
245 1709 296 1770 dei
330 1721 361 1770 ot
393 1711 479 1772 aurei
511 1722 544 1780 et
564 1711 710 1797 argentei.
754 1710 819 1786 Qui
841 1719 940 1793 sutem
962 1705 1072 1769 colunt
1092 1728 1145 1786 ea,
1186 1707 1318 1773 coufun-

140 1820 142 1825 ’
218 1816 362 1879 'dentur
382 1828 440 1879 ete.

233 1987 237 1999 ι
329 1949 476 2009 Deutr.
498 1944 572 2007 1V.=
605 1946 677 2008 Non
704 1944 825 2007 vidistis
859 1927 1259 2028 aliquant'similitndinem
1290 1946 1321 2004 in

246 2055 312 2133 die,
355 2073 418 2136 qua
448 2051 572 2114 loeutus
604 2066 650 2114 est
670 2051 770 2114 ¹vobis
791 2055 944 2114 Dominus
970 2053 1003 2114 in
1026 2051 1130 2113 Horeb
1154 2052 1322 2112 demedio

245 2163 344 2250 ignis:
377 2181 417 2222 ne
441 2160 525 2222 forte
545 2158 685 2245 decepti,
716 2159 835 2220 faciatis
856 2159 945 2222 vobis
966 2161 1116 2244 sculptam
1135 2157 1323 2219 similitudi·

105 2261 110 2268 ’
181 2271 193 2292 ‘
245 2288 332 2347 nem,
364 2280 420 2335 uut
447 2269 609 2352 imaginem
640 2266 769 2330 maseuli
803 2267 852 2329 vel
878 2268 1052 2347 foeminae,
1088 2266 1320 2330 similitudinem

246 2378 385 2439 omnium
407 2376 635 2458 jumentorum,
658 2388 831 2458 quaesunt
861 2390 1110 2461 superterram,
1142 2375 1191 2435 vel
1220 2377 1317 2435 ovium

245 2483 306 2546 sub
339 2482 425 2544 eaelo
454 2482 642 2562 volantium,
673 2497 767 2567 utque
789 2484 967 2569 reptilium,
1003 2504 1082 2567 quae
1103 2493 1269 2544 moventur
1290 2482 1320 2539 in

145 2666 146 2671 ἵ
245 2605 353 2672 terra,
384 2594 447 2654 sive
468 2592 618 2675 piscium,
652 2593 707 2675 qui
728 2592 788 2654 sub
810 2607 894 2655 terra
916 2606 1078 2654 morantur
1100 2593 1132 2651 in
1155 2593 1262 2673 aquis:
1283 2611 1320 2650 ue

215 2679 330 2762 ..sorte
353 2697 476 2760 elevatis
499 2697 599 2760 oculis
620 2698 660 2760 ud
682 2700 816 2780 eaelum,
841 2700 944 2763 videas
965 2700 1061 2761 solem
1085 2712 1116 2761 et
1138 2699 1262 2774 lunam,
1292 2707 1322 2758 et

245 2809 349 2870 omnia
370 2819 453 2870 estre
480 2805 573 2885 eseli,
597 2818 628 2868 et
648 2826 757 2868 errore
780 2807 926 2891 deeeptus
949 2809 1059 2870 adores
1080 2799 1139 2885 ee',
1173 2819 1205 2867 et
1227 2804 1320 2881 colas,

198 2936 200 2941 ’
244 2934 325 2997 quoe
357 2915 474 2976 creavit
507 2913 659 2975 Dominus
692 2915 778 2975 Deus
809 2927 881 2978 tuus
911 2919 944 2977 in
972 2917 1176 2978 ministerium
1198 2915 1321 2975 cunetis

244 3019 388 3106 gentibus
400 3063 411 3099 ,
433 3042 511 3104 quae
531 3020 590 3082 sub
612 3021 698 3083 caelo
721 3034 802 3084 sunt.

325 3151 376 3214 Et
398 3149 456 3212 Va
491 3152 569 3234 ,Nou
603 3153 696 3215 facies
728 3153 788 3215 ubi
815 3153 977 3238 sculptile,
1010 3176 1066 3216 nec
1088 3154 1323 3216 similitudinem

243 3262 402 3339 omnium,
441 3281 521 3343 quae
550 3263 583 3321 in
613 3262 699 3322 caelo
728 3274 802 3323 sunt
831 3262 980 3348 desuper,
1016 3277 1048 3325 et
1070 3285 1149 3344 quoe
1182 3265 1213 3323 in
1235 3275 1323 3323 terra

243 3356 412 3446 deorsum,
434 3382 466 3431 et
487 3389 567 3451 quae
584 3367 749 3431 'versentur
768 3373 801 3432 in
823 3370 910 3456 equis
932 3369 989 3433 sub
1012 3382 1104 3433 terra.
1146 3369 1221 3435 Non
1241 3370 1324 3433 edo·

229 3475 326 3539 'rabis
350 3497 384 3538 ea
397 3521 407 3555 ,
431 3489 462 3537 et
481 3498 546 3537 non
569 3476 662 3538 coles.

325 3584 413 3669 Sap.
440 3583 544 3645 xlv.:
582 3584 710 3646 Initium
742 3585 960 3650 fornicationis
992 3600 1038 3649 est
1060 3586 1223 3669 exquisitio
1248 3583 1324 3646 ido-

240 3691 369 3755 lorum:
402 3704 433 3754 et
453 3691 630 3752 adinventio
652 3692 777 3755 illorum
805 3698 968 3781 corruptio
993 3700 1076 3757 uitae
1114 3707 1169 3759 est.
1212 3692 1324 3775 Neque

239 3801 320 3860 enim
341 3810 430 3860 erant
456 3798 496 3860 ab
528 3800 636 3878 initio,
668 3823 768 3886 neque
790 3818 882 3864 erunt
904 3807 934 3864 in
957 3817 1152 3888 perpetuum.
1197 3800 1323 3883 Super-

238 3909 373 3967 vacuitns
404 3908 485 3968 enim
521 3905 684 3968 hominum
704 3909 797 3970 'haec
836 3912 994 3972 adinvenit
1016 3913 1047 3970 in
1082 3908 1190 3970 orbem
1216 3921 1324 3968 terra-

239 4036 326 4075 rum:
358 4026 389 4075 et
416 4014 487 4074 ideo
516 4013 617 4075 brevis
647 4016 774 4079 illorum
808 4015 878 4080 finis
917 4032 963 4080 est
993 4023 1144 4079 inventus.
1189 4013 1320 4074 Acerba

236 4123 318 4183 euim
348 4120 439 4208 luctu
470 4120 579 4182 dolens
614 4127 725 4206 pater,
756 4128 821 4187 cito
845 4125 906 4187 sibi
925 4131 1005 4210 rupti
1033 4127 1089 4187 filii
1113 4126 1188 4185 secit
1208 4123 1324 4204 imagi-

223 4241 315 4292 'ueme
337 4241 368 4292 et
393 4228 503 4307 illum,
526 4233 581 4315 qui
604 4244 680 4294 tune
701 4236 789 4319 quasi
805 4233 900 4299 homo
923 4236 1072 4302 mortuus
1086 4235 1210 4310 fuerat,
1234 4250 1323 4294 nuuc
