2768 4762
216 373 308 445 ,aas
536 361 608 429 nn
639 359 993 426 clamarunt

230 570 290 612 nus
318 561 410 612 tuum
442 545 484 610 ad
516 545 632 628 sltare,
665 560 698 611 et
715 546 761 610 ibi
785 545 968 610 recordatus
988 547 1105 627 fueris,
1128 553 1183 633 qui
1208 551 1310 616 frater

229 671 305 722 tuus
323 656 421 720 babet
441 655 563 747 aliquid
584 654 746 719 adversum
765 667 815 718 te:
848 654 990 740 relinque
1010 656 1055 718 ibi
1080 679 1192 721 munus
1215 671 1308 722 tuum

229 778 302 827 ante
325 763 441 843 altare,
463 776 495 829 et
516 760 594 825 rade
610 765 698 847 prius
721 763 918 825 reconciliari
940 763 1032 824 fratri
1053 776 1137 844 tun,
1165 780 1196 829 et
1229 781 1307 831 tunc

229 875 353 935 ueniens
381 864 507 935 offeres.
526 893 639 933 munus
664 884 760 934 tuum.
815 870 974 948 Audistis,
1009 874 1082 954 quia
1111 874 1230 936 dictum
1260 889 1309 940 est

230 983 383 1066 antiquis:
417 980 488 1043 Non
510 978 734 1053 moechaberis.
787 977 856 1063 Ego
880 992 981 1063 autem
1007 980 1078 1042 dico
1100 979 1209 1058 vobis,
1232 985 1307 1065 quia
1332 990 1335 1001 '

222 1092 333 1168 ‚omnis
344 1131 354 1165 ,
375 1090 432 1170 qui
452 1088 567 1151 viderit
587 1087 749 1149 mulierem
772 1086 813 1148 ad
830 1088 1110 1171 concupiscendum
1127 1111 1213 1169 eam,
1240 1092 1308 1172 jam

230 1194 412 1263 moechatus
429 1207 475 1265 est
495 1206 563 1272 eam,
579 1197 611 1256 in
635 1195 731 1258 corde
752 1215 821 1257 suo.
864 1192 991 1255 Dictum
1015 1208 1078 1257 ests
1114 1196 1307 1280 Quicunque

232 1303 385 1365 dimiserit
405 1324 531 1365 uxorem
555 1324 642 1372 susm
654 1346 664 1380 ,
698 1304 751 1365 det
771 1305 799 1364 ei
822 1300 960 1363 libellum
975 1303 1108 1386 repudii.
1151 1304 1220 1389 Ego
1247 1327 1307 1367 au-

220 1422 294 1489 tem
325 1411 396 1473 dico
429 1409 541 1490 vobis,
573 1413 648 1495 quia
679 1394 799 1487 omnis,
833 1413 888 1493 qui
919 1409 1069 1471 dimiserit
1085 1425 1144 1472 etc.
1185 1408 1306 1474 Iterum

231 1518 381 1597 audistis,
404 1520 480 1602 quia
499 1518 618 1608 dictum
649 1529 695 1579 est
714 1518 866 1598 antiquis:
887 1517 959 1605 Non
976 1519 1167 1603 perjurabis:
1192 1521 1305 1583 reddes

230 1639 332 1693 autem
350 1625 487 1689 Domino
509 1627 684 1708 juramenta
707 1638 773 1690 tua.
816 1622 885 1708 Ego
905 1639 1007 1689 autem
1027 1627 1098 1689 dico
1122 1627 1222 1704 vobis,
1237 1649 1305 1689 non

104 1750 110 1768 “
220 1735 337 1821 ¹thare
352 1736 499 1812 pnmino,
521 1753 621 1816 neque
640 1725 698 1818 per
710 1731 845 1811 caelum,
858 1735 942 1816 ‘quia
963 1747 1022 1796 ets.
1064 1735 1212 1814 Audistis,
1227 1738 1304 1817 quia

218 1824 443 1933 dictumest:
479 1839 616 1915 Oculum
651 1860 713 1924 pro
744 1839 855 1918 uculo,
894 1853 927 1903 et
955 1830 1081 1903 dentem*
1121 1865 1182 1926 pro
1201 1842 1303 1905 dente.

218 1947 302 2033 ‚Ego
323 1962 424 2011 autem
443 1948 516 2010 dico
537 1946 627 2009 vobis
638 1991 652 2027 ,
670 1966 736 2017 non
760 1949 902 2011 resistere
920 1948 1023 2033 malos
1057 1950 1108 2011 sed
1130 1953 1156 2011 si
1180 1953 1250 2032 quis
1270 1963 1301 2011 te

229 2058 419 2141 percusserit
445 2054 651 2134 indenturam
676 2056 827 2119 maxillam
841 2069 944 2134 tuam,
967 2056 1080 2140 praebe
1101 2055 1147 2115 illi
1170 2070 1202 2116 et
1225 2056 1305 2118 alte-

207 2153 325 2239 ram:
352 2174 384 2223 et
415 2163 460 2241 ei,
494 2142 642 2246 quirult
667 2175 767 2226 tecum
793 2164 916 2246 judicio
933 2162 1137 2239 contendere,
1160 2175 1191 2222 et
1215 2165 1307 2224 tuni-

230 2290 299 2330 cam
327 2281 412 2333 tuum
439 2269 573 2351 tollere,
591 2271 725 2333 dimitte
758 2274 787 2332 ei
824 2286 854 2333 et
871 2270 1008 2355 pallium.
1047 2269 1205 2346 Audistis,
1229 2272 1306 2352 quia

209 2377 350 2463 ¹dictu'rn'
383 2390 445 2438 est:
473 2378 591 2463 Diliges
617 2352 792 2463 proximum
819 2393 923 2456 tuum,
956 2392 988 2442 et
1003 2377 1078 2440 odio
1096 2375 1226 2437 habebis
1242 2379 1304 2438 ini·

227 2487 347 2567 micum
365 2497 466 2557 tuum.
526 2485 727 2570 Ege-autem
756 2488 828 2550 dico
856 2485 966 2547 robis:
1001 2485 1130 2569 Diligite
1161 2486 1302 2551 inimicos

230 2604 377 2670 vestros,
412 2591 585 2655 benefacite
618 2592 686 2671 bis,
720 2597 776 2675 qui
813 2593 949 2656 oderunt
976 2573 1052 2683 vos,
1075 2605 1105 2652 et
1130 2604 1219 2652 orate
1241 2610 1301 2674 pro

230 2699 492 2784 persequentibus
520 2713 552 2762 et
578 2699 836 2788 calumniantibus
861 2722 934 2763 vos:
962 2713 1011 2777 ut·
1028 2701 1095 2760 sitis
1126 2696 1184 2759 filii
1203 2698 1299 2781 patris

230 2810 325 2866 vestri
338 2851 348 2884 ,
372 2809 425 2889 qui
448 2809 480 2867 in
500 2803 591 2868 caelis
608 2820 673 2886 est,
707 2811 759 2888 qui
782 2808 879 2868 solem
906 2829 994 2891 suum
1019 2809 1097 2868 oriri
1115 2806 1191 2867 facit
1207 2825 1302 2888 super·

229 2909 332 2976 bonos
360 2926 390 2974 et
416 2912 530 2993 malos,
552 2927 583 2976 et
594 2914 677 2998 pluit
697 2935 790 2996 super
809 2915 910 2994 justus
932 2928 964 2977 et
980 2916 1122 2996 injustos.
1167 2912 1200 2972 Si
1222 2913 1303 2972 enim

230 3020 359 3105 diligitis
379 3042 450 3099 eos,
474 3024 528 3103 qui
555 3043 610 3084 vos
634 3022 786 3105 diligunt,
821 3044 913 3106 quam
935 3021 1106 3083 mercedem
1124 3015 1301 3080 habebitis?

229 3149 334 3189 nonne
354 3142 384 3190 et
401 3128 563 3213 publicani
585 3129 649 3191 hoc
668 3129 808 3190 faciuntl
850 3130 937 3190 Etsi
959 3129 1163 3190 salutaveritis
1188 3126 1301 3185 fratres

230 3249 348 3299 vestros
371 3249 489 3299 tautum
501 3278 515 3312 ,⁴
534 3236 612 3320 quid
636 3236 766 3321 amplius
785 3237 909 3299 facitis?
933 3214 1036 3300 nonne
1056 3249 1087 3297 et
1105 3233 1221 3295 ethnici
1238 3231 1301 3292 boc

230 3343 370 3404 iaciunt?
424 3344 534 3405 Estote
566 3365 640 3430 ergo
671 3366 727 3407 vos
756 3346 906 3430 perlecti,
937 3348 1019 3408 sicut
1039 3357 1071 3407 et
1094 3355 1184 3428 pater
1200 3351 1301 3400 vester

230 3447 366 3511 ca'eiestis
385 3451 543 3536 perfectus
563 3465 618 3514 est.

233 3638 236 3642 .
311 3579 459 3645 Matth.
492 3581 600 3644 m:
649 3581 683 3645 si
718 3585 763 3645 vis
804 3581 844 3644 ad
880 3585 974 3645 vitam
1015 3579 1153 3664 ingredi,
1211 3593 1300 3638 sem

227 3685 378 3750 mandata.

303 3794 362 3858 ⁴Et
384 3795 555 3861 xxvm.=
586 3795 704 3858 Euntes
726 3819 801 3882 ergo
823 3797 934 3860 docete
953 3815 1058 3860 omnes
1080 3805 1195 3878 gentes,
1217 3788 1303 3871 bap·

227 3902 354 3964 tiruntes
374 3925 427 3968 eos
452 3909 485 3965 in
503 3906 627 3967 nomine
645 3905 746 3966 Patris
764 3919 796 3969 et
813 3906 887 3967 Filii
901 3918 932 3967 et
950 3905 1087 3987 Spiritus
1107 3900 1215 3975 sancti,
1241 3896 1304 3957 dn-

227 4021 330 4073 centes
349 4033 403 4074 eos
419 4032 541 4074 servare
575 4014 700 4086 omnia,
731 4033 933 4097 quaecunque
950 4010 1096 4094 mandavi·
1113 4004 1214 4068 vobis.

308 4118 428 4180 Hebr.
460 4117 519 4180 Va
549 4117 592 4179 Et
618 4132 865 4195 consummatus,
892 4118 993 4180 laetus
1011 4130 1056 4180 est
1076 4113 1221 4179 omnibus
1242 4109 1305 4174 nb·

225 4225 471 4312 temperantibus
485 4224 546 4289 sibi
574 4246 665 4290 causa
687 4225 795 4289 salutis
817 4238 967 4288 mutuae.
