2752 4770
153 372 155 379 »
236 350 317 427 40,
490 340 572 406 ns
611 337 1060 419 asserueris

237 532 308 609 Dei,
332 523 505 614 quaeriue
523 539 571 594 est
589 524 684 609 mihi,
712 537 749 595 ut
764 526 889 611 sapiens
915 527 1105 595 architectus
1137 531 1309 603 fundumen-

238 650 309 700 tum
327 637 441 720 posui:
462 633 552 696 Alius
573 648 675 695 sutem
695 632 948 718 superaedificat,
969 650 1027 700 etc.

324 742 470 827 Ephes.
492 741 539 803 Le
568 743 673 824 ipsum
705 741 793 803 dedit
823 755 918 827 caput
946 763 1041 829 supra
1063 768 1196 811 omnem
1217 751 1303 815 Eccle-

240 855 315 916 siam
327 895 337 931 ,
367 871 447 933 quae
469 861 516 910 est
535 869 649 932 corpus
671 849 785 934 ipsius,
819 862 850 911 et
870 850 1035 934 plenitudo
1058 858 1159 938 ejus,
1181 862 1238 941 qui
1257 882 1305 922 ou·

240 963 293 1022 nia
314 962 346 1019 iu
368 956 510 1018 omnibus
533 952 729 1040 adimpletur.

246 1115 250 1119 .
327 1065 496 1128 Colossi
529 1062 572 1125 Et
599 1065 665 1147 ipse
692 1074 738 1124 est
763 1074 859 1146 caput
889 1069 1034 1149 corporis
1056 1068 1240 1153 Ecclesiae,
1264 1089 1301 1138 etc

240 1171 405 1256 Adimpleo
426 1191 481 1248 ca,
517 1192 596 1253 quae
619 1172 731 1233 desunt
757 1172 932 1253 passionum
955 1175 1144 1256 CHRISTI,
1182 1183 1214 1240 in
1238 1204 1302 1245 cum

241 1301 308 1342 mea
340 1301 402 1362 pro
434 1299 568 1362 corpore
598 1281 683 1361 ejus,
715 1277 802 1360 quod
836 1291 880 1340 est
907 1279 1065 1343 Ecclesia:
1100 1285 1204 1367 Cujus
1226 1290 1299 1351 samu

241 1408 309 1448 sum
331 1407 388 1470 ego
411 1386 550 1447 minister
572 1357 741 1449 sccsindum
764 1385 1023 1469 dispensationem
1042 1391 1126 1469 Dei,
1151 1418 1232 1476 quae
1250 1399 1296 1458 dau

242 1507 289 1557 est
309 1495 385 1555 mihi
407 1495 438 1553 in
459 1491 569 1569 vobis,
590 1505 625 1552 ut
646 1492 785 1577 impleam
805 1492 932 1554 verbum
953 1495 1023 1556 Dei.

229 1606 233 1616 “
325 1600 504 1683 Ephest
535 1600 617 1661 Estis
651 1603 729 1662 cives
764 1596 941 1661 sanctorum
975 1614 1006 1662 et
1038 1602 1208 1669 domestici
1238 1611 1289 1683 Da',

241 1705 491 1793 superaedificati
528 1728 623 1791 super
656 1708 886 1771 fundamentum
917 1708 1148 1791 Apostolorum
1179 1730 1210 1777 ct
1239 1717 1289 1776 Pro·

242 1816 406 1899 plectarum
440 1817 510 1898 ipso
537 1837 655 1876 summo
686 1817 824 1901 angulari
858 1816 960 1899 lapide
987 1818 1091 1880 JESU
1122 1821 1286 1915 §Elusus
1317 1837 1321 1901 t

241 1923 280 1984 Iu
311 1945 373 2004 quo
409 1925 508 1986 omnis
535 1922 708 1987 aedificatio
742 1939 941 2003 constructa,
973 1930 1090 1990 crescit
1120 1930 1153 1988 in
1175 1931 1292 2013 templnu

243 2044 381 2091 sanctum
404 2034 436 2091 in
459 2033 606 2094 Domino.

328 2138 353 2197 1.
375 2139 459 2198 Cor.
483 2139 563 2200 llI.:
599 2139 721 2222 siquis
750 2150 850 2198 autem
871 2141 1109 2222 superaedificat
1127 2163 1210 2225 super
1230 2141 1292 2200 iuu-
1319 2208 1321 2216 ¹

244 2242 420 2306 dementum
442 2244 521 2323 hoc,
549 2230 676 2325 nurum,
699 2260 865 2330 argentum,
889 2247 1006 2331 lapides
1027 2253 1196 2331 pretiosos,
1212 2247 1286 2331 ligna,

242 2352 358 2412 foenum
370 2398 379 2429 ,
402 2354 564 2435 stipulam:
589 2356 838 2436 Uuiuscujusque
860 2375 938 2438 opus
961 2358 1158 2418 manifestum
1178 2362 1226 2417 erit
1241 2367 1284 2414 etc.

325 2461 362 2520 E.
406 2463 430 2521 l.
454 2462 666 2524 C01·.XIV.:
698 2463 841 2539 Fratres,
870 2462 965 2522 nolite
994 2468 1088 2545 pueri
1120 2463 1195 2525 effici
1212 2461 1282 2521 seusi-

241 2566 322 2646 bus,
353 2570 407 2629 sed
438 2570 553 2630 malitia
582 2569 704 2654 parvuli
732 2583 856 2648 estote,
886 2570 1024 2631 sensibus
1056 2587 1164 2634 autem
1189 2565 1280 2656 peristi

243 2690 380 2759 estote„

325 2785 431 2845 Rom.
454 2784 545 2845 XV.:
568 2785 722 2848 Debemus
743 2800 844 2848 autem
862 2806 919 2847 nos
942 2781 1099 2847 firmiores
1125 2783 1278 2879 imbecillius

241 2905 285 2955 tes
310 2891 502 2952 infirmorum
524 2897 693 2971 sustinere,
716 2906 746 2953 et
766 2916 829 2953 non
850 2894 942 2954 nobis
963 2893 1097 2975 placere.
1147 2891 1277 2973 unusquis

242 3021 303 3080 que
325 3016 461 3060 vestrum
482 3002 624 3083 proximo
646 3022 702 3064 suo
723 3000 842 3085 placeat
862 3003 895 3061 iu
916 3000 1035 3062 bonum
1061 3002 1101 3062 ad
1126 2999 1275 3063 aedificate

241 3129 317 3167 nem.

324 3213 413 3275 Act.
440 3213 548 3277 xlv.:
579 3214 718 3296 Cumque
745 3213 996 3299 evangelizassent
1025 3215 1151 3279 Paulus
1185 3230 1213 3279 et
1231 3212 1273 3272 lt·
1303 3196 1308 3229 ²

239 3324 334 3387 nabas
366 3326 481 3383 civitati
516 3323 559 3383 illi
590 3322 732 3401 (Derbae)
771 3336 801 3384 et
829 3323 1006 3384 docuissent
1034 3325 1175 3404 multos,
1205 3310 1274 3386 ruffi·
1301 3378 1309 3401 ,

240 3445 312 3490 sunt
330 3433 468 3506 hystrum
491 3443 521 3491 et
542 3433 698 3506 Iconium,
720 3442 751 3490 et
768 3428 982 3506 Antiochiam,
1005 3431 1225 3495 confirmantes
1240 3425 1279 3488 ul·

240 3558 302 3599 mas
317 3538 550 3623 discipulorum,
573 3538 836 3619 exhortantesque,
850 3550 886 3598 ut
900 3555 1120 3621 permanerent
1137 3546 1173 3603 in
1185 3540 1237 3602 fide
1247 3545 1283 3594 tt«

324 3648 349 3706 1.
374 3647 504 3707 Thess.
528 3646 605 3706 1112:
633 3648 771 3707 Misimus
793 3646 987 3707 Timotheum
1009 3645 1143 3708 fratrem
1168 3659 1286 3711 nostru*

241 3765 273 3814 et
295 3756 468 3816 ministrum
491 3754 550 3813 Dei
580 3756 611 3814 in
636 3753 805 3837 Evangelio
836 3754 997 3814 CHRISTI
1023 3754 1064 3813 ud
1087 3747 1288 3817 confirmando·

240 3879 316 3938 vos,
338 3875 368 3923 et
393 3862 600 3924 exhortandos
623 3883 681 3946 pro
703 3860 766 3922 fide
783 3872 902 3922 vestra:
931 3862 974 3938 Ut
990 3882 1083 3923 nemo
1103 3856 1287 3927 moveam*

240 3965 496 4031 tribulationibus
518 3971 596 4035 istis.

213 4112 216 4116 -
323 4073 366 4136 Et
381 4075 457 4159 Νη
487 4077 535 4137 De
557 4088 679 4138 caetero
705 4096 779 4161 ergo
806 4073 935 4155 inatres,
957 4097 1103 4162 rogamus
1124 4101 1183 4141 ros
1204 4089 1232 4139 et
1250 4066 1283 4133 ol

240 4200 390 4246 terramus
413 4179 447 4243 in
461 4179 597 4246 Domino
618 4184 733 4263 JESU,
754 4197 808 4264 ut,
827 4182 1085 4269 quemadmodum
1110 4184 1281 4270 accepistis¹

239 4287 342 4372 nobis,
366 4287 527 4375 quomodo
551 4304 698 4374 oporteat
716 4313 772 4355 ros
797 4289 979 4372 ambulem,
1013 4303 1047 4354 et
1071 4293 1199 4379 placere
1226 4290 1281 4352 uo
