2768 4762
299 390 311 401 ··
406 338 773 450 euenerunt.
895 425 902 433 .
1060 379 1191 490 lul·

58 578 148 642 erbas
170 598 191 638 o
213 574 333 636 Adam?
352 574 486 652 Mulier,
511 594 603 658 quem
628 567 742 630 dedisti
766 560 863 644 mihi,
886 560 974 624 dedit
993 558 1070 622 mihi
1091 559 1268 633 deamata

60 667 171 748 ligno,
192 672 223 720 et
248 660 378 720 comedi.
421 659 526 720 Verba
545 656 678 719 malitiae
694 661 766 713 sunt
779 646 874 726 baec,
904 646 1019 730 qnib'us
1036 647 1131 728 magis

61 767 188 830 augeas,
209 765 302 827 qnam
325 741 426 804 deleas
451 744 581 826 eulpam.
624 736 740 800 Verum
768 745 867 793 tamen
886 733 1036 876 sapientia
1057 732 1133 791 vicit
1144 732 1306 786 ⁸¹9501¹2⁷=⁵⁰0

62 833 224 892 malitiam:
256 850 326 888 eum
348 829 540 888 occasionem
560 827 685 900 veniae,
716 839 809 901 quam
831 838 849 877 a
869 829 902 878 te
952 837 1006 876 eus
1036 817 1134 876 inter·

60 914 202 998 rogando
223 913 335 972 elicere
362 916 511 990 tentarit,
539 910 678 970 sednon
708 905 828 987 potuit,
863 903 895 962 in
915 900 1063 961 thesauro
1084 903 1135 961 in-

61 998 232 1060 deficientis
260 1016 332 1057 suae
359 997 482 1078 pietatis
519 995 641 1054 invenit.
693 987 849 1050 Redditur
868 1006 977 1068 nempe
1000 985 1134 1044 foemina

55 1104 117 1168 pro
147 1083 299 1156 foemina,
333 1079 469 1160 prudens
500 1099 560 1161 pro
593 1076 695 1151 latua,
728 1069 853 1132 huniilis
883 1090 944 1152 pro
981 1067 1133 1150 superba:

62 1181 141 1250 quae
159 1186 220 1249 pro
246 1165 332 1245 liguo
353 1165 481 1240 mortis,
505 1174 626 1244 gustum
646 1159 706 1220 tibi
731 1157 875 1239 porrigat
895 1153 996 1227 vitae,
1018 1165 1049 1210 et
1072 1173 1135 1234 pro

61 1271 216 1313 venenoso
242 1250 315 1309 cibo
339 1248 394 1306 illo
412 1247 640 1322 amaritudinis,
676 1241 871 1302 dulcedinem
893 1238 996 1320 pariat
1017 1235 1136 1296 fructus

61 1337 190 1396 aeterni.
233 1334 321 1393 Muta
352 1352 426 1415 ergo
450 1334 574 1411 iniquae
597 1325 801 1389 excusationis
824 1320 955 1381 verbum
979 1322 1010 1380 iu
1030 1339 1137 1378 vocem

59 1422 232 1504 gratiarnm
258 1419 410 1492 aetionis,
441 1427 472 1475 et
497 1414 563 1473 dic:
585 1413 735 1484 Domine,
758 1406 889 1482 mulier,
915 1424 1007 1486 quam
1025 1402 1137 1462 dedisti

59 1504 157 1579 mihi,
188 1501 274 1561 dedit
303 1499 379 1557 mihi
399 1499 436 1557 de
459 1497 543 1579 ligno
565 1497 663 1569 ritae,
693 1508 724 1554 et
747 1490 885 1566 comedi,
908 1502 939 1548 et
962 1487 1053 1546 dulce
1071 1487 1139 1545 fae·

62 1601 141 1659 tum,
158 1599 204 1654 est
235 1603 329 1664 super
358 1581 417 1641 mel
443 1583 492 1640 ori
520 1600 610 1655 meo,
641 1580 715 1660 quia
751 1579 781 1634 in
805 1578 873 1657 ipso
895 1570 1056 1633 vivificasti
1079 1591 1136 1630 me.

62 1671 147 1729 Eece
178 1670 256 1726 enim
279 1666 317 1725 ad
340 1663 530 1734 boemissus
551 1676 597 1722 est
619 1662 743 1746 angelus
770 1659 809 1718 ad
831 1659 990 1740 virginem.
1034 1652 1138 1714 Oad·

62 1751 239 1813 mirandum
258 1761 289 1807 et
309 1752 391 1808 omni
416 1747 538 1809 honore
559 1746 765 1830 dignissimam
785 1744 951 1826 virginem,
980 1760 1001 1800 o
1026 1738 1245 1809 foeni-nou
1258 1750 1312 1793 vu·

64 1856 138 1894 nam
159 1834 357 1916 singulariter
380 1831 600 1908 venerandam,
620 1851 716 1914 super
736 1849 840 1888 omnes
862 1827 1010 1887 foeminas
1037 1812 1217 1885 admi-‘¹⁹¹⁸'

66 1916 213 1993 rabilem,
246 1930 407 1999 parentum
442 1918 679 1998 reparatricem,
718 1926 919 1997 posterorum
944 1905 1138 1993 purificatri·
1181 1923 1198 2002 *a

64 2023 140 2061 cem.
181 2003 292 2061 Missus
315 2011 376 2076 est,
412 2003 535 2082 inquit,
568 1998 694 2084 angelus
716 1998 754 2057 ad
773 1999 933 2081 virginem.
978 1995 1137 2076 Virginem

60 2105 153 2146 carne
165 2128 175 2162 ,
198 2086 346 2168 virginem
362 2096 477 2161 mente,
499 2085 648 2167 virginem
664 2083 878 2166 professione,
901 2081 1051 2162 virginem
1080 2081 1137 2139 de-
1222 2125 1224 2134 i

61 2172 157 2250 nique
177 2170 296 2250 qualem
320 2169 470 2230 describit
491 2167 689 2252 Apostolus,
704 2181 804 2229 mente
828 2179 860 2227 et
877 2185 1013 2248 corpore
1045 2155 1167 2225 sane-¹·
1178 2147 1224 2189 ⁰⁰¹
1239 2154 1300 2195 ω·

62 2265 132 2313 tam.
175 2252 237 2314 Nee
273 2255 412 2328 noviter,
445 2273 502 2313 nec
537 2253 675 2313 fortuitu
695 2256 865 2329 inventam,
897 2251 989 2310 seda
1010 2249 1134 2310 saeculo

66 2337 208 2396 electam:
232 2335 270 2394 ab
289 2335 436 2395 altissimo
454 2341 683 2418 praecognitam
706 2349 736 2396 et
751 2337 810 2396 sibi
839 2347 1071 2416 praeparatam,
1095 2334 1134 2393 ab
1204 2390 1234 2405 ,,
1279 2394 1284 2404 ,

63 2420 179 2502 angelis
209 2430 373 2492 serratam,
409 2437 426 2475 a
455 2417 601 2476 Patribus
627 2417 881 2500 praefiguratam,
913 2438 931 2477 a
966 2419 1135 2498 Prophetis
1147 2393 1310 2483 ”papigens-

92 2504 260 2560 remissam·
319 2498 466 2557 Scrutare
499 2502 687 2580 scripturas,
722 2514 753 2559 et
784 2500 909 2582 proba,
947 2522 1024 2581 quae
1055 2503 1136 2561 dieo.

65 2527 174 2658 bisne,
198 2595 234 2642 ut
247 2595 279 2643 et
297 2602 353 2665 ego
374 2582 478 2665 aliqua
498 2602 533 2640 ex
560 2576 609 2640 his
627 2585 800 2643 testimonia
825 2582 876 2642 hic
901 2585 1055 2642 inseram?
1098 2585 1140 2643 Ut

64 2690 166 2754 pauca
188 2667 302 2748 loquar
324 2666 362 2725 de
376 2665 538 2750 pluribus,
558 2686 649 2746 quam
672 2664 730 2726 abi
747 2667 836 2726 aliam
851 2667 1038 2748 praedixisse
1051 2668 1135 2726 Deus

63 2753 210 2826 ridetur,
233 2750 359 2832 quando
383 2749 422 2810 ad
445 2763 618 2833 serpentem
641 2752 700 2817 ait:
728 2752 905 2811 Inimicitias
924 2771 1038 2835 ponam
1055 2742 1274 2812 inter⁰‘¹¹·⁵·¹⁵·

65 2851 96 2897 te
132 2851 162 2897 et
192 2834 374 2894 mulierem?
417 2835 460 2894 Et
478 2837 504 2895 si
523 2834 626 2895 adhue
647 2836 792 2912 dubitas,
815 2856 853 2896 an
875 2834 913 2895 de
933 2837 1032 2895 Maria
1053 2835 1139 2895 dixe·

68 2925 129 2981 rit:
153 2920 249 2995 audi,
285 2918 370 3000 quod
388 2921 548 2999 sequitur:
578 2921 648 3004 lpsa
681 2933 821 2982 conteret
842 2934 1045 3003 eaputtuum.
1079 2920 1138 2980 Cui

69 3006 143 3065 baec
166 3016 284 3066 servata
301 3006 433 3065 victoria
452 3016 512 3080 est,
538 3006 596 3065 nisi
628 3006 789 3067 Mariaei·
810 3006 881 3088 Ipsa
903 3005 1018 3087 procul
1040 3003 1138 3065 dubio

69 3102 164 3170 caput
182 3089 329 3148 contrivit
345 3102 546 3165 venenatum,
581 3110 660 3171 quae
680 3089 856 3153 omnimoda
877 3090 1001 3172 maligni
1028 3108 1140 3173 sugge-

67 3176 199 3249 stionem
227 3185 288 3231 tam
313 3173 350 3233 de
380 3175 480 3233 caruis
508 3173 668 3251 illecebra,
696 3196 788 3257 quam
809 3176 972 3234 dementis
991 3177 1138 3256 superbia

68 3255 196 3317 deduxit
217 3257 255 3315 ad
271 3256 411 3317 nihilum.
456 3258 556 3333 Quam
578 3280 652 3319 vero
671 3259 759 3320 aliam
779 3259 927 3320 Salomon
948 3257 1139 3340 requirebat,

67 3360 140 3400 eum
181 3339 319 3400 dicebat:
357 3342 519 3402 Mulierem
540 3341 660 3403 ‘fortem
684 3348 753 3425 quis
778 3343 929 3405 inveniet?
972 3344 1014 3402 Et
1035 3343 1140 3402 multis

67 3426 251 3485 testimoniis
287 3425 353 3485 aliis
383 3429 414 3485 iu
440 3427 574 3487 medium
593 3428 778 3508 productis,
812 3431 855 3488 ita
880 3428 1059 3489 concludit:
1082 3425 1142 3489 Vi·

69 3509 121 3569 des
152 3529 244 3590 quam
270 3509 380 3591 pulcre
411 3523 441 3570 et
473 3511 675 3572 concorditer
705 3525 884 3573 sanctorum
910 3514 987 3572 mira
1010 3512 1090 3573 faeta
1110 3522 1142 3574 et

68 3595 197 3668 mystica
234 3592 315 3653 dieta
346 3595 405 3654 sibi
439 3596 567 3655 invicem
599 3599 789 3658 concinunt?
831 3596 926 3671 Vides
958 3617 1050 3678 quam
1073 3609 1141 3657 stu·

68 3677 204 3760 pendam
227 3676 345 3737 sithoc
364 3698 458 3737 unum
476 3680 514 3739 de
534 3681 672 3763 virgine,
695 3696 726 3743 et
744 3685 775 3742 in
800 3683 918 3766 virgine
943 3682 1060 3741 factum
1077 3683 1142 3740 mi·

70 3761 232 3836 raculum,
256 3762 341 3843 quod
366 3776 416 3822 tot
431 3764 576 3824 miracula
601 3779 835 3847 praevenerunt,
856 3778 906 3827 tot
926 3766 1054 3827 oracula
1062 3786 1142 3848 pro·

69 3844 239 3907 miseranti
295 3847 379 3906 Unus
398 3849 543 3907 nimirum
567 3850 628 3908 suit
647 3852 780 3932 Spiritus
795 3850 1035 3934 prophetarum:
1058 3851 1143 3911 'licet

73 3928 200 3990 dirersis
235 3930 352 4006 modis,
389 3934 481 4014 signis
514 3945 546 3993 et
578 3934 772 4016 temporibus
798 3934 930 4010 eandem,
941 3957 1004 3994 rem
1027 3936 1141 3996 diversi

74 4031 140 4072 non
168 4014 291 4074 diverso
314 4016 428 4097 spiritu
444 4029 475 4076 et
491 4019 722 4100 praeviderunt,
746 4033 777 4080 et
788 4019 1014 4101 praedixerunt.
1043 4019 1140 4096 Quod

74 4097 177 4171 Moysi
196 4112 399 4159 monstratum
424 4112 470 4161 est
499 4103 531 4160 in
555 4102 637 4163 rubo
655 4107 790 4187 erigus,
822 4102 928 4164 Aaron
949 4107 981 4163 in
1003 4108 1089 4189 virga
1111 4117 1141 4164 et
1152 4092 1222 4135 ¹¹⁰³·
1233 4100 1253 4138 ³·
1262 4099 1282 4137 ²·

1151 4143 1218 4183 Num.
1230 4151 1264 4191 17,
1280 4147 1300 4184 8.

76 4179 175 4258 flore,
206 4183 345 4243 Gedeoni
381 4204 412 4244 rn
441 4183 553 4246 vellere
585 4199 616 4247 et
647 4209 740 4264 rore,
779 4188 840 4249 hoe
862 4200 968 4272 aperte
993 4189 1139 4250 Salomon
1151 4192 1270 4292 {plipvwssp
1284 4195 1318 4281 ᾗ

73 4265 228 4350 praeridit
257 4270 289 4327 in
323 4269 400 4329 forti
426 4268 553 4330 muliere
583 4283 613 4331 et
632 4275 700 4352 ejus
727 4276 849 4356 pretio,
872 4285 1008 4356 apertius
1031 4274 1175 4333 Hiera-rr
1190 4301 1223 4342 aq.
1240 4286 1317 4326 uim.

1151 3228 1313 3272 Promotum.
