2768 4762
405 382 771 455 assumes
1053 343 1130 463 ms

141 586 172 645 ὅ.
192 610 196 616 ·
213 571 486 635 HIERONYMUS
522 573 554 632 in
588 569 681 656 Apol.
711 571 751 632 ad
778 570 924 635 Pamach.
954 591 1015 655 pro
1038 570 1127 632 libris
1192 536 1194 543 Ι

56 661 129 728 adr.
152 661 275 721 Iovio-‚2
309 657 451 717 Christus
485 659 596 739 virgo,
627 668 724 716 mater
757 658 882 742 virginis
914 660 1016 718 nostri
1037 644 1303 749 virgoffifffllf

56 756 229 834 perpetua,
265 756 360 803 mater
381 753 412 801 et
430 743 528 824 virgo.
571 742 656 801 lesus
676 742 754 801 enim
779 742 889 804 clausis
909 735 1064 826 ingressus
1082 753 1128 802 est
1228 725 1236 748 ⁹

59 833 164 893 ostiis:
193 830 276 889 etin
299 825 443 908 sepulcro
466 829 555 906 ejus,
587 824 674 906 quod
708 846 821 886 novum
844 840 877 889 et
901 829 932 887 in
953 839 1042 909 petra
1065 824 1129 886 du·

55 918 177 977 sissima
198 913 301 972 suerat
323 913 470 983 excisum,
502 930 558 969 nec
584 923 672 969 antea
701 911 793 991 quis,
816 931 872 972 nec
903 923 1012 994 postea
1041 912 1127 992 posi·

55 1013 109 1062 tus
143 1008 197 1059 est
255 997 372 1056 Hortus
397 993 581 1071 conclusus,
622 994 695 1054 lons
726 997 882 1077 signatus:
916 997 1033 1074 dequo
1054 995 1269 1057 fon-unas.

55 1096 89 1145 te
110 1082 164 1144 ille
191 1079 303 1141 lluvins
317 1090 437 1153 manat,
469 1079 557 1159 juxta
577 1077 664 1155 Joel,
688 1079 743 1159 qui
767 1080 877 1162 irrigat
890 1091 1060 1141 torrentem
1079 1057 1228 1139 vel³⁰⁰¹'⁸’
1241 1065 1276 1103 ’δ’
1342 1104 1348 1121 ·

58 1169 194 1239 funium,
236 1164 283 1224 vel
308 1164 497 1246 spinarumr.
517 1162 636 1222 sunium
666 1174 887 1245 peccatorum,
919 1162 1033 1244 quibus
1057 1176 1128 1224 ante

55 1250 275 1335 alligabamur:
296 1250 465 1332 spinarum,
490 1266 568 1326 quae
585 1247 738 1308 suffocant
754 1259 916 1307 sementem
935 1244 1128 1307 Patrisfami-
1154 1284 1157 1289 ·
1312 1304 1314 1311 ,

56 1336 123 1398 lias.
166 1334 250 1395 llaec
282 1346 327 1393 cst
358 1344 451 1419 porta
479 1330 656 1409 orientalis,
694 1341 732 1392 ut
764 1333 806 1391 eit
824 1329 988 1403 Ezechiel,
1008 1350 1127 1402 semper
1137 1333 1220 1428 wib·
1229 1340 1262 1378 ⁸³·
1279 1342 1297 1377 ¹1

58 1421 182 1495 clausa,
205 1430 235 1477 et
256 1416 376 1494 lucida,
409 1418 553 1501 operiens
573 1416 604 1499 ip
628 1435 660 1474 se
677 1413 725 1473 rel
744 1434 779 1474 ex
799 1435 831 1475 se
856 1414 1019 1498 proferens
1039 1434 1128 1474 sanc·
1137 1389 1172 1485 lli.
1189 1390 1299 1429 'mm‘

55 1519 90 1566 ta
112 1516 311 1575 sanctorum,
347 1521 404 1583 per
438 1520 529 1584 qsrem
559 1498 607 1559 sol
640 1499 779 1580 justitiae
812 1512 842 1559 et
861 1498 1002 1582 pontifex
1020 1510 1128 1561 noster

57 1587 229 1649 secundum
252 1584 393 1644 ordinem
420 1582 651 1643 Melchisedech
686 1583 861 1665 ingreditur
893 1594 924 1654 et
961 1582 1221 1674 egreditursspsnu
1234 1593 1301 1640 tort·

57 1669 280 1752 Respondeant
304 1667 398 1745 mihi,
430 1688 494 1748 quo
518 1667 612 1728 modo
638 1666 759 1729 JESUS
777 1670 932 1751 ingressus
949 1678 997 1727 est
1017 1665 1128 1728 clausis
1164 1642 1278 1681 usum.

60 1757 169 1828 ostiis,
204 1771 273 1810 cum
309 1752 477 1839 palpandas
495 1772 619 1826 manus,
647 1761 678 1812 et
697 1751 778 1812 latus
796 1751 1072 1828 considerandum,
1099 1763 1130 1812 et

62 1858 132 1898 ossa
156 1856 339 1918 carnemque
361 1838 595 1898 monstraverit:
624 1855 663 1897 ne
684 1837 798 1896 veritas
817 1836 962 1920 corporis
981 1832 1130 1919 phantas-

60 1942 109 1980 ma
127 1931 308 2004 putaretur:
335 1933 366 1981 et
386 1942 443 2005 ego
465 1917 680 2004 respondebo,
704 1940 770 2002 quo
790 1921 886 1981 modo
908 1933 1013 1982 saneta
1030 1921 1129 1981 Maria
1152 1920 1289 2012 ,unjan-

57 2017 99 2065 sst
125 2018 155 2064 et
172 2016 268 2064 mater
288 2017 319 2065 et
339 2007 441 2089 virgo:
464 2007 553 2089 virgo
573 2014 646 2088 post
668 2017 811 2088 partum,
843 2016 941 2066 mater
962 2017 1126 2089 antequam
1136 1984 1239 2077 {dliii
1255 1988 1289 2063 iii

57 2102 164 2172 nupta.
207 2088 306 2173 Igitur
324 2102 361 2149 ut
385 2090 489 2150 dicere
515 2088 732 2174 coeperamus,
763 2089 906 2151 Christus
928 2082 1017 2177 virgo
1029 2133 1040 2169 ,
1056 2078 1294 2176 'vir-{iss‘sslissssf'

59 2194 100 2257 go
122 2173 236 2249 Maria,
258 2175 421 2256 utriusque
442 2195 528 2235 sexus
549 2176 756 2258 virginitatem
777 2174 966 2236 dedicavere.

143 2270 172 2325 a.
216 2255 473 2317 AUGUSTINUS
494 2260 529 2318 L.
558 2258 604 2318 de'
618 2270 681 2318 nat.
703 2271 734 2319 et
764 2271 842 2343 grat.
867 2280 935 2342 cap.
958 2269 1030 2327 aa:
1063 2257 1128 2321 Ex·
1152 2269 1302 2332 vastaturi·

59 2352 150 2421 cepta
175 2353 278 2398 saneta
297 2341 414 2422 virgine
441 2342 560 2416 Maria,
593 2341 632 2400 de
659 2355 871 2424 quapropter
890 2343 1043 2405 honorem
1058 2327 1214 2411 lto-llll:
1229 2331 1302 2411 2233

60 2426 137 2483 mini
159 2421 274 2479 nullam
297 2441 451 2502 prorsus,
482 2443 552 2481 cum
576 2423 763 2505 depereatis
787 2428 906 2507 agitur,
938 2426 1053 2487 habere
1069 2449 1130 2488 ro-

61 2507 96 2566 lo
124 2506 348 2585 quaestionem:
382 2503 473 2562 Unde
497 2507 577 2563 enim
602 2510 734 2582 scimus,
757 2508 844 2587 quod
871 2510 899 2566 ei
920 2508 991 2590 plus
1014 2515 1130 2592 gratiae
1163 2523 1238 2563 nui·
1252 2524 1302 2566 sins·

63 2588 213 2650 collatum
235 2587 330 2647 fuerit
351 2586 389 2647 ad
408 2588 592 2647 vincendum
612 2590 695 2648 omni
710 2610 745 2649 ex
761 2601 850 2672 parte
874 2590 1045 2671 peceatum,
1060 2579 1242 2674 quae⁹⁰m²⁰⁸

42 2675 231 2756 'eonmpere
249 2691 285 2733 ac
303 2691 413 2753 parere
440 2673 554 2731 meruit
574 2692 659 2747 eum,
689 2688 780 2754 quem
797 2685 919 2735 constat
934 2674 1053 2734 nullum
1076 2676 1133 2736 ha-

59 2758 167 2820 buisse
188 2768 372 2840 peceatum:
402 2757 468 2816 llae
486 2777 560 2840 ergo
583 2757 701 2840 virgine
720 2771 862 2842 excepta,
886 2761 911 2818 si
934 2780 1038 2819 omnes
1060 2759 1132 2821 illos

62 2854 186 2904 sanctos
210 2852 241 2900 et
255 2853 388 2918 sanetas,
415 2862 484 2902 cum
506 2841 558 2902 bic
577 2843 732 2918 viverent,
755 2863 943 2927 congregare
963 2864 1133 2927 possemus,

63 2939 95 2987 et
119 2928 311 3009 interrogare
338 2939 444 2986 utrum
472 2938 572 2987 essent
595 2929 659 2986 sine
679 2940 830 3010 peccato,
861 2927 938 3009 quid
969 2928 1063 2988 luisse
1083 2949 1134 2988 re·

62 3030 235 3094 sponsores
258 3021 419 3092 putamus:
453 3023 559 3071 utrum
582 3009 667 3089 hoc,
704 3013 792 3093 quod
814 3011 957 3095 Pelagius
972 3013 1070 3086 dicit,
1093 3032 1133 3072 an

63 3094 151 3176 quod
179 3093 311 3153 loannes
346 3093 539 3176 Apostolus?
581 3096 671 3180 Rogo
688 3118 744 3157 vos
757 3141 767 3174 ,
802 3095 995 3179 quantalibet
1016 3096 1134 3157 suerint

64 3179 97 3237 iu
128 3177 189 3238 hoe
217 3198 353 3262 corpore
383 3179 561 3241 excellentia
586 3183 774 3258 sanctitatis,
807 3184 834 3240 si
863 3181 925 3242 hoe
945 3183 1287 3264 interrogationum

63 3265 256 3346 potuissent,
295 3284 355 3321 una
378 3284 455 3324 voce
475 3264 668 3325 clamassent:
703 3265 736 3324 Si
761 3267 945 3341 dixerimus,
969 3267 1043 3347 quia
1058 3286 1132 3348 peo-

62 3358 165 3407 eatum
188 3367 252 3406 non
278 3344 446 3426 habemus,
487 3369 545 3410 nos
578 3350 664 3436 ipsos
690 3351 881 3428 seducimus,
921 3361 953 3410 et
971 3355 1084 3411 veritas
1099 3351 1131 3410 iu
1189 3356 1193 3365 “

61 3428 155 3492 nobis
185 3451 248 3490 non
279 3444 333 3491 est
495 3480 500 3491 .

148 3528 177 3581 5.
222 3513 451 3575 CONCILIUM
471 3514 559 3577 Trid
585 3537 655 3577 sess·
676 3530 705 3584 t.
733 3521 765 3584 in
786 3520 901 3580 decret
926 3518 966 3579 de
979 3539 1064 3603 pecc.
1094 3541 1132 3583 o-

62 3601 142 3683 rig.=
174 3598 319 3659 Declarat
349 3612 450 3660 tamen
479 3598 556 3661 haec
577 3603 645 3684 ipsa
668 3617 771 3665 saneta
803 3602 962 3680 synodus,
985 3623 1050 3666 non
1067 3591 1296 3698 εεεεξῗξὸζῇξωῃ

64 3705 136 3744 suae
172 3685 351 3744 intentionis
391 3684 654 3767 comprehendere
685 3688 716 3747 in
752 3686 822 3749 hoc¹
836 3688 979 3766 decreto,
1011 3689 1068 3748 uhi
1094 3691 1132 3750 de

63 3779 194 3851 peccato
227 3768 371 3850 originall
399 3770 520 3851 agitur,
556 3769 676 3831 beatam
692 3784 723 3832 et
743 3772 963 3833 immaculatam
985 3777 1133 3856 virginem

65 3852 213 3928 Mariam,
243 3853 301 3912 Dei
329 3855 521 3936 genitricem,
545 3853 598 3915 sed
627 3853 833 3918 observandas
850 3877 913 3917 esse
935 3861 1135 3919 constitutio-

66 3954 119 3994 nes
145 3935 197 3997 fel.
220 3957 280 3996 rec.
311 3939 392 3997 Xisti
412 3937 513 4023 Papae
535 3939 590 4000 lV.
607 3939 666 4000 sub
686 3944 794 4040 poenis
813 3943 846 4005 iu
868 3943 911 4004 eis
935 3945 1136 4006 constitutio·

66 4017 158 4078 nibus
181 4025 352 4098 contentis,
374 4042 451 4102 quas
470 4025 606 4085 innovat.

66 4118 73 4129 ⁸
151 4117 181 4172 6.
225 4106 280 4164 ΕΤ
302 4107 377 4166 sess.
402 4119 431 4173 6.
454 4129 520 4172 can.
543 4122 614 4176 πα
637 4110 670 4169 si
693 4111 761 4193 quis
781 4109 936 4173 hominem
950 4110 1041 4172 semel
1055 4114 1138 4192 just·

66 4184 212 4268 ficetum,
245 4189 357 4251 dixerit
386 4192 516 4274 amplius
548 4215 676 4278 peceare
705 4215 768 4255 non
800 4216 913 4282 posse,
943 4216 1046 4278 neque
1067 4217 1140 4278 gra-

65 4275 139 4337 tiam
168 4276 325 4339 amittere:
366 4286 460 4358 atque
493 4276 565 4341 ideo
596 4299 685 4359 eum,
725 4282 780 4365 qui
812 4281 929 4369 labitur
967 4294 998 4343 et
1020 4290 1140 4364 peceat,

888 4384 931 4442 16
