2768 4762
225 360 368 438 242,
427 382 431 391 -
533 352 615 420 ne
654 348 1099 428 exsecreris

276 542 429 620 erasos,
445 542 487 603 e
509 537 649 620 trenaee,
678 541 737 607 eat
758 538 972 616 eranam:
1004 549 1037 603 οι
1058 533 1227 623 quiaquia
1251 504 1362 624 injuste

191 650 199 662 ·
276 640 384 692 actum·
402 635 466 703 cst,
485 625 727 699 reformandum.

13 746 16 761 .
105 734 269 783 memor,
365 724 413 780 12.
435 706 627 773 SYNODUS
648 708 734 770 Alex.
759 707 799 771 ed
816 706 911 773 Felic.
934 707 993 772 lt:
1020 708 1163 772 Domino
1178 706 1356 771 beatissimo

104 787 257 843 samm
279 807 310 858 et
333 792 510 858 honorabili
535 807 640 857 sancto
666 796 747 881 patri
774 793 869 855 Felici
894 804 1017 854 sanctae
1043 793 1124 854 sedis
1151 793 1357 877 Apostolum

105 839 169 880 rifle·
185 834 209 874 iu
227 834 269 873 hac

87 879 366 977 quffilqfflssurbis
392 880 509 940 Romae
531 879 655 963 Papae,
686 878 869 939 Athanasius
891 892 923 939 et
942 880 1076 941 universi
1103 877 1352 961 Aegyptium,

105 984 187 1026 aaran·
204 993 254 1020 eam
279 963 527 1039 rI’hebaidorum,
552 976 582 1024 et
596 962 767 1039 Libyorum
784 962 949 1046 Episcopi,
971 966 1003 1023 in
1027 974 1133 1023 sancta
1150 962 1355 1025 Alexandrina

103 1029 408 1132 ffi‘fissllssllsynodo
443 1049 539 1132 gratia
570 1038 630 1107 Dei
665 1049 860 1133 congregati,
890 1060 991 1108 vestro
1023 1058 1132 1109 sancto
1160 1050 1352 1133 suggerimus

105 1128 269 1222 222332212‘3·
279 1130 495 1215 Apostolatui,
517 1143 552 1191 ut
570 1130 669 1191 nostri
691 1154 777 1193 more
795 1131 887 1192 solito
906 1131 1133 1192 solicitudinem
1159 1154 1273 1215 gerere
1291 1133 1353 1217 dig·

104 1229 142 1270 aa·
155 1224 257 1282 naemei·
278 1218 400 1291 nenrini.
443 1216 485 1276 Et
507 1216 600 1299 paulo
619 1228 709 1307 post:
726 1217 806 1279 ldeo
823 1227 911 1299 pater
929 1216 1122 1295 beatissime,
1146 1218 1226 1299 quia
1239 1238 1351 1301 semper

103 1282 162 1321 ω’·
278 1312 487 1362 antecessores
508 1303 622 1378 nostri,
654 1312 685 1361 et
706 1320 764 1363 nos
787 1321 805 1363 a
828 1312 926 1361 vestra
946 1298 1127 1384 Apostoliea
1152 1313 1264 1365 sancta
1286 1303 1350 1365 sede

277 1385 421 1446 auxilium
440 1384 611 1461 hausimus,
635 1396 665 1445 et
685 1388 783 1447 nostri
806 1407 861 1445 vos
884 1405 989 1445 curam
1012 1385 1129 1446 habere
1152 1389 1349 1470 agnovimus,

275 1469 443 1556 praefatam
465 1467 674 1552 Apostolicam
693 1483 723 1531 et
740 1491 885 1532 summam
904 1471 1068 1553 expetimus
1086 1472 1179 1551 juxta
1201 1491 1346 1533 canonum

277 1554 400 1614 decreta
420 1553 542 1631 sedem,
574 1567 610 1614 ut
637 1554 708 1616 inde
728 1557 870 1629 auxilium
905 1557 1076 1638 capiamus,
1108 1554 1198 1615 unde
1221 1556 1348 1638 praede·

277 1659 412 1703 cessores
434 1641 530 1705 nostri
553 1638 759 1701 ordinationes
787 1652 818 1703 et
839 1640 981 1724 dogmata
1002 1638 1102 1721 atque:
1123 1637 1347 1703 sublevationes

42 1738 48 1748 '
101 1739 139 1783 st
148 1740 216 1792 non.
230 1747 266 1777 ue·
277 1735 430 1807 ceperunt
473 1722 523 1783 Ad
549 1744 612 1784 eam
641 1745 783 1808 quoquc,
811 1726 896 1807 quasi
918 1723 957 1783 ad
981 1736 1109 1784 matrem
1142 1728 1342 1799 recurrimus,

28 1821 29 1824 ,
102 1789 267 1840 demtanuem

101 1839 243 1896 ‚dmm
277 1819 312 1867 ut
331 1810 398 1888 ejus
419 1806 566 1869 uberibus
585 1812 773 1887 nutriamur,
795 1811 939 1892 quoniam
958 1828 1021 1868 non
1041 1819 1150 1892 potest
1170 1820 1272 1874 mater
1293 1810 1340 1872 oh.-
1377 1872 1382 1883 ,

102 1882 265 1987 ffigffl
275 1891 371 1953 livisci
395 1891 540 1952 infantem
568 1914 665 1966 suum.
721 1894 772 1953 Sic
793 1905 823 1954 et
849 1915 904 1955 vos
925 1892 1021 1953 nolite
1045 1891 1190 1953 oblivisci
1210 1914 1271 1954 nos
1294 1916 1344 1954 ro-

275 1976 325 2036 bis
350 1978 546 2051 commissos,
576 1980 721 2057 quoniam
740 1998 801 2037 non
821 1977 936 2038 levibus
956 1998 1012 2038 nos
1032 1978 1146 2037 inimici
1166 1981 1266 2039 nostri
1288 1981 1346 2038 im·

274 2058 467 2143 plicaverunt
487 2058 723 2136 afflictionibus,
759 2073 790 2120 et
815 2061 953 2142 quotidie
977 2054 1081 2122 faeere
1101 2060 1287 2136 moliuntur,
1311 2072 1345 2122 et

275 2142 521 2225 apprchendere,
554 2153 608 2202 aut
633 2144 721 2204 serris
742 2165 797 2204 nos
822 2147 989 2228 constringi
1012 2147 1173 2221 minentur,
1194 2146 1253 2203 nisi
1279 2164 1341 2203 eo·

274 2248 344 2287 rum
370 2228 592 2288 consentiamus
617 2228 789 2290 erroribusz
826 2230 921 2305 Quod
938 2248 1150 2313 nequaquam,
1174 2227 1268 2288 robis
1290 2228 1345 2291 ine

100 2352 158 2394 ste·
175 2360 201 2389 υ
216 2346 240 2389 3„
276 2312 442 2388 consultis„
465 2332 555 2396 agere
566 2315 805 2396 praesumimus:
828 2314 1004 2383 Canonibus
1023 2317 1138 2398 quippe
1153 2312 1333 2393 jubentibus

99 2396 252 2489 ‘sffistdfffgjl
275 2397 392 2478 absque
418 2396 557 2458 Romano
584 2418 640 2458 nos
671 2398 710 2458 de
733 2392 905 2481 majoribus
934 2401 1030 2459 causis
1052 2398 1131 2461 nibil
1151 2397 1271 2459 debere
1287 2396 1331 2455 de·

100 2462 251 2539 illuceret
275 2485 401 2545 cern'ere
424 2478 580 2566 pontifice.
641 2482 781 2566 ideoque
803 2484 842 2544 ad
862 2484 1056 2568 propositum
1081 2494 1297 2555 recurrentes,
1311 2490 1337 2539 et

98 2546 313 2649 i'²¹¹⁰'¹¹²⁴'¹¹”'ad
336 2565 479 2637 bravium
509 2579 722 2651 properantes,
747 2581 869 2628 -vcstrac
898 2567 1096 2651 Apostolicae
1125 2567 1210 2628 sedis
1237 2565 1337 2651 implo-

272 2671 375 2712 ramus
396 2651 555 2722 auxilium:
578 2654 659 2729 Quia
681 2658 726 2729 (ut
745 2653 906 2731 credimus)
926 2674 988 2712 non
1010 2653 1151 2736 despexit
1171 2653 1260 2729 Deus
1284 2654 1337 2708 're-

273 2756 410 2797 cescum
436 2736 575 2811 lacrymis
600 2735 660 2795 sibi
681 2735 798 2796 oblatas
818 2758 975 2798 serrorum
1000 2758 1149 2814 suorum,
1171 2736 1230 2797 sed
1253 2672 1296 2795 ol
1311 2731 1336 2793 id

271 2842 325 2885 vos
354 2820 667 2905 praedecessoresque
695 2834 832 2898 vestros,
866 2819 1060 2904 Apostolieos
1084 2820 1235 2881 videlicet
1280 2839 1337 2879 rae-

97 2913 205 2974 ornetur·
216 2905 351 2965 nasutas
364 2918 378 2982 ‚¹
404 2907 436 2965 in
454 2907 631 2965 summitatis
658 2926 728 2965 arce
755 2908 929 2982 constituit,
959 2908 1160 2987 omniumque
1189 2842 1337 2965 Ecclesia·

96 2964 221 3055 {lilim
271 3011 341 3050 tum
362 2992 405 3051 eis
430 3011 533 3050 curam
555 2989 668 3051 babere
684 2992 858 3077 praecepit,
880 3002 915 3051 ut
931 2990 1019 3050 nobis
1039 2992 1253 3064 succurratis,
1273 3007 1336 3049 nos·

271 3097 332 3157 que
351 3088 487 3151 tuentes,
512 3077 562 3135 cui
588 3096 676 3134 omne
701 3075 923 3158 Episcoporum
945 3075 1095 3156 judicium
1123 3086 1171 3135 cst
1203 3074 1337 3133 commis·

270 3158 508 3237 sum,l1herare
533 3157 571 3219 ab
591 3157 732 3218 hostibus
755 3161 865 3219 nostris
888 3180 948 3221 non
971 3158 1137 3243 negligatis.
1183 3158 1266 3219 Nam
1286 3157 1337 3215 sci·

91 3272 259 3359 utererque.
269 3266 336 3306 mus
359 3245 390 3303 in
420 3244 533 3304 Nicena
556 3265 664 3326 magna
683 3245 800 3319 synodo
820 3256 1025 3305 trecentorum
1044 3242 1225 3317 octodecim
1253 3244 1337 3326 Epis·

94 3317 258 3410 ssssssnluplonfils'ss
271 3349 432 3412 copornm,
455 3328 493 3387 ab
511 3328 651 3400 omnibus
674 3328 866 3388 concorditer
891 3350 955 3394 esse
980 3328 1179 3404 roboratum,
1203 3348 1270 3388 non
1291 3326 1337 3386 de·

94 3419 234 3507 2⁰⁶¹⁰fl¹t²t⁰
268 3410 342 3473 bere
369 3411 485 3495 absque
507 3414 634 3487 Romani
662 3412 821 3473 Pontilieis
854 3415 1000 3473 sententia
1021 3410 1149 3473 concilia
1174 3412 1337 3485 celebrare,

113 3479 233 3508 “nm“
268 3515 324 3555 nec
346 3495 514 3580 Episcopos
544 3499 700 3572 damnare,
735 3496 805 3557 licct
826 3496 902 3556 haec
926 3497 1034 3557 etalio
1059 3516 1150 3579 quam
1173 3496 1272 3578 plura
1291 3516 1339 3555 ne-

91 3593 157 3656 taem
167 3592 257 3653 rasim·
268 3583 410 3656 cessaria,
433 3582 472 3640 ab
489 3582 656 3656 haereticis,
679 3583 807 3663 quinos
830 3581 966 3661 quotidie
988 3582 1132 3642 infestant
1153 3591 1188 3639 ct
1216 3582 1339 3664 perdat

93 3650 118 3733 ll
135 3644 257 3741 llllila'a'
267 3666 422 3741 nituntur,
453 3678 490 3727 ut
510 3666 626 3725 Racilius
648 3685 702 3724 nos
723 3686 830 3749 capere
869 3668 982 3743 ossint,
1005 3668 1064 3727 sint
1086 3664 1243 3740 synodica
1263 3666 1340 3749 capi·

91 3747 155 3782 ⁹⁰⁰¹·
180 3741 331 3807 ⁰¹¹⁰⁹·tula
344 3751 481 3826 incensa,
503 3749 653 3831 nobisque
674 3749 801 3811 sublata.
834 3689 887 3809 'lit
900 3749 991 3832 paulo
1010 3750 1153 3810 inferius:
1177 3746 1252 3810 Vos
1276 3768 1341 3833 ergo

92 3792 169 3830 tales:
186 3788 243 3830 ver·

90 3838 231 3928 qobeeqouic·
267 3836 313 3915 (ut
336 3854 452 3917 semper
473 3847 589 3895 vestrae
616 3834 681 3894 sedi
709 3848 830 3896 sanetae
854 3835 1043 3895 consuetudo
1066 3834 1134 3908 luit)
1155 3837 1343 3915 periclitan-

91 3895 254 3988 ,hillidii
266 3914 348 3976 tibus
372 3918 549 3997 subvenite,
571 3939 730 4001 oppressos
752 3919 911 3993 roborate,
942 3918 1094 3979 tribulatis
1116 3936 1250 3980 manum
1269 3940 1343 4005 por·

90 3986 183 4027 Arriani
194 3997 231 4025 es-

90 4048 165 4075 m„
187 3992 371 4083 ffiwrig'ite,
394 4003 527 4084 taliaque
544 4003 720 4086 prohibete,
749 4017 781 4065 et
801 4003 881 4090 leges
902 4005 1067 4086 imponite,
1097 4014 1135 4063 ut
1158 4000 1344 4085 Apostoliea

88 4085 253 4173 flggff‘essg‘·
266 4084 421 4161 doctrina,
444 4108 523 4166 quae
547 4091 577 4147 in
597 4088 685 4148 DEO
706 4099 768 4166 cst,
791 4091 851 4149 cito
868 4088 907 4146 ad
925 4090 1082 4149 victoriam
1097 4084 1345 4175 jusliciumpfl*

89 4156 242 4223 racemis
265 4169 378 4230 ducere
402 4169 500 4233 valcat
526 4184 677 4248 nostrum,
709 4193 826 4256 nosque
852 4171 1078 4255 (Apostolorum
1100 4172 1251 4321 principe
1275 4174 1345 4235 sul·

1220 4260 1247 4320 'l

17 4230 23 4237 “
88 4231 149 4272 Vide
167 4232 253 4271 sutiam

89 4280 203 4322 moa·-
217 4291 254 4321 ι..
264 4254 401 4339 fragante
420 4253 523 4331 Petro)
549 4256 588 4317 ab
609 4257 832 4321 imminentibus
853 4259 995 4343 periculis
1013 4258 1152 4320 liberare.
1265 4278 1345 4323 sion·
