2768 4762
425 358 449 422 S
470 356 499 423 Υ
521 359 555 423 ld
576 357 601 423 B
623 352 752 441 0,βο
1020 446 1026 455 .
1079 354 1156 425 lat

173 560 205 619 o.
247 540 498 605 vmtmtt'nus
528 543 593 604 Lir.
624 537 694 603 adv.
728 530 884 620 prophan.
915 555 998 598 omn.
1037 531 1155 597 haeres.

89 646 227 695 noratr·
245 629 342 713 Saepe
370 648 481 709 magno
513 626 620 688 studio
649 636 681 684 ct
701 641 817 683 summa
839 624 1009 683 attentione
1025 622 1157 762 percppi-

92 738 165 779 rens
191 737 209 778 a
236 711 498 797 quamplurimis
533 712 694 771 sanctitate
719 719 750 767 et
767 704 910 767 doctrina
924 707 1094 791 praestanti
1118 724 1155 764 us

90 803 176 878 viris,
199 818 333 881 quonam
352 795 447 856 modo
471 796 586 877 possim
603 805 687 854 certa
709 788 841 873 quadam
857 801 889 850 et
907 791 996 873 quasi
1020 786 1154 872 generali
1190 799 1313 843 cartana

90 906 127 948 ac
168 883 303 967 regulari
333 881 403 957 ria,
433 877 610 939 Catholicae
639 874 712 937 fidei
741 874 897 934 veritatem
915 872 955 935 ah
982 872 1155 934 haereticae
1165 849 1316 939 iiiiiiffi'b

89 970 250 1055 pravitatis
270 965 402 1027 falsitate
418 963 609 1040 discernere,
631 957 813 1042 hujusmodi
836 978 954 1042 semper
971 978 1153 1040 responsum
1164 947 1333 1041 {mmm

90 1052 131 1115 ab
159 1050 303 1115 omnibus
334 1048 399 1109 fere
431 1045 544 1108 retuli:
586 1043 671 1129 quod
704 1045 768 1105 sive
800 1060 878 1125 ego,
899 1044 963 1103 sive
1005 1063 1053 1101 urs
1075 1041 1154 1102 alius

88 1134 184 1209 vellet
203 1136 415 1219 exurgentium
436 1130 663 1193 haereticorum
684 1125 809 1190 fraudes
833 1064 1082 1209 deprehendere,
1109 1125 1157 1186 la-

91 1240 253 1303 queosque
282 1220 397 1294 vitare,
430 1219 512 1277 etin
535 1214 596 1277 lide
627 1234 699 1276 sana
727 1230 821 1273 sanus
839 1220 938 1291 atque.
946 1211 1068 1292 integens
1082 1228 1158 1353 per-

88 1325 229 1377 manere,
260 1301 378 1385 duplici
410 1296 506 1362 mhdo
540 1301 661 1359 munire
682 1295 775 1358 fidem
795 1315 881 1357 suam
902 1294 1039 1352 Domino
1066 1312 1084 1352 a
1105 1295 1160 1373 ju-

88 1402 180 1449 vante
202 1386 351 1447 deberets
370 1384 480 1445 Primo
500 1382 621 1444 seilicet
639 1382 760 1442 divinae
783 1378 858 1461 legis
873 1378 1074 1452 auctoritate,
1094 1388 1159 1435 tum
1182 1382 1334 1446 nanque.

89 1471 202 1532 deinde
231 1469 387 1531 Ecclesiae
413 1465 590 1528 Catholicae
610 1464 787 1526 traditione.
830 1462 890 1521 Hic
908 1461 1039 1522 forsitan
1055 1434 1333 1543 requi-:iss‘fs'iil

90 1568 140 1615 rat
166 1553 296 1633 aliquis:
318 1572 389 1611 cnm
410 1552 451 1611 sit
471 1550 627 1633 perlectus
647 1552 875 1632 scripturarum
903 1566 1014 1623 canon,
1037 1542 1160 1625 sibique
1170 1532 1273 1623 mg,
1283 1543 1336 1573 ⁸¹⁶·

89 1639 131 1700 ad
154 1638 258 1697 omnia
277 1637 350 1696 satis
371 1654 529 1718 snperque
548 1632 694 1709 sufficiat,
716 1632 793 1715 quid
813 1651 893 1715 opus
914 1642 981 1703 est,
1004 1641 1039 1689 ut
1060 1630 1087 1689 ei
1110 1648 1162 1690 eo-

92 1721 280 1781 clesiasticae
303 1719 520 1803 intelligentiae
543 1720 693 1801 jungatur
715 1713 906 1778 auctoritas?
948 1713 1030 1790 Quia
1050 1712 1162 1773 videli-

94 1817 145 1864 cct
165 1805 349 1885 scripturam
369 1824 485 1863 sacram
507 1823 567 1887 pro
594 1805 660 1885 ipsa
684 1822 742 1865 sna
757 1799 921 1861 altitudine
941 1819 1007 1858 non
1023 1818 1089 1859 nno
1104 1816 1159 1857 eo·
1194 1833 1241 1874 0„
1259 1832 1311 1875 „h

96 1888 228 1970 demque
249 1907 339 1947 sensu
360 1890 496 1947 universi
517 1888 690 1969 accipiunt,
712 1885 769 1951 sed
789 1883 929 1965 ejusdem
953 1881 1079 1963 eloquia
1099 1880 1336 1974 ali-’ffllffissw

97 1984 146 2032 ter
175 1984 266 2051 atque
293 1971 382 2031 aliter
409 1971 488 2032 alius
513 1983 606 2051 atque
626 1970 710 2032 alius
725 1964 969 2051 interpretatur,
992 1978 1027 2026 ut
1047 1947 1180 2049 paene,⁸
1223 1946 1236 1973 ⁶
1270 1960 1277 1973 ’

93 2068 172 2135 qnot
193 2054 330 2115 homines
351 2068 433 2133 sunt,
454 2067 503 2116 tot
524 2054 610 2115 illine
637 2052 806 2115 sententiae
827 2052 894 2112 erui
940 2072 1009 2112 osse
1030 2050 1157 2111 videan-

91 2150 153 2199 tur.
194 2137 293 2198 Aliter
311 2159 442 2281 nampue
462 2139 545 2200 illum
563 2136 778 2217 Novatianus,
799 2134 889 2198 aliter
910 2072 1076 2213 dusinus,
1097 2134 1157 2194 ali-

90 2233 139 2281 tcr
159 2218 335 2298 Sabellins,
371 2224 462 2291 aiter
482 2224 627 2286 Donatus
650 2222 795 2306 exponit,
830 2218 922 2282 aliter
939 2212 1050 2280 Asilas
1061 2264 1070 2297 ,
1091 2218 1160 2280 Eu-

90 2306 231 2380 nomins,
244 2322 251 2351 -·
263 2305 480 2380 Macedoniae,
501 2306 590 2366 aliter
609 2308 821 2389 Apollinaris,
841 2304 1076 2381 Priscillianus,
1099 2304 1160 2365 ali-

89 2402 139 2449 ter
150 2389 348 2462 Iovinianus,
374 2388 536 2469 Pelagius,
558 2391 733 2466 Caelestius,
756 2390 845 2450 aliter
866 2388 1160 2473 postrflenrollcsto-

92 2492 169 2531 rius.
210 2468 312 2549 Atqui
328 2469 445 2529 idcirco
464 2472 595 2530 multum
614 2493 736 2549 necesse
755 2483 802 2532 est
817 2466 950 2553 proptc'r
973 2484 1076 2533 tantos
1097 2485 1160 2532 mm
1242 2508 1245 2513 ·

89 2555 169 2613 varii
196 2554 314 2612 erroris
338 2540 507 2629 anfractus,
526 2565 563 2612 ut
583 2553 788 2635 propheticae
808 2567 840 2614 et
853 2551 1042 2635 apostolicae
1064 2557 1161 2615 intor-

90 2638 278 2723 pretationis
293 2634 396 2713 linea,
417 2636 584 2698 secundum
606 2636 815 2705 Ecclesiastici
829 2649 860 2697 et
877 2635 1031 2713 Catholici
1053 2658 1159 2703 sensus

89 2743 230 2783 arcirmam
263 2719 323 2781 diri
345 2732 425 2782 atur.
478 2721 515 2782 ln
542 2722 608 2803 ipsa
629 2722 700 2782 item
728 2718 889 2782 Catholica
917 2716 1057 2780 Ecclesia
1074 2743 1160 2805 mag-

89 2826 208 2887 nopere
224 2743 395 2865 meandum
417 2816 479 2883 est,
498 2818 533 2866 ut
552 2806 585 2867 id
605 2818 778 2883 meamus,
800 2804 889 2889 quod
908 2803 1048 2887 ubique,
1070 2804 1159 2887 qnod

87 2911 225 3034 mlii?
247 2889 339 3035 ‘lli
354 2887 522 3045 “stilti
524 2892 1017 3059 ⁰i.⁰li{l.¹·”1iaiiiss‘²ns,aa
1037 2972 1156 3058 ,aa
1164 2963 1334 3055 ..taam

87 3054 173 3117 dirim
197 3067 244 3116 cst
263 3056 340 3119 fides
360 3061 499 3143 integra,
519 3058 596 3121 fides
632 3081 725 3138 vera,
760 3063 792 3120 in
818 3079 880 3144 qna
906 3078 964 3119 nee
986 3063 1092 3143 augeri
1114 3058 1179 3119 ahs
1180 3075 1279 3105 ·····
1277 3113 1283 3123 .
1284 3040 1293 3061 ⁹

89 3141 159 3202 ullo
179 3144 345 3225 quicquam
357 3187 372 3220 ,.
399 3164 456 3205 nec
476 3146 572 3205 minua
592 3157 716 3227 potest:
740 3148 815 3228 quia
835 3146 894 3207 nisi
911 3165 974 3206 una
990 3156 1055 3229 est,
1076 3141 1153 3205 fides
1163 3122 1307 3217 ἱῖιῗζῗῗ

89 3244 156 3285 non
184 3240 250 3303 est,
293 3227 414 3288 dicente
441 3226 619 3311 Apostolo:
662 3230 749 3289 Unus
772 3230 940 3307 Dominus,
974 3248 1037 3301 una
1057 3225 1153 3305 fides,

86 3328 186 3370 unum
214 3308 386 3394 baptisma,
413 3332 495 3372 unus
530 3311 614 3373 Dens
642 3324 673 3372 et
694 3325 784 3394 pater
804 3314 964 3388 omniurn,¹
982 3313 1037 3394 qui
1059 3332 1156 3395 snper

86 3412 216 3469 omnes,
239 3407 271 3457 ct
294 3414 351 3479 per
372 3398 492 3473 omnia,
514 3408 546 3457 et
567 3397 599 3456 in
622 3395 765 3459 omnibns
783 3396 886 3458 nobis.
906 3414 911 3421 ·
928 3398 1010 3457 Huic
1028 3398 1155 3473 anitati,

84 3476 294 3558 dilectissimi,
314 3483 507 3563 inconcussis
526 3479 678 3541 mentibus
696 3481 867 3559 inhaerete,
901 3494 932 3543 et
952 3482 983 3541 in
1002 3478 1156 3555 haecm-
1201 3524 1209 3541 .

82 3582 156 3622 nem
173 3564 329 3624 amamini
346 3568 560 3641 sanctitatem,
589 3576 620 3625 et
639 3566 670 3623 in
687 3561 745 3626 hac
765 3566 938 3649 praeceptis
951 3565 1080 3626 Domini
1096 3566 1154 3627 dc-
1163 3626 1213 3667 Η

81 3646 215 3710 ser-vitet
236 3649 308 3730 quia
330 3651 396 3713 sine
417 3648 480 3712 fide
501 3646 691 3731 impossibile
711 3662 758 3711 est
773 3650 896 3733 placere
913 3648 1001 3728 Deo,
1022 3664 1054 3711 et
1072 3650 1151 3711 nihil
1184 3640 1197 3667 ⁸
1214 3636 1292 3675 '¹¹⁰‘

83 3732 151 3791 sine
179 3730 233 3792 illa
264 3747 425 3813 sanctum,
457 3732 536 3794 nihil
559 3746 676 3794 castum
703 3745 762 3809 est,
787 3733 865 3795 nihil
890 3736 1000 3795 virum
1043 3735 1296 3807 lustusamans.

82 3814 166 3874 enim
190 3835 226 3875 ιι
246 3812 309 3877 fide
332 3821 417 3882 vivit.
459 3820 559 3898 Quam
586 3818 640 3901 qni
655 3815 784 3879 diabolo
810 3818 983 3901 decipiente
1001 3818 1152 3903 perdide-

83 3899 145 3971 rit,
167 3901 271 3961 virens
283 3916 424 3965 mortuns
442 3916 497 3965 est
539 3903 621 3981 Quia
646 3904 727 3964 sicut
748 3922 806 3986 per
822 3900 916 3963 fidem
928 3904 1072 3986 justitia,
1108 3907 1150 3965 ita

85 3982 175 4042 etiam
188 4004 246 4067 per
273 3984 366 4048 fidem
384 4008 485 4049 veram
504 3988 568 4049 rita
586 3985 749 4050 obtinetur
773 3999 914 4060 aeterna,
943 3988 1063 4049 dicente
1081 3991 1151 4049 Do·

84 4066 168 4127 mino
200 4068 374 4133 Salvatore:
401 4074 483 4133 llaec
510 4083 557 4132 est
581 4083 683 4133 autem
703 4073 766 4132 vita
790 4084 912 4134 aeterna
924 4117 933 4149 ,
964 4085 999 4133 nt
1016 4094 1151 4155 eognos-
1160 4098 1228 4140 son.
1238 4103 1270 4144 aa
1279 4104 1300 4142 s.

83 4163 158 4210 cant
192 4165 240 4229 te,
283 4154 386 4221 solum
414 4176 521 4219 verum
548 4154 666 4234 Deum,
705 4167 738 4218 et
766 4176 857 4240 quem
879 4158 985 4221 misisti
1019 4157 1151 4219 JssstJM

80 4232 302 4301 efflusrunt

433 4324 825 4355 ...Ἤ
