2768 4762
391 385 814 453 ΧΔΝὓΕῙιΙΕΔ.
1088 390 1165 463 lat

178 590 209 647 7.
251 574 470 640 ANSELMUS
489 574 525 636 L.
547 575 588 639 dc
605 574 762 637 excellent.
786 573 912 658 glorios.
926 558 967 637 V.
987 572 1030 634 M.
1053 586 1164 643 e.12.=

91 663 249 747 Rogamus
272 676 303 724 te
322 662 446 723 domina
467 661 641 745 peripsam
659 663 804 745 gratiam,
827 680 887 741 qna
909 671 940 720 te
959 660 1032 742 pius
1050 670 1081 721 et
1094 681 1163 721 om-
1182 689 1338 734 mmm

95 750 239 831 uipotens
260 748 345 809 Dens
362 748 407 807 sic
429 746 587 823 exaltavit,
609 757 641 807 et
658 744 760 808 'omnia
791 742 850 804 tibi
870 764 974 805 secum
999 738 1278 828 possibilia'iee‘*

93 852 159 893 esse
193 830 337 909 donavit,
375 843 525 913 quatenns
555 830 589 891 id
620 829 705 913 apud
739 826 830 889 nobis
864 830 1008 912 impetres
1026 840 1059 889 et
1076 829 1164 889 obti-

90 937 187 995 neas,
214 928 251 977 ut
284 915 448 1000 plenitudo
474 927 611 997 pratrae,
643 935 736 996 qnam
757 913 916 990 meruisti,
950 916 982 973 in
1004 912 1096 974 uobis
1118 916 1167 975 sio

92 1013 260 1084 operetur,
284 1022 349 1083 quo
369 1003 567 1084 participium
583 999 665 1060 beati
686 999 813 1084 praemii
830 995 921 1058 nobis
943 1001 1012 1079 ejus
1042 1000 1164 1059 miseri·

90 1084 233 1147 corditer
251 1086 440 1168 quandoque
465 1085 671 1145 condonetur.
715 1081 766 1142 Ad
789 1081 851 1142 boc
875 1083 1087 1164 quippeDeus
1103 1103 1164 1144 uo-

92 1182 157 1229 stcr
173 1191 230 1252 per
247 1183 278 1231 tc
302 1170 405 1230 factus
423 1181 470 1229 cst
490 1169 586 1228 irater
608 1179 733 1241 noster,
765 1177 801 1224 ut
818 1165 1075 1246 quemadmodum
1095 1168 1162 1250 ipse

89 1254 297 1338 dignatusest
318 1274 446 1314 consors
470 1251 539 1313 fieri
565 1264 689 1312 nostrae
718 1248 935 1326 humanitatis,
957 1251 1001 1309 sic
1019 1270 1075 1309 nos
1096 1271 1162 1310 me
1198 1262 1206 1269 '

88 1359 215 1399 reamur
230 1352 390 1399 consortes
411 1334 481 1397 lieri
497 1356 568 1397 suae
589 1334 765 1395 divinitatis.
817 1332 947 1393 Intende
968 1353 1042 1415 ergo
1059 1331 1162 1393 domi-

88 1442 129 1483 nu
150 1424 308 1504 piissima,
332 1434 369 1483 ut
386 1420 478 1481 nobis
495 1421 534 1481 ad
558 1419 698 1480 ellectum
725 1419 905 1501 proveniat,
926 1416 1161 1500 propterquod

83 1505 174 1565 Deus
193 1518 300 1566 noster
323 1527 358 1566 ex
387 1517 445 1565 tuo
475 1505 645 1566 castissimo
661 1515 753 1563 utero
772 1502 871 1563 laeuis
884 1500 979 1561 homo
998 1503 1079 1561 iuter
1098 1498 1161 1561 bo·

86 1592 184 1650 nrines
205 1593 304 1649 venit:
327 1610 384 1648 uec
414 1589 468 1665 sia,
502 1607 686 1670 quaesumus
699 1630 709 1663 ,
734 1598 863 1661 exoratu
896 1584 1050 1662 difficilis,
1083 1588 1158 1667 quia

86 1672 204 1757 procul
232 1673 331 1733 dubio
352 1672 434 1732 idem
451 1671 688 1755 benignissimus
699 1667 782 1730 filius
797 1683 868 1730 tuus
881 1669 1034 1731 Dominus
1050 1680 1157 1729 noster
1181 1690 1291 1737 osan..
1305 1697 1332 1738 ,α

87 1758 179 1817 Jesus
205 1754 347 1817 Christus
368 1759 429 1817 crit
444 1757 483 1817 ad
502 1756 742 1831 concedendum,
764 1753 921 1837 quidquid
931 1753 1016 1815 voles
1023 1775 1156 1838 promp-
1165 1744 1302 1835 gssffiffi
1370 1776 1373 1781 ·

89 1840 224 1900 tissimus
253 1853 283 1901 et
308 1840 498 1906 exaudibilis.
550 1837 778 1901 Tantummodo
810 1840 915 1921 itaque
931 1837 1006 1899 velis
1025 1839 1332 1945 salutemgffdffiffi:

87 1936 236 2001 nostran,
252 1936 282 1985 et
299 1946 370 1986 vere
386 1944 579 2008 nequaquam
596 1923 672 1985 salvi
694 1944 759 1985 esse
776 1944 842 1984 nou
852 1925 1036 2007 poterimus.
1067 1922 1154 2000 Quid
1165 1941 1234 1984 voti.

85 2006 329 2094 igitur·stringet
353 2009 437 2095 larga
455 2008 686 2070 misericordiae
708 2020 779 2069 tuae
798 2009 915 2069 viscera
933 2008 1067 2070 Domina
1078 2028 1158 2069 con·

85 2102 134 2149 tra
163 2111 237 2168 nos,
272 2104 307 2154 ut
330 2094 412 2154 nolis
440 2092 558 2155 salvare
592 2092 672 2154 nos?
728 2093 819 2154 Certe
840 2093 923 2153 Deus
940 2105 1047 2154 noster
1069 2097 1156 2169 (teste
1165 2136 1229 2180 Μ
1240 2146 1275 2186 ω,
1291 2130 1326 2186 40·

83 2171 257 2258 Propheta)
290 2178 503 2240 misericordia
528 2190 637 2240 nostra
662 2189 730 2256 est,
752 2189 784 2239 et
805 2190 843 2237 tu
870 2176 1007 2258 ejusdem
1026 2178 1153 2238 Domini
1163 2194 1209 2232 aas.
1217 2195 1239 2234 a.
1259 2240 1318 2279 utu·

82 2355 180 2403 mater
200 2366 247 2419 es,
269 2358 301 2403 et
322 2366 359 2404 eo
378 2365 412 2402 re
429 2365 503 2405 vcra
516 2346 748 2406 misericordiae
768 2358 865 2407 mater
884 2360 915 2407 et
936 2349 1071 2431 gratiae,
1094 2346 1150 2407 de·
1162 2337 1292 2428 ‘n‘ffiffl‘l'

81 2446 175 2507 negas
205 2425 296 2484 uobis
321 2426 463 2487 ellectum
485 2429 737 2504 misericordiae,
769 2431 859 2508 cujus
881 2441 943 2489 tam
964 2429 1151 2492 mirabiliter

84 2510 168 2568 fucta
196 2521 242 2569 est
267 2520 385 2585 mater,
409 2508 486 2589 quid
510 2509 674 2584 sacremus,
696 2511 865 2570 cumidem
888 2510 972 2573 lilius
992 2526 1065 2572 tuns
1092 2513 1151 2574 ad·

80 2594 202 2653 venerit
232 2604 362 2653 cunctos
394 2613 494 2674 aequo
517 2592 713 2675 judicaturus
738 2593 884 2675 judicio?
925 2595 1060 2656 subveni
1075 2617 1150 2680 crgo

79 2676 175 2738 nobis
205 2677 329 2739 domina
360 2679 520 2760 piissima,
567 2690 599 2738 et
627 2697 692 2738 non
723 2678 919 2739 considerata
949 2692 1152 2762 peccatorum

79 2773 263 2821 nostrorum
289 2760 510 2838 multitudine,
542 2761 621 2822 velle
650 2774 739 2823 tuum
770 2763 810 2823 ad
834 2763 1039 2825 miserendum
1058 2763 1151 2825 nobis

80 2844 211 2905 inllccte.
254 2845 364 2930 Cogita
393 2866 507 2926 quaeso
539 2860 570 2907 et
586 2849 725 2932 recogita
746 2847 830 2930 opud
850 2863 901 2925 te,
956 2851 1008 2910 uia
1027 2870 1091 2910 uon
1112 2850 1151 2910 ad

79 2929 302 3008 damnandum,
336 2930 390 2990 sed
408 2930 448 2990 ad
474 2929 650 2993 salvandum
674 2946 854 3015 peccatores
879 2870 1026 2995 coniitor
1045 2946 1152 2994 noster

78 3033 115 3072 ex
129 3025 160 3073 tc
185 3013 284 3074 sactus
303 3027 349 3074 est
366 3012 473 3075 bomo.
529 3014 594 3076 Cur
615 3018 720 3098 itaque
741 3038 806 3079 non
818 3017 941 3099 juvabis
963 3040 1020 3080 nos
1039 3039 1153 3103 pecca·

78 3109 162 3157 tores
174 3141 184 3174 ,
212 3099 337 3179 quando
355 3113 489 3182 propter
510 3122 567 3161 nos
587 3103 620 3161 iu
636 3115 752 3163 tantam
776 3102 989 3164 celsitudinem
1017 3124 1048 3165 es
1067 3104 1148 3164 leva·

76 3193 127 3255 ta,
146 3193 181 3241 ut
204 3181 410 3245 tedominam
425 3182 538 3246 lrabeat
555 3198 588 3247 et
612 3200 776 3248 veneretur
798 3191 897 3250 omnis
922 3192 1041 3272 pariter
1061 3208 1149 3250 crea-

75 3264 166 3324 tural
208 3264 257 3326 Ab
294 3269 385 3328 initio
406 3271 615 3330 renovationis
645 3269 796 3332 humanae
820 3272 964 3335 omnibus
983 3274 1040 3335 sub
1057 3285 1147 3334 tuum
1180 3286 1294 3347 susp..

73 3347 264 3433 praesidium
284 3353 534 3435 confugientibus
561 3351 720 3436 hucusque
736 3360 919 3418 succurristi
936 3400 946 3435 ,
962 3371 1007 3430 ⁴et
1025 3358 1144 3419 idcirco
1154 3336 1297 3439 millii:

71 3454 152 3517 prae
169 3442 252 3495 omni
269 3449 426 3513 creatura,
449 3439 534 3499 omni
552 3435 644 3498 laude
666 3439 843 3523 dignissima
861 3442 924 3501 dici
948 3454 979 3501 et
1001 3462 1064 3503 esse
1080 3447 1303 3527 messgsslff'l‘·

72 3518 175 3579 ruisti.
218 3518 276 3581 Eia
304 3542 467 3599 succurre,
502 3542 641 3599 oramus,
668 3537 705 3584 ut
722 3523 807 3602 laus,
833 3547 925 3607 quam
940 3545 998 3608 per
1015 3538 1065 3587 tot
1076 3548 1144 3588 sac-

71 3602 144 3663 culn
176 3603 269 3687 digne
297 3606 478 3689 possedisti,
505 3610 655 3668 continua
687 3607 745 3668 tibi
773 3609 867 3670 duret
894 3611 926 3671 in
947 3612 1045 3692 gratia
1065 3612 1142 3692 ipsa,

71 3708 135 3766 qua
157 3688 274 3750 mundo
299 3689 424 3773 perdito
447 3689 626 3752 subvenisti.
681 3690 754 3752 Tibi
772 3714 846 3777 ergo
860 3715 928 3753 -uos
948 3695 1143 3755 commenda-

68 3788 154 3847 mus,
207 3785 244 3833 tu
269 3794 420 3856 procura,
463 3795 502 3835 ue
521 3797 703 3856 percamus:
732 3776 821 3838 effice
842 3780 971 3860 potius,
1003 3791 1040 3839 ut
1059 3779 1140 3841 salus

70 3868 178 3917 nostra
206 3856 245 3918 de
264 3860 315 3919 die
349 3861 380 3918 in
402 3860 482 3919 diem
510 3861 754 3942 multiplicetur,
787 3873 817 3923 et
840 3860 906 3921 lilio
929 3875 986 3923 tuo
1004 3864 1140 3927 Domino

70 3951 181 4001 nostro
197 3942 271 4002 Jesu
297 3941 423 4004 Christo
445 3946 508 4004 vita
528 3958 635 4006 nostra
654 3947 720 4028 jugi
745 3946 910 4007 devotione
923 3948 1096 4009 l'umuletnr.

152 4037 182 4091 8.
226 4026 470 4087 BERNARDUS
491 4028 587 4096 Scrm.
608 4044 637 4096 2.
659 4031 783 4091 Domiu.
793 4031 818 4090 1.
839 4045 912 4113 post
930 4045 990 4093 oct.
1005 4033 1138 4116 Epiph.:

69 4106 199 4179 Quoties
231 4111 308 4171 mihi
339 4133 460 4173 neccsse
479 4127 543 4189 est,
577 4114 706 4190 fratres,
737 4128 809 4196 post
834 4115 1008 4178 lacrimosas
1032 4121 1139 4200 qucri-

64 4193 186 4253 monias
215 4209 329 4256 vestras
361 4218 487 4258 exorare
508 4212 637 4259 matrem
666 4200 914 4272 misericordiae,
938 4213 975 4260 ut
996 4215 1299 4310 suggeratmuim

63 4295 125 4337 suo
156 4275 376 4363 benignissimo
406 4278 491 4358 filio,
513 4284 660 4364 quonium
682 4285 786 4347 viuum
810 4306 874 4347 uon
894 4284 1053 4347 habeatis?
1094 4286 1217 4358 Eam...

83 2263 184 2320 nostri
210 2261 327 2345 absque
352 2260 451 2323 dubio
484 2283 557 2322 vera
587 2274 695 2323 mater.
746 2260 779 2322 Si
806 2274 841 2322 tn
870 2283 968 2346 ergo,
997 2283 1077 2345 qnae
1093 2263 1153 2322 Dei
1162 2239 1277 2329 lliifsslt..
