2768 4762
529 112 864 179 SYM'BOLO.
1170 110 1243 183 ,ω

174 330 244 372 nam
286 302 476 390 regeneravit
508 318 567 361 noe
598 300 630 361 in
667 306 754 385 spe'in
787 300 888 361 rivam
908 300 966 383 per
983 292 1243 361 resurrectionem

176 416 272 479 JESU
293 410 457 475 CHRISTI
478 426 514 468 ex
527 408 680 487 mortuis,
712 406 746 469 in
770 406 991 469 haereditatem
1007 400 1246 489 incorruptibi-

177 523 235 585 lem
260 534 292 583 ct
309 516 581 581 incontaminatam
605 528 637 578 et
652 498 954 593 immarcescibilem,
978 515 1191 579 conservatam
1211 510 1266 607 iu¹
1319 598 1323 605 Ι

175 630 268 693 euciis
287 640 345 690 etc.

261 737 287 798 1.
309 729 508 796 Corinth.
530 726 624 791 Νι
645 728 735 793 Sicut
750 733 782 792 in
807 730 906 792 Adam
929 750 1033 793 omnes
1054 726 1245 807 moriuntur,

177 850 220 907 ita
241 847 318 905 etin
340 837 516 903 CHRISTO
541 857 647 898 omnes
660 838 914 901 vivificabuntur.
957 838 1179 919 Unusquisque
1189 836 1249 913 ¹ari·

176 968 239 1015 teni
260 954 291 1011 in
314 972 371 1011 suo
398 946 526 1023 ordine,
553 946 707 1028 primitiae
745 942 961 1007 CHRISTUS:
998 942 1108 1003 deinde
1132 944 1170 1019 ii,
1193 934 1249 1029 qui

177 1073 252 1123 sunt
268 1054 452 1131 CHRISTI,
480 1054 535 1135 qui
557 1052 589 1112 in
612 1052 776 1114 adrentum
796 1057 863 1135 ejus
881 1048 1092 1112 crediderunt.

265 1168 305 1227 11.
329 1158 525 1227 Corinth.
548 1158 625 1221 IV.:
668 1160 806 1221 Scientes
837 1160 985 1240 quoniam
1014 1158 1070 1237 qui
1093 1154 1253 1217 suscitarit

179 1273 331 1349 lusum,
361 1282 392 1329 et
408 1288 467 1329 nos
484 1288 553 1327 cum
571 1264 671 1326 lusu
688 1265 857 1327 suscitabit.

267 1379 292 1437 1.
316 1374 456 1435 Thess.
480 1370 552 1433 Νι
583 1372 619 1431 Si
648 1372 819 1452 eredimus,
855 1371 944 1455 quod
971 1366 1093 1433 JESUS
1113 1380 1255 1456 mortuus

184 1498 247 1553 est,
275 1493 308 1542 et
335 1480 520 1540 resurrexitr
560 1479 657 1540 itaet
684 1480 771 1541 Deus
793 1501 863 1558 eos,
896 1482 950 1561 qui
984 1478 1181 1539 dormierunt
1199 1494 1256 1557 per

186 1586 340 1663 JESUM,
365 1584 499 1647 adducet
530 1606 602 1647 curn
636 1607 683 1649 eo.
740 1587 810 1647 Hoc
840 1590 920 1647 enim
951 1584 1043 1646 robis
1073 1581 1205 1643 dicimus
1222 1582 1257 1642 in

67 1769 70 1776 Ι
182 1692 281 1755 verbo
299 1694 443 1773 Domini,
466 1697 538 1779 quia
569 1715 649 1771 nos,
685 1695 739 1778 qui
765 1695 910 1771 vivimus,
931 1694 985 1776 qui
1012 1690 1128 1752 residui
1151 1708 1256 1751 sumus

182 1804 215 1862 in
229 1802 363 1861 aduentu
384 1801 529 1882 Domini,
551 1825 617 1865 non
639 1804 954 1886 praeveniemuseos,
974 1802 1030 1883 qui
1050 1798 1255 1860 dormierunt.

183 1910 338 1983 Quoniam
367 1910 434 1991 ipse
454 1909 608 1970 Dominus
629 1911 661 1969 in
689 1909 779 1991 jussu
802 1921 833 1970 et
858 1913 890 1969 iu
907 1928 985 1969 voce
1007 1904 1201 1991 archangeli,
1224 1915 1257 1966 et

182 2018 213 2075 in
233 2014 310 2075 tuba
329 2014 389 2075 Dei
404 2012 569 2075 descendet
587 2014 627 2075 de
654 2016 758 2078 eeeio:
776 2027 807 2075 et
824 2018 940 2077 rnortui
957 2016 1012 2097 qui
1033 2012 1160 2073 Christo
1171 2022 1255 2088 sunt,

183 2132 348 2203 resurgent
377 2122 481 2201 primi.
533 2121 655 2181 Deinde
673 2144 749 2195 nos,
783 2124 838 2203 qui
857 2123 986 2183 risimus
993 2164 1003 2197 ,
1024 2122 1079 2204 qui
1103 2119 1257 2201 relinqui-

182 2246 275 2303 mur,
300 2222 391 2283 simui
414 2226 571 2305 rapientur
596 2226 748 2285 cumillis
767 2228 800 2284 in
822 2224 960 2283 nubibus
982 2224 1106 2286 obuiam
1128 2226 1256 2286 Christo

183 2335 220 2395 in
244 2336 332 2409 aira,
353 2330 449 2391 etsie
467 2348 588 2415 semper
607 2350 679 2393 cum
696 2330 835 2392 Domino
860 2332 984 2389 erimus.

557 2534 880 2611 Patrue.

270 2730 299 2793 1.
319 2726 357 2791 A.
400 2726 623 2792 IRENAEuse
648 2731 720 2815 Ipse
743 2732 899 2794 Dominus
925 2731 1031 2793 tribus
1057 2730 1167 2793 diebus
1185 2749 1264 2791 con·
1290 2744 1377 2787 eserie

188 2828 328 2877 versatus
348 2826 411 2891 est,
440 2812 494 2875 ubi
525 2828 614 2875 erant
642 2818 781 2894 mortui,
814 2817 1074 2897 quemadmodum
1101 2814 1262 2897 Propheta
1275 2794 1383 2885 iim

189 2902 236 2961 ait
253 2898 292 2959 de
312 2920 368 2959 eo:
396 2898 660 2962 Commemoratur
682 2912 729 2961 est
750 2902 903 2961 Dominus
924 2914 1103 2961 sanctorum
1119 2900 1369 2984 mortuo-32:2⁸

189 3004 260 3043 rum
278 3002 428 3060 suorum,
458 3004 585 3061 eorum,
624 2986 679 3067 qui
710 2997 780 3044 ente
798 2986 995 3046 dormierunt
1014 2986 1048 3045 in
1069 2998 1184 3047 terram
1207 2984 1265 3042 sti-

189 3065 385 3151 pulationis,
411 3078 444 3127 et
471 3066 631 3130 descendit
655 3067 695 3129 ad
725 3090 798 3145 eos,
827 3070 988 3131 extrahere
1009 3090 1079 3147 eos,
1099 3082 1130 3129 et
1146 3066 1265 3129 salvare

190 3170 258 3211 eos,
301 3148 344 3210 Et
358 3152 425 3233 ipse
443 3164 546 3213 antem
566 3152 738 3217 Dominus:
765 3154 1053 3232 Quemadmodum,
1086 3156 1148 3228 uit,
1169 3153 1263 3214 Jonas

190 3238 224 3295 in
252 3246 360 3295 ventre
379 3236 440 3296 ceti
465 3247 529 3297 tres
549 3235 615 3298 dies
639 3250 671 3299 et
687 3249 750 3299 tres
766 3252 872 3299 noctes
894 3241 1022 3313 nmmsit,
1039 3241 1084 3299 sie
1099 3240 1160 3301 erit
1178 3234 1262 3297 iilius
1274 3236 1375 3283 ΝΜ

190 3318 332 3381 hominis
353 3318 386 3379 in
416 3318 513 3382 eorde
545 3332 657 3383 terrae.
712 3320 773 3383 Sed
793 3335 824 3381 et
842 3320 1013 3405 Apostolus
1029 3326 1087 3383 ait:
1115 3319 1262 3383 Ascendit
1274 3326 1374 3380 :pnes

191 3416 312 3480 autem,
337 3401 490 3485 quidest,
505 3406 565 3465 nisi
589 3408 664 3489 quia
682 3420 714 3467 et
735 3406 894 3467 descendit
922 3428 954 3467 ιιι
971 3408 1121 3469 inferiora
1137 3404 1264 3468 terrae?

190 3488 261 3551 Hoc
278 3498 312 3549 et
333 3486 435 3549 David
460 3490 493 3549 in
521 3510 591 3551 curn
603 3489 814 3575 prophetans,
848 3492 942 3553 dixit:
968 3492 1011 3552 Et
1030 3492 1174 3575 eripuisti
1197 3491 1264 3551 aui-

190 3592 272 3632 msm
301 3590 399 3632 meam
431 3591 467 3633 ex
491 3574 615 3635 inferno
641 3573 795 3636 inferiori.
849 3576 951 3635 Resur
971 3586 1025 3637 cns·
1053 3589 1156 3638 antem
1172 3554 1381 3647 ιιιιιιῖξ’“5’

193 3656 263 3734 die,
283 3668 315 3717 ct
338 3656 474 3733 Mariae,
499 3678 579 3741 quse
608 3678 641 3719 se
663 3660 764 3743 prima
781 3658 860 3720 vidit
877 3672 909 3721 et
933 3596 1093 3737 adoravit,
1124 3658 1264 3721 dicehate

191 3734 331 3800 trotino
353 3750 407 3801 tan
428 3760 503 3815 ere,
526 3740 667 3803 nondum
700 3745 782 3805 enim
802 3744 926 3805 ascendi
949 3743 989 3806 sd
1007 3756 1128 3827 patrem
1147 3764 1264 3805 meums
1370 3753 1373 3762 '

195 3822 249 3881 scd
271 3824 350 3885 rade
378 3846 397 3887 a
444 3824 638 3909 discipulos,
672 3840 704 3889 et
727 3828 811 3889 dices
828 3830 892 3888 eis:
923 3826 1068 3891 Ascendo
1085 3828 1126 3891 ed
1145 3840 1273 3912 patrem·

191 3924 292 3967 meum
317 3920 349 3970 et
371 3920 493 3991 patrem
517 3922 663 3973 vestrum.
718 3912 752 3973 Si
775 3932 851 3995 ergo
875 3912 1030 3973 Dominus
1061 3912 1158 3999 legem
1178 3933 1266 3973 mor-

187 4000 319 4055 tuorum
337 3996 481 4073 servarit,
495 4008 533 4057 ut
546 3992 637 4058 fieret
654 3998 880 4081 primogenitus
899 4016 917 4057 ιι
934 3998 1089 4075 mortuis,
1125 4009 1158 4058 et
1178 4015 1265 4057 eom-
