<?xml version="1.0" encoding="UTF-8"?>
<!DOCTYPE html PUBLIC "-//W3C//DTD XHTML 1.0 Transitional//EN"
    "http://www.w3.org/TR/xhtml1/DTD/xhtml1-transitional.dtd">
<html xmlns="http://www.w3.org/1999/xhtml" xml:lang="en" lang="en">
 <head>
  <title>
</title>
<meta http-equiv="Content-Type" content="text/html;charset=utf-8" />
  <meta name='ocr-system' content='tesseract 3.04.00' />
  <meta name='ocr-capabilities' content='ocr_page ocr_carea ocr_par ocr_line ocrx_word'/>
</head>
<body>
  <div class='ocr_page' id='page_1' title='image "./summadoctrinaec00kanigoog_0160.png"; bbox 0 0 2768 4762; ppageno 0'>
   <div class='ocr_carea' id='block_1_1' title="bbox 414 374 1134 449">
    <p class='ocr_par' dir='ltr' id='par_1_1' title="bbox 414 374 1134 449">
     <span class='ocr_line' id='line_1_1' title="bbox 414 374 1134 449; baseline 0 0"><span class='ocrx_word' id='word_1_1' title='bbox 414 378 753 449; x_wconf 74' lang='lat' dir='ltr'>SYMBOLO.</span> <span class='ocrx_word' id='word_1_2' title='bbox 1054 374 1134 449; x_wconf 79' lang='grc'><strong>107</strong></span> 
     </span>
    </p>
   </div>
   <div class='ocr_carea' id='block_1_2' title="bbox 57 567 1325 3837">
    <p class='ocr_par' dir='ltr' id='par_1_2' title="bbox 60 552 1325 2905">
     <span class='ocr_line' id='line_1_2' title="bbox 244 567 1137 715; baseline -0.01 6.267"><span class='ocrx_word' id='word_1_3' title='bbox 244 590 263 641; x_wconf 88' lang='grc'><em>·</em></span> <span class='ocrx_word' id='word_1_4' title='bbox 280 567 817 715; x_wconf 65' lang='lat'><strong>01&gt;</strong></span> <span class='ocrx_word' id='word_1_5' title='bbox 838 578 1321 713; x_wconf 54' lang='lat' dir='ltr'><strong>nt</strong></span> 
     </span>
     <span class='ocr_line' id='line_1_3' title="bbox 64 672 1323 828; baseline -0.014 -22"><span class='ocrx_word' id='word_1_6' title='bbox 64 672 609 828; x_wconf 49' lang='lat' dir='ltr'><strong>“tuaprpqulnaqgt&#39;qpqsrtp‘seqtqu</strong></span> <span class='ocrx_word' id='word_1_7' title='bbox 620 736 743 797; x_wconf 84' lang='lat' dir='ltr'><strong>Habere</strong></span> <span class='ocrx_word' id='word_1_8' title='bbox 760 735 825 817; x_wconf 82' lang='lat' dir='ltr'><strong>jam</strong></span> <span class='ocrx_word' id='word_1_9' title='bbox 841 754 907 797; x_wconf 90' lang='lat' dir='ltr'><strong>non</strong></span> <span class='ocrx_word' id='word_1_10' title='bbox 918 739 1025 818; x_wconf 89' lang='lat' dir='ltr'><strong>potest</strong></span> <span class='ocrx_word' id='word_1_11' title='bbox 1034 726 1136 789; x_wconf 87' lang='lat' dir='ltr'><strong>Deum</strong></span> <span class='ocrx_word' id='word_1_12' title='bbox 1146 682 1323 819; x_wconf 47' lang='lat' dir='ltr'><strong>&amp;¹⁶⁸3ss</strong></span> 
     </span>
     <span class='ocr_line' id='line_1_4' title="bbox 63 814 1139 915; baseline -0.018 -25"><span class='ocrx_word' id='word_1_13' title='bbox 63 841 206 915; x_wconf 82' lang='lat' dir='ltr'><strong>patrem,</strong></span> <span class='ocrx_word' id='word_1_14' title='bbox 236 827 293 909; x_wconf 92' lang='lat' dir='ltr'><strong>qui</strong></span> <span class='ocrx_word' id='word_1_15' title='bbox 312 823 483 885; x_wconf 74' lang='lat' dir='ltr'><strong>Ecclesiam</strong></span> <span class='ocrx_word' id='word_1_16' title='bbox 502 841 567 884; x_wconf 89' lang='lat' dir='ltr'><strong>non</strong></span> <span class='ocrx_word' id='word_1_17' title='bbox 587 819 685 883; x_wconf 89' lang='lat' dir='ltr'><strong>habet</strong></span> <span class='ocrx_word' id='word_1_18' title='bbox 703 830 842 881; x_wconf 86' lang='lat' dir='ltr'><strong>matrem.</strong></span> <span class='ocrx_word' id='word_1_19' title='bbox 882 818 917 881; x_wconf 82' lang='lat' dir='ltr'><strong>st</strong></span> <span class='ocrx_word' id='word_1_20' title='bbox 934 814 1043 902; x_wconf 86' lang='lat' dir='ltr'><strong>potuit</strong></span> <span class='ocrx_word' id='word_1_21' title='bbox 1066 830 1139 875; x_wconf 84' lang='lat' dir='ltr'><strong>eva-</strong></span> 
     </span>
     <span class='ocr_line' id='line_1_5' title="bbox 64 902 1141 994; baseline -0.017 -20"><span class='ocrx_word' id='word_1_22' title='bbox 64 914 142 974; x_wconf 88' lang='lat' dir='ltr'><strong>dere</strong></span> <span class='ocrx_word' id='word_1_23' title='bbox 160 912 345 994; x_wconf 88' lang='lat' dir='ltr'><strong>quisquam,</strong></span> <span class='ocrx_word' id='word_1_24' title='bbox 367 909 422 990; x_wconf 92' lang='lat' dir='ltr'><strong>qui</strong></span> <span class='ocrx_word' id='word_1_25' title='bbox 444 920 530 969; x_wconf 81' lang='lat' dir='ltr'><strong>entra</strong></span> <span class='ocrx_word' id='word_1_26' title='bbox 547 926 650 967; x_wconf 90' lang='lat' dir='ltr'><strong>aream</strong></span> <span class='ocrx_word' id='word_1_27' title='bbox 671 906 739 967; x_wconf 80' lang='lat' dir='ltr'><strong>Noe</strong></span> <span class='ocrx_word' id='word_1_28' title='bbox 759 902 839 965; x_wconf 75' lang='lat' dir='ltr'><strong>luite</strong></span> <span class='ocrx_word' id='word_1_29' title='bbox 860 914 892 965; x_wconf 87' lang='lat' dir='ltr'><strong>et</strong></span> <span class='ocrx_word' id='word_1_30' title='bbox 909 903 1070 985; x_wconf 74' lang='lat' dir='ltr'><strong>qni-eatan</strong></span> <span class='ocrx_word' id='word_1_31' title='bbox 1085 914 1141 957; x_wconf 86' lang='lat' dir='ltr'><strong>eo·</strong></span> 
     </span>
     <span class='ocr_line' id='line_1_6' title="bbox 62 982 1312 1091; baseline -0.011 -34"><span class='ocrx_word' id='word_1_32' title='bbox 62 997 189 1059; x_wconf 84' lang='lat' dir='ltr'><strong>clesiam</strong></span> <span class='ocrx_word' id='word_1_33' title='bbox 209 982 288 1057; x_wconf 78' lang='lat' dir='ltr'><strong>l&#39;oris</strong></span> <span class='ocrx_word' id='word_1_34' title='bbox 307 991 430 1067; x_wconf 73' lang='lat' dir='ltr'><strong>luerit,</strong></span> <span class='ocrx_word' id='word_1_35' title='bbox 464 991 575 1053; x_wconf 75' lang='lat' dir='ltr'><strong>eraclit.</strong></span> <span class='ocrx_word' id='word_1_36' title='bbox 618 990 708 1052; x_wconf 85' lang='lat' dir='ltr'><strong>Stare</strong></span> <span class='ocrx_word' id='word_1_37' title='bbox 728 1002 765 1051; x_wconf 89' lang='lat' dir='ltr'><strong>tu</strong></span> <span class='ocrx_word' id='word_1_38' title='bbox 785 1000 817 1049; x_wconf 90' lang='lat' dir='ltr'><strong>et</strong></span> <span class='ocrx_word' id='word_1_39' title='bbox 833 988 936 1049; x_wconf 77' lang='lat' dir='ltr'><strong>virere</strong></span> <span class='ocrx_word' id='word_1_40' title='bbox 955 996 1048 1068; x_wconf 89' lang='lat' dir='ltr'><strong>putas</strong></span> <span class='ocrx_word' id='word_1_41' title='bbox 1063 1001 1140 1067; x_wconf 85' lang='lat' dir='ltr'><strong>pos·</strong></span> <span class='ocrx_word' id='word_1_42' title='bbox 1151 1046 1312 1091; x_wconf 73' lang='lat' dir='ltr'><strong>mnseeenst</strong></span> 
     </span>
     <span class='ocr_line' id='line_1_7' title="bbox 62 1063 1322 1148; baseline -0.013 -5"><span class='ocrx_word' id='word_1_43' title='bbox 62 1100 97 1145; x_wconf 85' lang='lat' dir='ltr'><strong>se</strong></span> <span class='ocrx_word' id='word_1_44' title='bbox 122 1080 162 1141; x_wconf 94' lang='lat' dir='ltr'><strong>de</strong></span> <span class='ocrx_word' id='word_1_45' title='bbox 187 1080 313 1140; x_wconf 90' lang='lat' dir='ltr'><strong>ecclesia</strong></span> <span class='ocrx_word' id='word_1_46' title='bbox 341 1076 557 1148; x_wconf 76' lang='lat' dir='ltr'>recedentem,</span> <span class='ocrx_word' id='word_1_47' title='bbox 586 1074 672 1137; x_wconf 85' lang='lat' dir='ltr'><strong>sedes</strong></span> <span class='ocrx_word' id='word_1_48' title='bbox 691 1073 753 1137; x_wconf 90' lang='lat' dir='ltr'><strong>sibi</strong></span> <span class='ocrx_word' id='word_1_49' title='bbox 782 1070 857 1133; x_wconf 89' lang='lat' dir='ltr'><strong>alias</strong></span> <span class='ocrx_word' id='word_1_50' title='bbox 881 1084 912 1133; x_wconf 90' lang='lat' dir='ltr'><strong>et</strong></span> <span class='ocrx_word' id='word_1_51' title='bbox 935 1070 1056 1131; x_wconf 81' lang='lat' dir='ltr'><strong>diversa</strong></span> <span class='ocrx_word' id='word_1_52' title='bbox 1078 1063 1187 1139; x_wconf 58' lang='lat' dir='ltr'><strong>deq.</strong></span> <span class='ocrx_word' id='word_1_53' title='bbox 1201 1110 1249 1139; x_wconf 74' lang='lat' dir='ltr'><strong>so·</strong></span> <span class='ocrx_word' id='word_1_54' title='bbox 1270 1070 1322 1137; x_wconf 52' lang='grc' dir='ltr'><strong>..ι’</strong></span> 
     </span>
     <span class='ocr_line' id='line_1_8' title="bbox 64 1148 1324 1250; baseline -0.013 -24"><span class='ocrx_word' id='word_1_55' title='bbox 64 1164 180 1227; x_wconf 88' lang='lat' dir='ltr'><strong>micilia</strong></span> <span class='ocrx_word' id='word_1_56' title='bbox 205 1160 408 1225; x_wconf 79' lang='lat' dir='ltr'><strong>condentem?</strong></span> <span class='ocrx_word' id='word_1_57' title='bbox 428 1180 499 1223; x_wconf 91' lang='lat' dir='ltr'><strong>eum</strong></span> <span class='ocrx_word' id='word_1_58' title='bbox 520 1161 637 1221; x_wconf 88' lang='lat' dir='ltr'><strong>dictum</strong></span> <span class='ocrx_word' id='word_1_59' title='bbox 663 1163 704 1221; x_wconf 91' lang='lat' dir='ltr'><strong>sit</strong></span> <span class='ocrx_word' id='word_1_60' title='bbox 721 1158 762 1219; x_wconf 88' lang='lat' dir='ltr'><strong>ad</strong></span> <span class='ocrx_word' id='word_1_61' title='bbox 787 1154 889 1231; x_wconf 89' lang='lat' dir='ltr'><strong>Raab,</strong></span> <span class='ocrx_word' id='word_1_62' title='bbox 911 1156 944 1214; x_wconf 93' lang='lat' dir='ltr'><strong>in</strong></span> <span class='ocrx_word' id='word_1_63' title='bbox 965 1173 1028 1235; x_wconf 89' lang='lat' dir='ltr'><strong>qna</strong></span> <span class='ocrx_word' id='word_1_64' title='bbox 1047 1148 1324 1250; x_wconf 41' lang='lat' dir='ltr'><strong>prae-gffiam</strong></span> 
     </span>
     <span class='ocr_line' id='line_1_9' title="bbox 67 1235 1142 1328; baseline -0.017 -17"><span class='ocrx_word' id='word_1_65' title='bbox 67 1246 265 1311; x_wconf 75' lang='lat' dir='ltr'><strong>formabatur</strong></span> <span class='ocrx_word' id='word_1_66' title='bbox 286 1247 440 1325; x_wconf 78' lang='lat' dir='ltr'>Ecclesia,</span> <span class='ocrx_word' id='word_1_67' title='bbox 462 1257 582 1328; x_wconf 89' lang='lat' dir='ltr'><strong>patrem</strong></span> <span class='ocrx_word' id='word_1_68' title='bbox 602 1258 690 1306; x_wconf 91' lang='lat' dir='ltr'><strong>tuum</strong></span> <span class='ocrx_word' id='word_1_69' title='bbox 714 1256 744 1304; x_wconf 90' lang='lat' dir='ltr'><strong>et</strong></span> <span class='ocrx_word' id='word_1_70' title='bbox 757 1252 887 1301; x_wconf 87' lang='lat' dir='ltr'><strong>matrem</strong></span> <span class='ocrx_word' id='word_1_71' title='bbox 900 1250 1002 1314; x_wconf 88' lang='lat' dir='ltr'><strong>tuam,</strong></span> <span class='ocrx_word' id='word_1_72' title='bbox 1025 1248 1057 1296; x_wconf 92' lang='lat' dir='ltr'><strong>et</strong></span> <span class='ocrx_word' id='word_1_73' title='bbox 1075 1235 1142 1293; x_wconf 83' lang='lat' dir='ltr'><strong>lra-</strong></span> 
     </span>
     <span class='ocr_line' id='line_1_10' title="bbox 67 1320 1142 1411; baseline -0.017 -16"><span class='ocrx_word' id='word_1_74' title='bbox 67 1346 229 1411; x_wconf 25' lang='lat' dir='ltr'><strong>tresltuos</strong></span> <span class='ocrx_word' id='word_1_75' title='bbox 256 1345 407 1394; x_wconf 89' lang='lat' dir='ltr'><strong>ettotam</strong></span> <span class='ocrx_word' id='word_1_76' title='bbox 433 1331 561 1392; x_wconf 89' lang='lat' dir='ltr'><strong>domurn</strong></span> <span class='ocrx_word' id='word_1_77' title='bbox 582 1330 680 1411; x_wconf 87' lang='lat' dir='ltr'><strong>patris</strong></span> <span class='ocrx_word' id='word_1_78' title='bbox 710 1328 758 1389; x_wconf 87' lang='lat' dir='ltr'><strong>tui</strong></span> <span class='ocrx_word' id='word_1_79' title='bbox 790 1322 918 1408; x_wconf 83' lang='lat' dir='ltr'><strong>colliges</strong></span> <span class='ocrx_word' id='word_1_80' title='bbox 940 1320 980 1382; x_wconf 91' lang='lat' dir='ltr'><strong>ad</strong></span> <span class='ocrx_word' id='word_1_81' title='bbox 997 1332 1027 1380; x_wconf 90' lang='lat' dir='ltr'><strong>te</strong></span> <span class='ocrx_word' id='word_1_82' title='bbox 1045 1320 1142 1400; x_wconf 89' lang='lat' dir='ltr'><strong>ipsam</strong></span> 
     </span>
     <span class='ocr_line' id='line_1_11' title="bbox 67 1402 1142 1493; baseline -0.018 -14"><span class='ocrx_word' id='word_1_83' title='bbox 67 1422 100 1479; x_wconf 91' lang='lat' dir='ltr'><strong>in</strong></span> <span class='ocrx_word' id='word_1_84' title='bbox 123 1417 249 1480; x_wconf 89' lang='lat' dir='ltr'><strong>domum</strong></span> <span class='ocrx_word' id='word_1_85' title='bbox 271 1429 375 1477; x_wconf 82' lang='lat' dir='ltr'><strong>tuam:</strong></span> <span class='ocrx_word' id='word_1_86' title='bbox 407 1416 520 1477; x_wconf 89' lang='lat' dir='ltr'><strong>eterit</strong></span> <span class='ocrx_word' id='word_1_87' title='bbox 544 1415 662 1488; x_wconf 87' lang='lat' dir='ltr'><strong>omnis,</strong></span> <span class='ocrx_word' id='word_1_88' title='bbox 692 1412 747 1493; x_wconf 93' lang='lat' dir='ltr'><strong>qui</strong></span> <span class='ocrx_word' id='word_1_89' title='bbox 770 1410 878 1471; x_wconf 77' lang='lat' dir='ltr'><strong>exierit</strong></span> <span class='ocrx_word' id='word_1_90' title='bbox 894 1407 1008 1469; x_wconf 81' lang='lat' dir='ltr'><strong>ostium</strong></span> <span class='ocrx_word' id='word_1_91' title='bbox 1031 1402 1142 1463; x_wconf 89' lang='lat' dir='ltr'><strong>domus</strong></span> 
     </span>
     <span class='ocr_line' id='line_1_12' title="bbox 65 1486 1228 1592; baseline -0.017 -27"><span class='ocrx_word' id='word_1_92' title='bbox 65 1515 139 1565; x_wconf 88' lang='lat' dir='ltr'><strong>tuae</strong></span> <span class='ocrx_word' id='word_1_93' title='bbox 165 1502 269 1577; x_wconf 82' lang='lat' dir='ltr'><strong>foras,</strong></span> <span class='ocrx_word' id='word_1_94' title='bbox 290 1521 361 1559; x_wconf 89' lang='lat' dir='ltr'><strong>reus</strong></span> <span class='ocrx_word' id='word_1_95' title='bbox 383 1499 444 1559; x_wconf 92' lang='lat' dir='ltr'><strong>sibi</strong></span> <span class='ocrx_word' id='word_1_96' title='bbox 465 1500 535 1558; x_wconf 88' lang='lat' dir='ltr'><strong>erit.</strong></span> <span class='ocrx_word' id='word_1_97' title='bbox 577 1498 656 1558; x_wconf 82' lang='lat' dir='ltr'><strong>Item</strong></span> <span class='ocrx_word' id='word_1_98' title='bbox 684 1505 907 1557; x_wconf 90' lang='lat' dir='ltr'><strong>sacramentum</strong></span> <span class='ocrx_word' id='word_1_99' title='bbox 927 1486 1066 1551; x_wconf 77' lang='lat' dir='ltr'><strong>Paschae</strong></span> <span class='ocrx_word' id='word_1_100' title='bbox 1094 1487 1176 1591; x_wconf 58' lang='lat' dir='ltr'><strong>ni·¹³</strong></span> <span class='ocrx_word' id='word_1_101' title='bbox 1205 1546 1228 1592; x_wconf 47' lang='grc' dir='ltr'>ι</span> 
     </span>
     <span class='ocr_line' id='line_1_13' title="bbox 66 1555 1310 1667; baseline -0.01 -21"><span class='ocrx_word' id='word_1_102' title='bbox 66 1584 113 1647; x_wconf 87' lang='lat' dir='ltr'><strong>hil</strong></span> <span class='ocrx_word' id='word_1_103' title='bbox 132 1586 218 1646; x_wconf 90' lang='lat' dir='ltr'><strong>aliud</strong></span> <span class='ocrx_word' id='word_1_104' title='bbox 244 1587 277 1643; x_wconf 92' lang='lat' dir='ltr'><strong>in</strong></span> <span class='ocrx_word' id='word_1_105' title='bbox 297 1582 399 1643; x_wconf 83' lang='lat' dir='ltr'>Exodi</span> <span class='ocrx_word' id='word_1_106' title='bbox 426 1583 492 1667; x_wconf 74' lang='lat' dir='ltr'><strong>lege</strong></span> <span class='ocrx_word' id='word_1_107' title='bbox 513 1582 691 1660; x_wconf 85' lang='lat' dir='ltr'><strong>contineat,</strong></span> <span class='ocrx_word' id='word_1_108' title='bbox 722 1599 815 1664; x_wconf 93' lang='lat' dir='ltr'><strong>quam</strong></span> <span class='ocrx_word' id='word_1_109' title='bbox 839 1590 877 1638; x_wconf 90' lang='lat' dir='ltr'><strong>nt</strong></span> <span class='ocrx_word' id='word_1_110' title='bbox 899 1595 1016 1661; x_wconf 69' lang='lat' dir='ltr'><strong>agnus,</strong></span> <span class='ocrx_word' id='word_1_111' title='bbox 1038 1570 1145 1653; x_wconf 86' lang='lat' dir='ltr'><strong>quiin</strong></span> <span class='ocrx_word' id='word_1_112' title='bbox 1176 1562 1204 1593; x_wconf 78' lang='lat'><strong>¹⁰</strong></span> <span class='ocrx_word' id='word_1_113' title='bbox 1234 1555 1310 1597; x_wconf 54' lang='grc' dir='ltr'><em>Μ</em></span> 
     </span>
     <span class='ocr_line' id='line_1_14' title="bbox 64 1652 1147 1756; baseline -0.014 -26"><span class='ocrx_word' id='word_1_114' title='bbox 64 1668 171 1753; x_wconf 71' lang='lat' dir='ltr'><strong>ligura</strong></span> <span class='ocrx_word' id='word_1_115' title='bbox 190 1667 308 1727; x_wconf 82' lang='lat' dir='ltr'><strong>Christi</strong></span> <span class='ocrx_word' id='word_1_116' title='bbox 328 1664 502 1741; x_wconf 91' lang='lat' dir='ltr'><strong>occiditur,</strong></span> <span class='ocrx_word' id='word_1_117' title='bbox 538 1667 569 1725; x_wconf 94' lang='lat' dir='ltr'><strong>in</strong></span> <span class='ocrx_word' id='word_1_118' title='bbox 587 1664 683 1727; x_wconf 91' lang='lat' dir='ltr'><strong>domo</strong></span> <span class='ocrx_word' id='word_1_119' title='bbox 707 1683 770 1726; x_wconf 89' lang='lat' dir='ltr'><strong>una</strong></span> <span class='ocrx_word' id='word_1_120' title='bbox 785 1661 906 1723; x_wconf 78' lang='lat' dir='ltr'><strong>edatur.</strong></span> <span class='ocrx_word' id='word_1_121' title='bbox 950 1652 1147 1756; x_wconf 77' lang='lat' dir='ltr'><strong>Carochri·</strong></span> 
     </span>
     <span class='ocr_line' id='line_1_15' title="bbox 65 1736 1147 1833; baseline -0.013 -21"><span class='ocrx_word' id='word_1_122' title='bbox 65 1756 109 1812; x_wconf 87' lang='lat' dir='ltr'><strong>sti</strong></span> <span class='ocrx_word' id='word_1_123' title='bbox 129 1763 161 1814; x_wconf 89' lang='lat' dir='ltr'><strong>et</strong></span> <span class='ocrx_word' id='word_1_124' title='bbox 184 1762 325 1811; x_wconf 70' lang='lat' dir='ltr'><strong>sannam</strong></span> <span class='ocrx_word' id='word_1_125' title='bbox 350 1751 475 1811; x_wconf 85' lang='lat' dir='ltr'><strong>Domini</strong></span> <span class='ocrx_word' id='word_1_126' title='bbox 495 1751 568 1832; x_wconf 82' lang='lat' dir='ltr'><strong>ejici</strong></span> <span class='ocrx_word' id='word_1_127' title='bbox 591 1749 677 1811; x_wconf 86' lang='lat' dir='ltr'><strong>loras</strong></span> <span class='ocrx_word' id='word_1_128' title='bbox 693 1770 757 1811; x_wconf 91' lang='lat' dir='ltr'><strong>non</strong></span> <span class='ocrx_word' id='word_1_129' title='bbox 782 1758 904 1833; x_wconf 88' lang='lat' dir='ltr'><strong>potest,</strong></span> <span class='ocrx_word' id='word_1_130' title='bbox 925 1764 985 1806; x_wconf 90' lang='lat' dir='ltr'><strong>nec</strong></span> <span class='ocrx_word' id='word_1_131' title='bbox 1000 1740 1065 1803; x_wconf 86' lang='lat' dir='ltr'><strong>alsa·</strong></span> <span class='ocrx_word' id='word_1_132' title='bbox 1080 1736 1147 1800; x_wconf 90' lang='lat' dir='ltr'><strong>ulla</strong></span> 
     </span>
     <span class='ocr_line' id='line_1_16' title="bbox 67 1826 1147 1919; baseline -0.007 -25"><span class='ocrx_word' id='word_1_133' title='bbox 67 1832 270 1895; x_wconf 86' lang='lat' dir='ltr'><strong>credentibus</strong></span> <span class='ocrx_word' id='word_1_134' title='bbox 290 1848 415 1919; x_wconf 87' lang='lat' dir='ltr'><strong>praeter</strong></span> <span class='ocrx_word' id='word_1_135' title='bbox 433 1856 525 1895; x_wconf 90' lang='lat' dir='ltr'><strong>unam</strong></span> <span class='ocrx_word' id='word_1_136' title='bbox 543 1834 714 1896; x_wconf 74' lang='lat' dir='ltr'><strong>Ecclesiam</strong></span> <span class='ocrx_word' id='word_1_137' title='bbox 739 1833 850 1895; x_wconf 88' lang='lat' dir='ltr'><strong>domus</strong></span> <span class='ocrx_word' id='word_1_138' title='bbox 873 1843 930 1895; x_wconf 83' lang='lat' dir='ltr'><strong>est.</strong></span> <span class='ocrx_word' id='word_1_139' title='bbox 972 1826 1023 1891; x_wconf 76' lang='lat' dir='ltr'><strong>An</strong></span> <span class='ocrx_word' id='word_1_140' title='bbox 1042 1845 1147 1888; x_wconf 92' lang='lat' dir='ltr'><strong>seeum</strong></span> 
     </span>
     <span class='ocr_line' id='line_1_17' title="bbox 66 1912 1145 2002; baseline -0.006 -24"><span class='ocrx_word' id='word_1_141' title='bbox 66 1940 134 1979; x_wconf 87' lang='lat' dir='ltr'><strong>csse</strong></span> <span class='ocrx_word' id='word_1_142' title='bbox 160 1918 335 1996; x_wconf 84' lang='lat' dir='ltr'><strong>Christum,</strong></span> <span class='ocrx_word' id='word_1_143' title='bbox 369 1940 437 1981; x_wconf 91' lang='lat' dir='ltr'><strong>cum</strong></span> <span class='ocrx_word' id='word_1_144' title='bbox 464 1917 589 1981; x_wconf 81' lang='lat' dir='ltr'><strong>collecti</strong></span> <span class='ocrx_word' id='word_1_145' title='bbox 610 1918 730 1979; x_wconf 81' lang='lat' dir='ltr'><strong>suerint</strong></span> <span class='ocrx_word' id='word_1_146' title='bbox 753 1918 944 2002; x_wconf 85' lang='lat' dir='ltr'><strong>opinantur,</strong></span> <span class='ocrx_word' id='word_1_147' title='bbox 980 1912 1037 1997; x_wconf 89' lang='lat' dir='ltr'><strong>qui</strong></span> <span class='ocrx_word' id='word_1_148' title='bbox 1059 1922 1145 1972; x_wconf 78' lang='lat' dir='ltr'><strong>extra</strong></span> 
     </span>
     <span class='ocr_line' id='line_1_18' title="bbox 64 1998 1228 2087; baseline -0.007 -24"><span class='ocrx_word' id='word_1_149' title='bbox 64 2002 183 2063; x_wconf 83' lang='lat' dir='ltr'><strong>Christi</strong></span> <span class='ocrx_word' id='word_1_150' title='bbox 207 2002 377 2064; x_wconf 86' lang='lat' dir='ltr'><strong>Ecclesiam</strong></span> <span class='ocrx_word' id='word_1_151' title='bbox 398 2002 611 2087; x_wconf 76' lang='lat' dir='ltr'><strong>colliguntur?</strong></span> <span class='ocrx_word' id='word_1_152' title='bbox 635 2003 744 2069; x_wconf 75' lang='lat' dir='ltr'><strong>,Tales</strong></span> <span class='ocrx_word' id='word_1_153' title='bbox 763 2002 896 2063; x_wconf 89' lang='lat' dir='ltr'><strong>etiamsi</strong></span> <span class='ocrx_word' id='word_1_154' title='bbox 912 1998 1144 2062; x_wconf 79' lang='lat' dir='ltr'><strong>ooeisiineon-</strong></span> <span class='ocrx_word' id='word_1_155' title='bbox 1224 2032 1228 2039; x_wconf 92' lang='lat'>·</span> 
     </span>
     <span class='ocr_line' id='line_1_19' title="bbox 65 2072 1325 2171; baseline -0.005 -24"><span class='ocrx_word' id='word_1_156' title='bbox 65 2086 198 2148; x_wconf 82' lang='lat' dir='ltr'><strong>sessione</strong></span> <span class='ocrx_word' id='word_1_157' title='bbox 221 2088 353 2149; x_wconf 88' lang='lat' dir='ltr'><strong>nominis</strong></span> <span class='ocrx_word' id='word_1_158' title='bbox 368 2087 504 2164; x_wconf 82' lang='lat' dir='ltr'><strong>fuerint,</strong></span> <span class='ocrx_word' id='word_1_159' title='bbox 524 2085 721 2150; x_wconf 82' lang='lat' dir='ltr'><strong>maculante</strong></span> <span class='ocrx_word' id='word_1_160' title='bbox 743 2107 801 2149; x_wconf 89' lang='lat' dir='ltr'><strong>nec</strong></span> <span class='ocrx_word' id='word_1_161' title='bbox 817 2086 967 2171; x_wconf 73' lang='lat' dir='ltr'><strong>sanguine</strong></span> <span class='ocrx_word' id='word_1_162' title='bbox 987 2081 1139 2145; x_wconf 83' lang='lat' dir='ltr'><strong>abluitur.</strong></span> <span class='ocrx_word' id='word_1_163' title='bbox 1151 2072 1325 2171; x_wconf 47' lang='lat' dir='ltr'><strong>‘fram</strong></span> 
     </span>
     <span class='ocr_line' id='line_1_20' title="bbox 63 2142 1325 2271; baseline -0.003 -41"><span class='ocrx_word' id='word_1_164' title='bbox 63 2169 262 2255; x_wconf 80' lang='lat' dir='ltr'><strong>inexpiabilis</strong></span> <span class='ocrx_word' id='word_1_165' title='bbox 281 2182 314 2233; x_wconf 89' lang='lat' dir='ltr'><strong>et</strong></span> <span class='ocrx_word' id='word_1_166' title='bbox 339 2173 441 2256; x_wconf 75' lang='lat' dir='ltr'><strong>gravis</strong></span> <span class='ocrx_word' id='word_1_167' title='bbox 463 2172 555 2257; x_wconf 89' lang='lat' dir='ltr'><strong>culpa</strong></span> <span class='ocrx_word' id='word_1_168' title='bbox 576 2172 753 2234; x_wconf 88' lang='lat' dir='ltr'><strong>discordiae</strong></span> <span class='ocrx_word' id='word_1_169' title='bbox 775 2192 834 2233; x_wconf 91' lang='lat' dir='ltr'><strong>nec</strong></span> <span class='ocrx_word' id='word_1_170' title='bbox 863 2170 1008 2255; x_wconf 82' lang='lat' dir='ltr'><strong>passione</strong></span> <span class='ocrx_word' id='word_1_171' title='bbox 1023 2186 1141 2253; x_wconf 74' lang='lat' dir='ltr'><strong>pnrga-</strong></span> <span class='ocrx_word' id='word_1_172' title='bbox 1151 2142 1221 2271; x_wconf 49' lang='lat'><strong>{13¹</strong></span> <span class='ocrx_word' id='word_1_173' title='bbox 1230 2174 1325 2217; x_wconf 70' lang='lat' dir='ltr'><strong>menn</strong></span> 
     </span>
     <span class='ocr_line' id='line_1_21' title="bbox 65 2240 1250 2340; baseline -0.003 -25"><span class='ocrx_word' id='word_1_174' title='bbox 65 2266 124 2315; x_wconf 90' lang='lat' dir='ltr'><strong>tur.</strong></span> <span class='ocrx_word' id='word_1_175' title='bbox 167 2254 243 2315; x_wconf 88' lang='lat' dir='ltr'><strong>Esse</strong></span> <span class='ocrx_word' id='word_1_176' title='bbox 258 2268 377 2331; x_wconf 85' lang='lat' dir='ltr'><strong>martyr</strong></span> <span class='ocrx_word' id='word_1_177' title='bbox 388 2277 452 2318; x_wconf 91' lang='lat' dir='ltr'><strong>non</strong></span> <span class='ocrx_word' id='word_1_178' title='bbox 476 2270 598 2339; x_wconf 88' lang='lat' dir='ltr'><strong>potest,</strong></span> <span class='ocrx_word' id='word_1_179' title='bbox 622 2259 678 2340; x_wconf 89' lang='lat' dir='ltr'><strong>qui</strong></span> <span class='ocrx_word' id='word_1_180' title='bbox 702 2260 736 2318; x_wconf 91' lang='lat' dir='ltr'><strong>in</strong></span> <span class='ocrx_word' id='word_1_181' title='bbox 761 2256 901 2318; x_wconf 89' lang='lat' dir='ltr'><strong>Ecclesia</strong></span> <span class='ocrx_word' id='word_1_182' title='bbox 920 2274 988 2316; x_wconf 90' lang='lat' dir='ltr'><strong>non</strong></span> <span class='ocrx_word' id='word_1_183' title='bbox 1013 2262 1076 2315; x_wconf 78' lang='lat' dir='ltr'><strong>ests</strong></span> <span class='ocrx_word' id='word_1_184' title='bbox 1099 2250 1140 2313; x_wconf 92' lang='lat' dir='ltr'><strong>ad</strong></span> <span class='ocrx_word' id='word_1_185' title='bbox 1214 2240 1250 2269; x_wconf 71' lang='lat'><strong>&#39;⁸&#39;</strong></span> 
     </span>
     <span class='ocr_line' id='line_1_22' title="bbox 63 2341 1141 2423; baseline -0.002 -24"><span class='ocrx_word' id='word_1_186' title='bbox 63 2358 193 2423; x_wconf 74' lang='lat' dir='ltr'><strong>regnum</strong></span> <span class='ocrx_word' id='word_1_187' title='bbox 212 2341 375 2420; x_wconf 82' lang='lat' dir='ltr'><strong>pervenire</strong></span> <span class='ocrx_word' id='word_1_188' title='bbox 404 2359 470 2399; x_wconf 94' lang='lat' dir='ltr'><strong>non</strong></span> <span class='ocrx_word' id='word_1_189' title='bbox 496 2342 633 2421; x_wconf 90' lang='lat' dir='ltr'><strong>poterit,</strong></span> <span class='ocrx_word' id='word_1_190' title='bbox 662 2342 720 2422; x_wconf 91' lang='lat' dir='ltr'><strong>qui</strong></span> <span class='ocrx_word' id='word_1_191' title='bbox 741 2361 830 2418; x_wconf 86' lang='lat' dir='ltr'><strong>eam,</strong></span> <span class='ocrx_word' id='word_1_192' title='bbox 860 2358 941 2423; x_wconf 86' lang='lat' dir='ltr'><strong>qnae</strong></span> <span class='ocrx_word' id='word_1_193' title='bbox 973 2350 1141 2423; x_wconf 69' lang='lat' dir='ltr'><strong>regnatura</strong></span> 
     </span>
     <span class='ocr_line' id='line_1_23' title="bbox 62 2421 1142 2564; baseline -0.001 -81"><span class='ocrx_word' id='word_1_194' title='bbox 62 2436 131 2497; x_wconf 87' lang='lat' dir='ltr'><strong>est,</strong></span> <span class='ocrx_word' id='word_1_195' title='bbox 154 2421 353 2501; x_wconf 85' lang='lat' dir='ltr'><strong>derelinquit.</strong></span> <span class='ocrx_word' id='word_1_196' title='bbox 395 2421 473 2480; x_wconf 93' lang='lat' dir='ltr'><strong>Cum</strong></span> <span class='ocrx_word' id='word_1_197' title='bbox 488 2423 557 2507; x_wconf 69' lang='lat' dir='ltr'><strong>pso</strong></span> <span class='ocrx_word' id='word_1_198' title='bbox 580 2443 703 2483; x_wconf 89' lang='lat' dir='ltr'><strong>manere</strong></span> <span class='ocrx_word' id='word_1_199' title='bbox 720 2444 785 2483; x_wconf 95' lang='lat' dir='ltr'><strong>non</strong></span> <span class='ocrx_word' id='word_1_200' title='bbox 801 2436 954 2564; x_wconf 76' lang='lat' dir='ltr'><strong>possunt,</strong></span> <span class='ocrx_word' id='word_1_201' title='bbox 983 2425 1057 2505; x_wconf 89' lang='lat' dir='ltr'><strong>quia</strong></span> <span class='ocrx_word' id='word_1_202' title='bbox 1076 2440 1142 2484; x_wconf 87' lang='lat' dir='ltr'><strong>csse</strong></span> 
     </span>
     <span class='ocr_line' id='line_1_24' title="bbox 62 2502 1141 2583; baseline -0.002 -16"><span class='ocrx_word' id='word_1_203' title='bbox 62 2506 98 2567; x_wconf 89' lang='lat' dir='ltr'><strong>in</strong></span> <span class='ocrx_word' id='word_1_204' title='bbox 119 2503 260 2565; x_wconf 87' lang='lat' dir='ltr'><strong>Ecclesia</strong></span> <span class='ocrx_word' id='word_1_205' title='bbox 279 2503 339 2562; x_wconf 92' lang='lat' dir='ltr'><strong>Dei</strong></span> <span class='ocrx_word' id='word_1_206' title='bbox 357 2503 514 2563; x_wconf 89' lang='lat' dir='ltr'><strong>unanimes</strong></span> <span class='ocrx_word' id='word_1_207' title='bbox 530 2502 713 2565; x_wconf 76' lang='lat' dir='ltr'><strong>noluerunt</strong></span> <span class='ocrx_word' id='word_1_208' title='bbox 752 2504 801 2567; x_wconf 77' lang='lat' dir='ltr'><strong>Ar</strong></span> <span class='ocrx_word' id='word_1_209' title='bbox 824 2517 895 2567; x_wconf 83' lang='lat' dir='ltr'><strong>eant</strong></span> <span class='ocrx_word' id='word_1_210' title='bbox 912 2505 987 2565; x_wconf 89' lang='lat' dir='ltr'><strong>licet</strong></span> <span class='ocrx_word' id='word_1_211' title='bbox 1002 2504 1141 2583; x_wconf 82' lang='lat' dir='ltr'><strong>flammis,</strong></span> 
     </span>
     <span class='ocr_line' id='line_1_25' title="bbox 60 2585 1142 2672; baseline -0.004 -21"><span class='ocrx_word' id='word_1_212' title='bbox 60 2602 97 2651; x_wconf 90' lang='lat' dir='ltr'><strong>et</strong></span> <span class='ocrx_word' id='word_1_213' title='bbox 124 2586 250 2672; x_wconf 76' lang='lat' dir='ltr'><strong>ignibus</strong></span> <span class='ocrx_word' id='word_1_214' title='bbox 271 2586 402 2665; x_wconf 88' lang='lat' dir='ltr'><strong>traditi,</strong></span> <span class='ocrx_word' id='word_1_215' title='bbox 422 2585 472 2647; x_wconf 85' lang='lat' dir='ltr'><strong>rel</strong></span> <span class='ocrx_word' id='word_1_216' title='bbox 495 2586 614 2669; x_wconf 84' lang='lat' dir='ltr'><strong>objecti</strong></span> <span class='ocrx_word' id='word_1_217' title='bbox 636 2587 743 2649; x_wconf 89' lang='lat' dir='ltr'><strong>bestiis</strong></span> <span class='ocrx_word' id='word_1_218' title='bbox 776 2588 890 2649; x_wconf 86' lang='lat' dir='ltr'><strong>animas</strong></span> <span class='ocrx_word' id='word_1_219' title='bbox 916 2608 986 2649; x_wconf 88' lang='lat' dir='ltr'><strong>suas</strong></span> <span class='ocrx_word' id='word_1_220' title='bbox 1005 2600 1142 2672; x_wconf 80' lang='lat' dir='ltr'><strong>ponants</strong></span> 
     </span>
     <span class='ocr_line' id='line_1_26' title="bbox 62 2662 1322 2757; baseline -0.001 -23"><span class='ocrx_word' id='word_1_221' title='bbox 62 2674 212 2735; x_wconf 85' lang='lat' dir='ltr'><strong>nouerit</strong></span> <span class='ocrx_word' id='word_1_222' title='bbox 241 2670 294 2734; x_wconf 91' lang='lat' dir='ltr'><strong>illa</strong></span> <span class='ocrx_word' id='word_1_223' title='bbox 319 2669 394 2733; x_wconf 88' lang='lat' dir='ltr'><strong>fidei</strong></span> <span class='ocrx_word' id='word_1_224' title='bbox 424 2692 560 2751; x_wconf 92' lang='lat' dir='ltr'><strong>corona,</strong></span> <span class='ocrx_word' id='word_1_225' title='bbox 596 2671 650 2734; x_wconf 88' lang='lat' dir='ltr'><strong>sed</strong></span> <span class='ocrx_word' id='word_1_226' title='bbox 671 2691 774 2757; x_wconf 89' lang='lat' dir='ltr'><strong>poena</strong></span> <span class='ocrx_word' id='word_1_227' title='bbox 796 2670 1045 2757; x_wconf 61' lang='lat' dir='ltr'><strong>perfidiam-neo</strong></span> <span class='ocrx_word' id='word_1_228' title='bbox 1067 2662 1322 2757; x_wconf 45' lang='lat' dir='ltr'><strong>reli-fflffffl</strong></span> 
     </span>
     <span class='ocr_line' id='line_1_27' title="bbox 63 2754 1144 2905; baseline 0 -86"><span class='ocrx_word' id='word_1_229' title='bbox 63 2757 311 2905; x_wconf 50' lang='lat' dir='ltr'><strong>8⁰⁸3J·Vi&#39;1¹·¹¹fi⁸</strong></span> <span class='ocrx_word' id='word_1_230' title='bbox 339 2759 437 2818; x_wconf 83' lang='lat' dir='ltr'><strong>caitus</strong></span> <span class='ocrx_word' id='word_1_231' title='bbox 455 2754 630 2841; x_wconf 77' lang='lat' dir='ltr'><strong>glosiosus,</strong></span> <span class='ocrx_word' id='word_1_232' title='bbox 662 2756 715 2818; x_wconf 88' lang='lat' dir='ltr'><strong>sed</strong></span> <span class='ocrx_word' id='word_1_233' title='bbox 739 2755 966 2904; x_wconf 66' lang='lat' dir='ltr'><strong>despeqationis</strong></span> <span class='ocrx_word' id='word_1_234' title='bbox 985 2756 1144 2899; x_wconf 58' lang='lat' dir='ltr'><strong>iuqeritns,</strong></span> 
     </span>
    </p>

    <p class='ocr_par' dir='ltr' id='par_1_3' title="bbox 57 2846 1321 3837">
     <span class='ocr_line' id='line_1_28' title="bbox 95 2846 1145 2914; baseline -0.001 -13"><span class='ocrx_word' id='word_1_235' title='bbox 95 2863 141 2901; x_wconf 87' lang='lat' dir='ltr'><strong>ces</strong></span> <span class='ocrx_word' id='word_1_236' title='bbox 165 2864 176 2901; x_wconf 87' lang='lat' dir='ltr'><strong>s</strong></span> <span class='ocrx_word' id='word_1_237' title='bbox 199 2854 230 2903; x_wconf 88' lang='lat' dir='ltr'><strong>ta</strong></span> <span class='ocrx_word' id='word_1_238' title='bbox 244 2862 269 2903; x_wconf 85' lang='lat' dir='ltr'><strong>ss</strong></span> <span class='ocrx_word' id='word_1_239' title='bbox 334 2853 406 2914; x_wconf 85' lang='lat' dir='ltr'><strong>test,</strong></span> <span class='ocrx_word' id='word_1_240' title='bbox 427 2846 575 2903; x_wconf 90' lang='lat' dir='ltr'><strong>coronari</strong></span> <span class='ocrx_word' id='word_1_241' title='bbox 595 2863 660 2903; x_wconf 93' lang='lat' dir='ltr'><strong>non</strong></span> <span class='ocrx_word' id='word_1_242' title='bbox 699 2853 790 2903; x_wconf 84' lang='lat' dir='ltr'><strong>otest.</strong></span> <span class='ocrx_word' id='word_1_243' title='bbox 863 2860 966 2904; x_wconf 89' lang='lat' dir='ltr'><strong>nesse</strong></span> <span class='ocrx_word' id='word_1_244' title='bbox 995 2860 1021 2901; x_wconf 89' lang='lat' dir='ltr'><strong>ss</strong></span> <span class='ocrx_word' id='word_1_245' title='bbox 1045 2860 1145 2900; x_wconf 86' lang='lat' dir='ltr'><strong>scum</strong></span> 
     </span>
     <span class='ocr_line' id='line_1_29' title="bbox 64 2862 1144 3009; baseline -0.002 -22"><span class='ocrx_word' id='word_1_246' title='bbox 64 2926 191 2989; x_wconf 85' lang='lat' dir='ltr'><strong>Christo</strong></span> <span class='ocrx_word' id='word_1_247' title='bbox 210 2862 349 3003; x_wconf 63' lang='lat' dir='ltr'><strong>ridethh,</strong></span> <span class='ocrx_word' id='word_1_248' title='bbox 372 2929 427 3008; x_wconf 91' lang='lat' dir='ltr'><strong>qui</strong></span> <span class='ocrx_word' id='word_1_249' title='bbox 462 2926 607 2989; x_wconf 82' lang='lat' dir='ltr'><strong>adversus</strong></span> <span class='ocrx_word' id='word_1_250' title='bbox 627 2862 805 2990; x_wconf 50' lang='lat' dir='ltr'><strong>sacerdotes</strong></span> <span class='ocrx_word' id='word_1_251' title='bbox 826 2928 945 2991; x_wconf 88' lang='lat' dir='ltr'><strong>Christi</strong></span> <span class='ocrx_word' id='word_1_252' title='bbox 970 2924 1067 2988; x_wconf 78' lang='lat' dir='ltr'><strong>faciti</strong></span> <span class='ocrx_word' id='word_1_253' title='bbox 1087 2926 1144 3009; x_wconf 89' lang='lat' dir='ltr'><strong>qui</strong></span> 
     </span>
     <span class='ocr_line' id='line_1_30' title="bbox 64 3009 1145 3095; baseline -0.001 -26"><span class='ocrx_word' id='word_1_254' title='bbox 64 3030 97 3069; x_wconf 90' lang='lat' dir='ltr'><strong>se</strong></span> <span class='ocrx_word' id='word_1_255' title='bbox 120 3010 229 3071; x_wconf 90' lang='lat' dir='ltr'><strong>aeleri</strong></span> <span class='ocrx_word' id='word_1_256' title='bbox 246 3010 314 3095; x_wconf 88' lang='lat' dir='ltr'><strong>ejus</strong></span> <span class='ocrx_word' id='word_1_257' title='bbox 338 3022 370 3073; x_wconf 92' lang='lat' dir='ltr'><strong>et</strong></span> <span class='ocrx_word' id='word_1_258' title='bbox 388 3009 489 3095; x_wconf 90' lang='lat' dir='ltr'><strong>plebis</strong></span> <span class='ocrx_word' id='word_1_259' title='bbox 516 3013 661 3075; x_wconf 88' lang='lat' dir='ltr'><strong>societate</strong></span> <span class='ocrx_word' id='word_1_260' title='bbox 689 3013 843 3074; x_wconf 78' lang='lat' dir='ltr'><strong>secernit?</strong></span> <span class='ocrx_word' id='word_1_261' title='bbox 885 3012 981 3073; x_wconf 82' lang='lat' dir='ltr'><strong>Arma</strong></span> <span class='ocrx_word' id='word_1_262' title='bbox 997 3009 1050 3071; x_wconf 91' lang='lat' dir='ltr'><strong>ille</strong></span> <span class='ocrx_word' id='word_1_263' title='bbox 1065 3030 1145 3071; x_wconf 76' lang='lat' dir='ltr'><strong>con·</strong></span> 
     </span>
     <span class='ocr_line' id='line_1_31' title="bbox 62 3094 1141 3179; baseline 0 -24"><span class='ocrx_word' id='word_1_264' title='bbox 62 3107 113 3155; x_wconf 86' lang='lat' dir='ltr'><strong>tra</strong></span> <span class='ocrx_word' id='word_1_265' title='bbox 137 3094 306 3156; x_wconf 87' lang='lat' dir='ltr'><strong>Ecclesiam</strong></span> <span class='ocrx_word' id='word_1_266' title='bbox 336 3108 461 3178; x_wconf 83' lang='lat' dir='ltr'><strong>portat,</strong></span> <span class='ocrx_word' id='word_1_267' title='bbox 495 3110 604 3159; x_wconf 89' lang='lat' dir='ltr'><strong>contra</strong></span> <span class='ocrx_word' id='word_1_268' title='bbox 624 3098 684 3159; x_wconf 89' lang='lat' dir='ltr'><strong>Dei</strong></span> <span class='ocrx_word' id='word_1_269' title='bbox 717 3097 955 3179; x_wconf 89' lang='lat' dir='ltr'><strong>dispositionem</strong></span> <span class='ocrx_word' id='word_1_270' title='bbox 978 3106 1141 3179; x_wconf 74' lang='lat' dir='ltr'><strong>repugnat.</strong></span> 
     </span>
     <span class='ocr_line' id='line_1_32' title="bbox 62 3178 1142 3262; baseline 0.002 -25"><span class='ocrx_word' id='word_1_271' title='bbox 62 3178 98 3238; x_wconf 87' lang='lat' dir='ltr'><strong>Si</strong></span> <span class='ocrx_word' id='word_1_272' title='bbox 124 3190 213 3241; x_wconf 83' lang='lat' dir='ltr'><strong>extra</strong></span> <span class='ocrx_word' id='word_1_273' title='bbox 233 3180 405 3241; x_wconf 85' lang='lat' dir='ltr'><strong>Ecclesiam</strong></span> <span class='ocrx_word' id='word_1_274' title='bbox 429 3181 527 3242; x_wconf 88' lang='lat' dir='ltr'><strong>luerit</strong></span> <span class='ocrx_word' id='word_1_275' title='bbox 541 3184 678 3262; x_wconf 89' lang='lat' dir='ltr'><strong>occisus,</strong></span> <span class='ocrx_word' id='word_1_276' title='bbox 709 3182 749 3243; x_wconf 88' lang='lat' dir='ltr'><strong>ad</strong></span> <span class='ocrx_word' id='word_1_277' title='bbox 767 3182 926 3244; x_wconf 86' lang='lat' dir='ltr'><strong>Ecclesiae</strong></span> <span class='ocrx_word' id='word_1_278' title='bbox 949 3199 1015 3241; x_wconf 90' lang='lat' dir='ltr'><strong>uon</strong></span> <span class='ocrx_word' id='word_1_279' title='bbox 1037 3190 1142 3262; x_wconf 88' lang='lat' dir='ltr'><strong>potest</strong></span> 
     </span>
     <span class='ocr_line' id='line_1_33' title="bbox 61 3258 1141 3414; baseline 0.002 -8"><span class='ocrx_word' id='word_1_280' title='bbox 61 3258 1141 3414; x_wconf 53' lang='lat' dir='ltr'><strong>saturarentrrrs⁸1’1,ttt¹¹:ttnrzt’u</strong></span> 
     </span>
     <span class='ocr_line' id='line_1_34' title="bbox 59 3368 1254 3539; baseline -0.002 -46"><span class='ocrx_word' id='word_1_281' title='bbox 59 3431 106 3493; x_wconf 92' lang='lat' dir='ltr'><strong>ris</strong></span> <span class='ocrx_word' id='word_1_282' title='bbox 129 3432 276 3493; x_wconf 86' lang='lat' dir='ltr'><strong>unitatem</strong></span> <span class='ocrx_word' id='word_1_283' title='bbox 298 3373 487 3498; x_wconf 54' lang='lat' dir='ltr'><strong>cbnc’ordiae</strong></span> <span class='ocrx_word' id='word_1_284' title='bbox 501 3372 796 3520; x_wconf 76' lang='lat' dir='ltr'><strong>glutino&#39;copuhn.</strong></span> <span class='ocrx_word' id='word_1_285' title='bbox 838 3435 1061 3498; x_wconf 88' lang='lat' dir='ltr'><strong>Scindinnitss</strong></span> <span class='ocrx_word' id='word_1_286' title='bbox 1071 3368 1136 3493; x_wconf 51' lang='lat' dir='ltr'><strong>alon</strong></span> <span class='ocrx_word' id='word_1_287' title='bbox 1207 3486 1254 3539; x_wconf 51' lang='lat' dir='ltr'><strong><em>m</em></strong></span> 
     </span>
     <span class='ocr_line' id='line_1_35' title="bbox 57 3499 1321 3606; baseline 0.001 -30"><span class='ocrx_word' id='word_1_288' title='bbox 57 3528 184 3600; x_wconf 86' lang='lat' dir='ltr'><strong>potest,</strong></span> <span class='ocrx_word' id='word_1_289' title='bbox 206 3537 263 3579; x_wconf 88' lang='lat' dir='ltr'><strong>nec</strong></span> <span class='ocrx_word' id='word_1_290' title='bbox 284 3540 400 3604; x_wconf 90' lang='lat' dir='ltr'><strong>corpus</strong></span> <span class='ocrx_word' id='word_1_291' title='bbox 422 3542 519 3581; x_wconf 91' lang='lat' dir='ltr'><strong>unum</strong></span> <span class='ocrx_word' id='word_1_292' title='bbox 541 3518 674 3582; x_wconf 89' lang='lat' dir='ltr'><strong>discidio</strong></span> <span class='ocrx_word' id='word_1_293' title='bbox 699 3522 887 3606; x_wconf 74' lang='lat' dir='ltr'><strong>compaginis</strong></span> <span class='ocrx_word' id='word_1_294' title='bbox 904 3519 1062 3603; x_wconf 85' lang='lat' dir='ltr'><strong>separari,</strong></span> <span class='ocrx_word' id='word_1_295' title='bbox 1086 3499 1321 3602; x_wconf 51' lang='lat' dir='ltr'><strong>di-ffiffiriss</strong></span> 
     </span>
     <span class='ocr_line' id='line_1_36' title="bbox 58 3592 1270 3690; baseline 0.002 -30"><span class='ocrx_word' id='word_1_296' title='bbox 58 3600 155 3661; x_wconf 76' lang='lat' dir='ltr'><strong>vulsis</strong></span> <span class='ocrx_word' id='word_1_297' title='bbox 176 3599 362 3665; x_wconf 84' lang='lat' dir='ltr'><strong>laceratione</strong></span> <span class='ocrx_word' id='word_1_298' title='bbox 379 3603 549 3667; x_wconf 82' lang='lat' dir='ltr'><strong>visceribus</strong></span> <span class='ocrx_word' id='word_1_299' title='bbox 564 3608 596 3667; x_wconf 91' lang='lat' dir='ltr'><strong>in</strong></span> <span class='ocrx_word' id='word_1_300' title='bbox 611 3606 711 3666; x_wconf 81' lang='lat' dir='ltr'><strong>frusta</strong></span> <span class='ocrx_word' id='word_1_301' title='bbox 731 3604 876 3690; x_wconf 88' lang='lat' dir='ltr'><strong>discerpi.</strong></span> <span class='ocrx_word' id='word_1_302' title='bbox 919 3592 1089 3686; x_wconf 82' lang='lat' dir='ltr'><strong>Quidquid</strong></span> <span class='ocrx_word' id='word_1_303' title='bbox 1117 3596 1270 3663; x_wconf 68' lang='lat' dir='ltr'><strong>a”¹“¹¹¹³⁸·</strong></span> 
     </span>
     <span class='ocr_line' id='line_1_37' title="bbox 59 3687 1135 3774; baseline 0.001 -29"><span class='ocrx_word' id='word_1_304' title='bbox 59 3688 188 3748; x_wconf 87' lang='lat' dir='ltr'><strong>matrice</strong></span> <span class='ocrx_word' id='word_1_305' title='bbox 213 3687 404 3768; x_wconf 86' lang='lat' dir='ltr'><strong>discesserit,</strong></span> <span class='ocrx_word' id='word_1_306' title='bbox 439 3712 579 3753; x_wconf 88' lang='lat' dir='ltr'><strong>seorsum</strong></span> <span class='ocrx_word' id='word_1_307' title='bbox 594 3692 697 3751; x_wconf 80' lang='lat' dir='ltr'><strong>virere</strong></span> <span class='ocrx_word' id='word_1_308' title='bbox 723 3701 756 3752; x_wconf 89' lang='lat' dir='ltr'><strong>et</strong></span> <span class='ocrx_word' id='word_1_309' title='bbox 775 3693 895 3774; x_wconf 87' lang='lat' dir='ltr'><strong>spirare</strong></span> <span class='ocrx_word' id='word_1_310' title='bbox 914 3710 979 3752; x_wconf 91' lang='lat' dir='ltr'><strong>non</strong></span> <span class='ocrx_word' id='word_1_311' title='bbox 1007 3690 1135 3773; x_wconf 79' lang='lat' dir='ltr'><strong>poterit,</strong></span> 
     </span>
     <span class='ocr_line' id='line_1_38' title="bbox 58 3768 541 3837; baseline 0.014 -7"><span class='ocrx_word' id='word_1_312' title='bbox 58 3768 264 3832; x_wconf 89' lang='lat' dir='ltr'><strong>substantiam</strong></span> <span class='ocrx_word' id='word_1_313' title='bbox 289 3772 394 3835; x_wconf 88' lang='lat' dir='ltr'><strong>salutis</strong></span> <span class='ocrx_word' id='word_1_314' title='bbox 419 3777 541 3837; x_wconf 70' lang='lat' dir='ltr'><strong>amittit.</strong></span> 
     </span>
    </p>
   </div>
   <div class='ocr_carea' id='block_1_3' title="bbox 144 3855 1320 3958">
    <p class='ocr_par' dir='ltr' id='par_1_4' title="bbox 144 3855 1320 3958">
     <span class='ocr_line' id='line_1_39' title="bbox 144 3855 1320 3958; baseline 0.003 -43"><span class='ocrx_word' id='word_1_315' title='bbox 144 3868 196 3924; x_wconf 76' lang='lat'><strong>2⁰·</strong></span> <span class='ocrx_word' id='word_1_316' title='bbox 240 3855 499 3920; x_wconf 83' lang='lat' dir='ltr'><strong>AUGUSTINUS</strong></span> <span class='ocrx_word' id='word_1_317' title='bbox 520 3860 555 3921; x_wconf 89' lang='lat' dir='ltr'><strong>L.</strong></span> <span class='ocrx_word' id='word_1_318' title='bbox 578 3874 608 3930; x_wconf 80' lang='lat' dir='ltr'><strong>a.</strong></span> <span class='ocrx_word' id='word_1_319' title='bbox 631 3860 662 3921; x_wconf 92' lang='lat' dir='ltr'><strong>d.</strong></span> <span class='ocrx_word' id='word_1_320' title='bbox 685 3858 790 3938; x_wconf 80' lang='lat' dir='ltr'><strong>symb.</strong></span> <span class='ocrx_word' id='word_1_321' title='bbox 813 3856 1134 3925; x_wconf 68' lang='lat' dir='ltr'><strong>saciacensem</strong></span> <span class='ocrx_word' id='word_1_322' title='bbox 1158 3868 1228 3958; x_wconf 60' lang='lat' dir='ltr'><strong>aqu</strong></span> <span class='ocrx_word' id='word_1_323' title='bbox 1238 3864 1320 3957; x_wconf 54' lang='grc' dir='ltr'><strong>Ἢ·</strong></span> 
     </span>
    </p>
   </div>
   <div class='ocr_carea' id='block_1_4' title="bbox 52 3928 1260 4361">
    <p class='ocr_par' dir='ltr' id='par_1_5' title="bbox 52 3928 1260 4361">
     <span class='ocr_line' id='line_1_40' title="bbox 61 3928 1260 4030; baseline 0.001 -31"><span class='ocrx_word' id='word_1_324' title='bbox 61 3936 160 4021; x_wconf 83' lang='lat' dir='ltr'><strong>Eujus</strong></span> <span class='ocrx_word' id='word_1_325' title='bbox 177 3940 338 4003; x_wconf 89' lang='lat' dir='ltr'><strong>conclusio</strong></span> <span class='ocrx_word' id='word_1_326' title='bbox 354 3948 534 4006; x_wconf 87' lang='lat' dir='ltr'><strong>sacramenti</strong></span> <span class='ocrx_word' id='word_1_327' title='bbox 556 3968 614 4030; x_wconf 88' lang='lat' dir='ltr'><strong>per</strong></span> <span class='ocrx_word' id='word_1_328' title='bbox 636 3960 773 4009; x_wconf 88' lang='lat' dir='ltr'><strong>sanctam</strong></span> <span class='ocrx_word' id='word_1_329' title='bbox 801 3942 970 4007; x_wconf 89' lang='lat' dir='ltr'><strong>Ecclesiam</strong></span> <span class='ocrx_word' id='word_1_330' title='bbox 986 3942 1135 4005; x_wconf 87' lang='lat' dir='ltr'><strong>termina·</strong></span> <span class='ocrx_word' id='word_1_331' title='bbox 1145 3928 1201 4009; x_wconf 68' lang='lat' dir='ltr'><strong>hit</strong></span> <span class='ocrx_word' id='word_1_332' title='bbox 1214 3928 1260 3959; x_wconf 74' lang='lat'><strong>‘⁰¹</strong></span> 
     </span>
     <span class='ocr_line' id='line_1_41' title="bbox 61 4026 1134 4113; baseline 0.005 -31"><span class='ocrx_word' id='word_1_333' title='bbox 61 4034 136 4102; x_wconf 89' lang='lat' dir='ltr'><strong>tur,</strong></span> <span class='ocrx_word' id='word_1_334' title='bbox 170 4029 319 4108; x_wconf 90' lang='lat' dir='ltr'><strong>quoniam</strong></span> <span class='ocrx_word' id='word_1_335' title='bbox 353 4031 378 4089; x_wconf 88' lang='lat' dir='ltr'><strong>si</strong></span> <span class='ocrx_word' id='word_1_336' title='bbox 409 4030 479 4111; x_wconf 87' lang='lat' dir='ltr'><strong>quis</strong></span> <span class='ocrx_word' id='word_1_337' title='bbox 508 4030 625 4113; x_wconf 86' lang='lat' dir='ltr'><strong>absque</strong></span> <span class='ocrx_word' id='word_1_338' title='bbox 646 4053 680 4092; x_wconf 87' lang='lat' dir='ltr'><strong>ea</strong></span> <span class='ocrx_word' id='word_1_339' title='bbox 709 4032 851 4093; x_wconf 81' lang='lat' dir='ltr'><strong>inventus</strong></span> <span class='ocrx_word' id='word_1_340' title='bbox 877 4028 994 4105; x_wconf 83' lang='lat' dir='ltr'><strong>fucrit,</strong></span> <span class='ocrx_word' id='word_1_341' title='bbox 1016 4026 1134 4088; x_wconf 88' lang='lat' dir='ltr'><strong>alienus</strong></span> 
     </span>
     <span class='ocr_line' id='line_1_42' title="bbox 57 4109 1131 4199; baseline 0.003 -33"><span class='ocrx_word' id='word_1_342' title='bbox 57 4109 120 4170; x_wconf 88' lang='lat' dir='ltr'><strong>erit</strong></span> <span class='ocrx_word' id='word_1_343' title='bbox 149 4130 168 4173; x_wconf 89' lang='lat' dir='ltr'><strong>a</strong></span> <span class='ocrx_word' id='word_1_344' title='bbox 194 4131 325 4174; x_wconf 91' lang='lat' dir='ltr'><strong>numero</strong></span> <span class='ocrx_word' id='word_1_345' title='bbox 346 4111 495 4175; x_wconf 88' lang='lat' dir='ltr'><strong>filiorum.</strong></span> <span class='ocrx_word' id='word_1_346' title='bbox 548 4116 611 4177; x_wconf 90' lang='lat' dir='ltr'><strong>Nee</strong></span> <span class='ocrx_word' id='word_1_347' title='bbox 640 4115 770 4177; x_wconf 88' lang='lat' dir='ltr'><strong>habebit</strong></span> <span class='ocrx_word' id='word_1_348' title='bbox 789 4116 891 4178; x_wconf 89' lang='lat' dir='ltr'><strong>Deum</strong></span> <span class='ocrx_word' id='word_1_349' title='bbox 910 4126 1052 4199; x_wconf 90' lang='lat' dir='ltr'><strong>patrem,</strong></span> <span class='ocrx_word' id='word_1_350' title='bbox 1077 4110 1131 4193; x_wconf 86' lang='lat' dir='ltr'><strong>qui</strong></span> 
     </span>
     <span class='ocr_line' id='line_1_43' title="bbox 55 4179 1222 4285; baseline 0.003 -32"><span class='ocrx_word' id='word_1_351' title='bbox 55 4191 231 4255; x_wconf 88' lang='lat' dir='ltr'><strong>Ecclesiam</strong></span> <span class='ocrx_word' id='word_1_352' title='bbox 258 4196 398 4259; x_wconf 89' lang='lat' dir='ltr'><strong>noluerit</strong></span> <span class='ocrx_word' id='word_1_353' title='bbox 427 4195 545 4261; x_wconf 89' lang='lat' dir='ltr'><strong>habere</strong></span> <span class='ocrx_word' id='word_1_354' title='bbox 573 4214 710 4263; x_wconf 88' lang='lat' dir='ltr'><strong>matrem.</strong></span> <span class='ocrx_word' id='word_1_355' title='bbox 760 4198 911 4285; x_wconf 82' lang='lat' dir='ltr'><strong>Nihilque</strong></span> <span class='ocrx_word' id='word_1_356' title='bbox 947 4198 976 4259; x_wconf 92' lang='lat' dir='ltr'><strong>ei</strong></span> <span class='ocrx_word' id='word_1_357' title='bbox 1006 4194 1132 4272; x_wconf 80' lang='lat' dir='ltr'><strong>valebit,</strong></span> <span class='ocrx_word' id='word_1_358' title='bbox 1144 4179 1222 4267; x_wconf 50' lang='lat' dir='ltr'><em>ff</em></span> 
     </span>
     <span class='ocr_line' id='line_1_44' title="bbox 52 4278 1131 4361; baseline -0.001 -21"><span class='ocrx_word' id='word_1_359' title='bbox 52 4278 146 4361; x_wconf 88' lang='lat' dir='ltr'><strong>quod</strong></span> <span class='ocrx_word' id='word_1_360' title='bbox 177 4279 313 4343; x_wconf 87' lang='lat' dir='ltr'><strong>credldit</strong></span> <span class='ocrx_word' id='word_1_361' title='bbox 343 4282 392 4344; x_wconf 84' lang='lat' dir='ltr'><strong>rel</strong></span> <span class='ocrx_word' id='word_1_362' title='bbox 420 4282 498 4345; x_wconf 84' lang='lat' dir='ltr'><strong>lecit</strong></span> <span class='ocrx_word' id='word_1_363' title='bbox 516 4294 602 4346; x_wconf 83' lang='lat' dir='ltr'><strong>tanta</strong></span> <span class='ocrx_word' id='word_1_364' title='bbox 626 4284 711 4349; x_wconf 87' lang='lat' dir='ltr'><strong>bona</strong></span> <span class='ocrx_word' id='word_1_365' title='bbox 732 4286 799 4349; x_wconf 91' lang='lat' dir='ltr'><strong>aine</strong></span> <span class='ocrx_word' id='word_1_366' title='bbox 832 4284 895 4348; x_wconf 84' lang='lat' dir='ltr'><strong>fine</strong></span> <span class='ocrx_word' id='word_1_367' title='bbox 918 4283 1026 4345; x_wconf 88' lang='lat' dir='ltr'><strong>summi</strong></span> <span class='ocrx_word' id='word_1_368' title='bbox 1043 4279 1131 4343; x_wconf 90' lang='lat' dir='ltr'><strong>boni.</strong></span> 
     </span>
    </p>
   </div>
   <div class='ocr_carea' id='block_1_5' title="bbox 1144 4172 1318 4217">
    <p class='ocr_par' dir='ltr' id='par_1_6' title="bbox 1144 4172 1318 4217">
     <span class='ocr_line' id='line_1_45' title="bbox 1144 4172 1318 4217; baseline 0 0"><span class='ocrx_word' id='word_1_369' title='bbox 1144 4172 1318 4217; x_wconf 72' lang='grc' dir='ltr'><strong>ΙΙωΙο·</strong></span> 
     </span>
    </p>
   </div>
   <div class='ocr_carea' id='block_1_6' title="bbox 0 0 1388 4762">
    <p class='ocr_par' dir='ltr' id='par_1_7' title="bbox 0 0 1388 4762">
     <span class='ocr_line' id='line_1_46' title="bbox 0 0 1388 4762; baseline 0 1"><span class='ocrx_word' id='word_1_370' title='bbox 0 0 1388 4762; x_wconf 95' lang='lat' dir='ltr'><strong> </strong></span> 
     </span>
    </p>
   </div>
  </div>
 </body>
</html>
