2768 4762
225 370 341 428 xxxvi
475 365 655 427 cucuma
672 366 841 436 rnrnun.
868 366 1027 457 quonum

225 555 310 617 atque
333 541 363 595 in
382 537 475 595 literia
496 539 585 594 cacric
603 555 694 612 usque
717 538 753 593 ad
776 537 952 611 decrepitam
976 538 1049 593 vixit
1068 549 1201 602 aetatem.
1224 542 1295 598 'llic

225 656 325 694 omues
344 635 393 691 vel
415 652 489 707 pene
513 650 631 701 umnec,
661 634 792 708 quiante
811 635 894 689 illum
911 653 944 689 ex
961 645 1085 709 utraque
1103 648 1188 709 parte
1209 640 1296 695 urbia

226 736 262 791 de
277 733 409 788 doctrine
425 731 623 785 Ecclesiastica
635 730 824 803 scripserant,
845 729 920 803 legit
951 725 1000 783 Et·
1011 731 1042 784 L.
1054 738 1080 787 2.
1094 743 1171 787 cont.
1186 734 1290 788 eund:

224 834 268 885 Dc
294 830 345 883 illo
365 837 462 882 sancto
481 827 654 899 Presbytero
677 819 874 896 Hieronymo,
898 827 949 900 qui
976 828 1130 882 secundum
1158 829 1293 900 gratiam,

224 943 298 1001 quac
317 924 382 979 data
401 934 444 978 eet
463 923 506 989 ei,
534 923 575 977 sic
597 923 628 976 iu
644 920 771 976 Ecclesia
789 921 949 987 laboravit,
976 933 1009 978 ut
1028 921 1224 979 eruditionem
1249 942 1297 979 ca·

224 1019 358 1077 tholicam
373 1018 493 1072 multum
521 1019 551 1073 in
579 1018 680 1072 Latina
705 1018 818 1090 lingua,
846 1017 944 1075 multia
962 1027 991 1072 ut
1010 1018 1180 1074 uaccaaariia
1200 1018 1296 1075 literia

223 1115 374 1184 adjuvaret
391 1124 442 1176 etc,
488 1114 583 1169 IDEM
600 1113 631 1166 t.
657 1120 700 1175 18.
719 1112 755 1168 de
777 1111 833 1166 civ.
851 1111 922 1177 Dei,
942 1129 967 1165 c.
985 1116 1053 1178 Aac
1078 1113 1215 1195 Quamvis
1234 1133 1296 1170 nun

224 1209 352 1266 defuerit
373 1208 554 1281 temporibus
569 1207 679 1263 ncatria
698 1207 851 1280 precbyter
873 1207 1065 1278 llierunymua
1086 1209 1173 1262 humo
1189 1207 1296 1265 ‹lectia-

223 1306 325 1370 cimus‚
345 1315 375 1359 ct
391 1304 519 1357 omnium
537 1303 624 1358 trium
646 1303 808 1375 linguarum
825 1301 955 1375 peritur,
975 1303 1027 1377 qui
1043 1320 1104 1359 nou
1120 1320 1154 1359 cx
1168 1305 1294 1367 Graeco.

218 1401 273 1458 'aed
293 1420 327 1457 ex
344 1401 479 1455 Hebraeo
502 1399 531 1453 in
546 1400 678 1454 Latinum
698 1398 845 1471 eloquium
866 1396 979 1453 caedem
1001 1399 1159 1472 scripturae
1172 1418 1294 1457 conver·

221 1497 356 1554 teritetc.
393 1496 489 1550 ITEM
505 1495 589 1569 cpiet.
607 1504 647 1559 19.
671 1491 707 1548 ad
728 1483 916 1565 nteronyn.5
944 1512 1117 1570 quamquam
1138 1495 1295 1553 secundnm

219 1579 364 1648 honurum
382 1590 539 1655 vocabula,
559 1604 632 1664 quae
650 1589 707 1660 jam
724 1586 867 1645 Ecclesiae
887 1606 955 1644 uana
972 1587 1115 1657 obtinuit,
1136 1591 1293 1666 Episcopa-

219 1697 264 1742 tus
277 1685 461 1760 presbyterio
478 1685 571 1754 major
585 1685 637 1740 aitz
657 1696 753 1741 tumen
773 1685 803 1739 iu
818 1684 914 1740 multis
925 1685 1013 1740 rebua
1031 1685 1205 1760 Augustinus
1223 1687 1293 1743 Ilie-

219 1801 340 1855 rcnyruc
359 1782 454 1835 minor
470 1792 522 1837 eat.
563 1782 613 1835 ET
632 1779 668 1835 ad
685 1779 769 1836 eund.
789 1779 873 1852 epist.
895 1790 957 1842 15,:
978 1783 1085 1837 Tantae
1099 1782 1167 1836 mihi
1188 1783 1292 1839 inlite-

218 1878 262 1933 ria
276 1881 349 1944 cuia,
368 1893 442 1950 quac
459 1876 490 1929 in
508 1892 608 1928 manus
625 1884 738 1928 nostrae
760 1875 860 1928 venire
879 1886 1053 1948 potuerunt,
1072 1889 1213 1950 apparent
1230 1895 1291 1945 rer,

216 1984 250 2028 ut
264 1971 337 2026 nihil
356 1969 517 2026 studiurtun
535 1987 665 2037 meorum
683 1968 811 2034 mallem,
838 1969 862 2023 ai
881 1988 1011 2043 poaacm,
1030 1990 1116 2047 quam
1134 1972 1288 2029 inhaerere

216 2067 303 2124 lateri
322 2064 395 2126 tuc.'
422 2062 507 2147 Quod
527 2080 581 2138 cgu
601 2063 747 2138 quianon
768 2082 902 2138 poenum.
927 2060 1053 2141 aliquem
1069 2078 1236 2123 uuatrcrum
1257 2068 1289 2124 iu

215 2161 343 2219 Domino
365 2160 492 2239 liliorum
513 2158 702 2215 erudiendum
719 2159 757 2214 ad
775 2170 804 2215 te
824 2161 939 2216 mittere
958 2161 1064 2236 cogito.
1102 2166 1174 2220 llum
1191 2181 1287 2247 neque

215 2257 247 2313 iu
272 2274 318 2312 rue
342 2266 454 2311 tantum
476 2252 612 2311 scientiae
636 2257 845 2330 accipturarum
873 2254 1035 2313 divinarum
1060 2268 1118 2327 eet,
1148 2269 1199 2314 aut
1223 2275 1287 2316 esee

214 2353 272 2422 ictu
288 2350 416 2426 poterit,
437 2358 575 2427 quantum
594 2351 685 2409 ineaee
704 2351 760 2409 tibi
777 2349 876 2412 video.

286 2522 456 2580 SEVERUS
482 2522 622 2598 sulpitius
646 2526 677 2581 1..
698 2523 735 2582 de
760 2520 893 2580 virtutib.
919 2520 1029 2581 Orient.
1053 2524 1202 2594 monach,
1230 2525 1284 2585 111.

210 2616 248 2674 de
262 2619 315 2675 vit.
337 2619 367 2674 S.
384 2618 521 2674 martin:
541 2620 634 2694 Igitur
652 2619 756 2676 deinde
773 2619 935 2693 dignatus,
956 2620 1123 2677 Bethlehem
1143 2621 1282 2696 oppidum

207 2712 293 2785 pctii.
331 2711 487 2768 Ecclesiam
517 2714 575 2769 loci
608 2715 685 2770 illiue
714 2715 907 2786 Hieronymua
932 2717 1085 2788 presbyter
1107 2717 1201 2791 regite
1234 2718 1283 2772 vir

205 2818 331 2880 propter
353 2807 423 2865 fidei
440 2811 592 2879 meritum,
617 2811 773 2885 dotemque
790 2810 945 2876 virtutum,
971 2826 1029 2867 uon
1057 2812 1149 2868 aolum
1172 2814 1281 2869 Latinia

206 2912 293 2975 atqua
324 2904 459 2970 Graecis,
486 2905 536 2960 ced
564 2918 593 2962 et
613 2905 756 2962 Hebraeis
778 2905 863 2962 etiam
882 2906 978 2962 literla
1001 2909 1146 2964 institutua
1168 2921 1226 2977 eat,
1250 2918 1283 2964 ut

206 3013 237 3051 ae
255 2997 297 3049 illi
315 2997 344 3050 in
356 2998 434 3053 omni
455 2998 573 3056 acieutia
588 3019 673 3058 nemo
693 2998 796 3057 audeat
819 3016 999 3075 comparare.
1039 3003 1124 3078 aput
1149 3022 1282 3062 cumaea

204 3093 352 3150 menaibua
371 3094 432 3149 tui:
461 3092 515 3149 Cui
540 3095 615 3168 jugia
641 3096 779 3152 adveraua
800 3094 892 3154 rualoa
913 3116 1025 3173 pugne,
1048 3111 1280 3175 perpetuumque

204 3198 361 3244 certamen.
402 3187 549 3247 Ccuccivit
572 3190 639 3247 odia
661 3192 859 3266 perditorum,
884 3193 1010 3251 oderunt
1027 3212 1092 3251 auru
1117 3195 1277 3266 haeretici,

204 3283 272 3357 quie
293 3300 343 3338 cca
359 3281 528 3359 impugnare
544 3305 603 3341 ucu
624 3285 746 3344 decinit:
768 3287 900 3345 Oderunt
916 3308 982 3346 eum
1005 3290 1120 3358 clerici,
1145 3291 1213 3365 quia
1236 3291 1281 3347 vi·

202 3389 261 3433 tam
286 3396 387 3435 corum
406 3378 564 3437 insectatur
583 3393 613 3439 ct
629 3383 760 3443 crimina.
797 3383 857 3440 Sed
884 3385 969 3458 plana
990 3403 1055 3442 cum
1080 3386 1152 3441 boni
1177 3403 1277 3444 cmuca

202 3472 382 3529 admirantur
400 3485 429 3530 et
447 3475 579 3552 diligunt.
617 3481 688 3536 Num
712 3479 763 3554 qui
778 3497 842 3535 eum
863 3479 1040 3537 haereticum
1053 3499 1115 3537 eacc
1131 3482 1275 3539 arbitran-

201 3579 265 3632 tur,
287 3567 441 3627 incaniunt.
478 3574 556 3629 Vere
577 3572 718 3641 dixerim,
742 3572 882 3629 catholica
906 3574 1030 3629 hominis
1049 3576 1183 3642 scientia,
1208 3592 1277 3634 carta

201 3658 334 3718 doctrine
347 3675 399 3722 cat.
437 3667 527 3722 Totuu
538 3684 653 3742 temper
673 3669 703 3723 in
719 3668 859 3735 lcctionc‚
883 3678 960 3725 tctua
979 3670 1009 3724 in
1026 3670 1110 3725 libria
1128 3681 1190 3727 eet:
1209 3675 1275 3730 Nun

200 3755 264 3827 dic,
285 3777 345 3815 uon
362 3769 448 3817 nocta
467 3761 607 3837 quieuit:
624 3762 683 3822 Ant
694 3764 765 3840 legit
780 3762 891 3841 aliquid
906 3781 1041 3838 temper,
1057 3777 1107 3823 aut
1124 3768 1236 3826 acribit.
