2768 4762
401 376 805 441 ,nucetoou
879 436 882 441 ,
1067 381 1147 451 2¹79

64 566 223 653 regrinata
248 574 294 626 est
314 584 332 626 a
353 565 503 630 Domino.
525 562 589 624 -Et
607 576 717 646 postea
736 562 912 624 describens
930 560 1071 643 ejusdem
1094 576 1152 645 pe

65 653 308 732 regrinationem
335 671 393 734 per
422 662 538 712 terram
557 665 703 712 sanctam.
747 650 823 710 Inde
839 649 1018 724 divertens,
1034 649 1149 729 iuquit,

67 738 148 799 vidit
173 735 340 797 duodecim
369 733 625 797 Patriaroharum
658 733 801 818 sepulcra
831 746 862 797 et
896 733 1071 809 sebastem,
1113 733 1148 792 id

69 835 136 900 est,
157 822 342 896 Samariam,
372 841 451 900 quae
472 822 505 880 in
527 819 680 880 honorem
702 819 836 901 Augusti
857 817 896 879 ab
920 819 1047 879 Herode
1067 838 1148 900 grar-

68 929 108 969 co
134 928 276 968 sermone
308 905 447 985 Augusta
481 918 527 966 est
550 907 715 966 nominata.
768 904 818 964 Ibr
847 906 897 964 siti
919 916 993 964 suot
1012 896 1328 990 Ellseussessl'ffl'ffi'

66 1004 99 1053 et
117 992 235 1054 Abdias
257 989 455 1072 Prophetae,
486 1002 534 1065 et,
557 1010 622 1070 quo
644 992 747 1071 major
768 991 850 1048 inter
869 1001 959 1049 natos
980 987 1143 1055 mulierum
1154 1013 1204 1039 run
1223 999 1236 1038 d
1238 1011 1314 1037 aaaaa

1154 1062 1196 1090 nea
1207 1056 1316 1102 torqueu-
1371 1088 1374 1093 ,

63 1079 234 1150 nou-suit,
267 1077 401 1135 Joanoes
424 1074 570 1156 Baptista.
615 1075 677 1134 Ubi
698 1072 801 1133 multis
822 1075 981 1132 intremuit
1002 1085 1200 1140 constes-2...

63 1174 137 1223 nata
164 1159 378 1220 mirabilibus:
412 1158 552 1238 Namque
569 1159 715 1219 cernebat
743 1158 837 1216 variis
856 1156 1018 1216 daemones
1039 1159 1144 1238 rugire

63 1245 279 1319 cruciatibus,
315 1256 346 1303 et
369 1255 439 1317 aute
468 1241 611 1325 sepulcra
641 1245 826 1302 Sanctorum
862 1239 985 1299 ululare
1004 1241 1143 1301 homines
1206 1264 1209 1269 ·
1236 1316 1239 1321 j

63 1350 154 1390 more
187 1328 352 1411 luporum,
383 1326 514 1387 vocibus
549 1328 662 1387 latrare
694 1346 821 1402 canum,
856 1324 988 1387 fremere
1008 1323 1143 1400 leonum,
1154 1340 1252 1397 Invoegr
1265 1336 1324 1376 ras.

63 1413 192 1475 sibilare
226 1427 425 1495 serpentum,
460 1414 577 1494 mugire
595 1426 782 1479 taurorum,
814 1408 893 1470 alios
919 1421 1023 1468 rotare
1040 1389 1324 1489 capnt‚l‡.¹.'1².,¹¹¹“⁰¹'l'

63 1511 96 1559 et
127 1510 202 1580 post
238 1510 370 1578 tergum
394 1508 509 1555 terram
540 1509 656 1556 vertice
687 1509 812 1577 tangere
833 1506 908 1554 etc:
942 1492 1145 1554 miserebatur
1156 1487 1201 1575 eff,
1198 1496 1325 1576 illll'ila.

64 1585 224 1657 omnium,
247 1595 278 1640 et
298 1602 355 1662 per
375 1579 514 1661 singulos
539 1580 644 1641 effusis
669 1579 802 1639 lacrimis
827 1577 991 1638 CHRISTI
1013 1576 1304 1672 clemen-¹³3,tiur··
1357 1602 1360 1609 ·

62 1669 138 1727 tiam
169 1665 404 1746 deprecabatur.
448 1663 491 1725 Et
511 1668 542 1725 in
565 1663 648 1726 fine:
670 1663 747 1725 Vale
770 1686 789 1724 u
809 1663 926 1738 Paula,
964 1673 998 1722 et
1017 1662 1147 1723 cultoris
1157 1640 1179 1674 ι’
1209 1646 1236 1673 ²'
1285 1654 1289 1667 '

65 1753 115 1808 tui
148 1747 286 1808 ultimam
322 1762 509 1812 senectutem
532 1747 728 1811 orationibus
752 1751 837 1831 juva.
880 1747 974 1808 Fides
998 1759 1029 1807 et
1050 1767 1152 1828 opera·

65 1846 121 1891 tua
144 1833 319 1896 CHRISTO
341 1846 373 1895 te
405 1837 544 1897 sociant:
577 1853 724 1918 praesens
760 1832 901 1911 facilius,
925 1831 1014 1915 quod
1034 1844 1148 1914 postu-

62 1913 125 1994 las,
147 1918 334 1999 impetrabis.

149 2014 197 2068 13.
239 2001 500 2063 AUGUSTINUS
532 2000 569 2062 L.
596 1999 636 2061 de
666 2021 734 2061 cur.
766 2021 829 2084 pro
852 2013 946 2062 mort.
968 2000 1093 2083 gerend.
1116 2012 1144 2060 e.
1191 2050 1195 2059 .

63 2095 110 2152 tt:
131 2083 280 2147 Provisus
301 2087 487 2169 sepeliendis
509 2084 700 2168 corporibus
723 2086 806 2169 apud
817 2091 996 2147 memoriam
1008 2085 1144 2159 Sancto·
1293 2082 1297 2095 '

61 2188 130 2228 rum
145 2168 250 2248 loeus,
284 2170 387 2233 honae
410 2172 583 2233 allectionis
604 2170 756 2232 humanae
777 2183 824 2232 est
842 2192 913 2255 erga
940 2170 1051 2230 funera
1066 2190 1145 2231 suo·
1235 2192 1240 2207 ·

62 2273 145 2312 rum:
168 2257 315 2334 quoniam
339 2262 365 2317 si
393 2255 546 2323 nonnulla
573 2254 684 2339 religio
706 2269 770 2331 est,
791 2267 828 2317 ut
841 2254 1055 2340 sepeliantur,
1075 2275 1142 2314 non
1205 2334 1211 2339 -

60 2349 165 2419 potest
193 2337 279 2397 nulla
301 2360 381 2414 esse,
406 2339 535 2420 quaudo
554 2336 610 2399 ubi
630 2340 840 2421 sepeliantur,
863 2339 1044 2401 attenditur.
1078 2338 1142 2399 Sed

63 2440 133 2477 cum
161 2420 235 2478 talia
263 2422 405 2481 vivorum
424 2421 534 2481 solatia
561 2425 783 2502 requiruntur,
807 2424 921 2504 quibus
943 2444 1052 2483 eorum
1067 2426 1148 2505 pius

62 2504 95 2561 in
124 2523 196 2562 suos
220 2505 342 2564 animus
366 2514 532 2587 appareat,
556 2524 620 2563 non
641 2506 756 2581 video,
779 2518 952 2587 quaesunt
976 2507 1139 2586 adjumen-

62 2599 95 2645 ta
125 2599 345 2661 mortuorum,
377 2589 436 2647 nisi
468 2584 509 2645 ad
540 2586 626 2662 hoe,
657 2602 694 2648 ut
712 2588 786 2648 dum
812 2588 976 2664 recolunt,
997 2592 1053 2649 uhi
1079 2591 1141 2650 sint

62 2671 166 2752 posita
190 2691 317 2749 eorum,
340 2693 419 2753 quos
441 2669 586 2753 diligunt,
610 2691 769 2754 corpora,
790 2672 903 2731 eisdem
926 2675 1040 2733 sanctis
1065 2660 1303 2751 ἰΙΙοεΝξξΐῗξξξξῗθ

57 2767 206 2835 tunquam
227 2759 369 2837 patronis
391 2769 552 2837 susceptos
577 2757 660 2839 apud
684 2757 854 2817 Dominum
877 2756 1072 2838 adjuvandos
1100 2761 1318 2847 o-“M‘firfffln‘

59 2840 159 2899 raudo
186 2841 411 2905 commendent.
460 2840 557 2916 Quod
588 2841 716 2923 quidem
747 2842 847 2901 lacere
868 2853 1013 2924 possent,
1047 2843 1136 2901 etiam
1148 2821 1301 2916 lll'lals'lall.

57 2926 84 2997 εὶ
109 2923 224 2985 talibus
246 2926 324 2986 locis
347 2946 399 2987 eos
423 2924 552 2985 humare
568 2947 633 2986 non
647 2939 783 3009 possent.
826 2927 904 2985 Cum
921 2928 1027 3007 itaque
1045 2914 1233 2985 recu-¹¹⁰¹'¹⁸'

58 3006 254 3080 liffanitnus,
290 3010 346 3070 ubi
367 3010 524 3093 sepultum
547 3013 589 3073 sit
620 3012 767 3071 carissimi
796 3031 930 3093 corpus,
952 3022 983 3070 et
998 3012 1140 3072 occurrit

29 3152 31 3157 .
58 3091 165 3153 loeus‘
182 3097 306 3155 nomine
340 3097 485 3172 martyris
509 3094 713 3174 venerabilis,
736 3094 835 3156 eidem
857 3096 987 3170 martyri
1009 3096 1140 3156 animam
1173 3096 1176 3101 ’
1222 3163 1225 3173 Ι

58 3177 202 3239 dilectam
230 3180 425 3240 commendat
450 3179 644 3240 recordantis
666 3194 697 3242 et
717 3183 872 3263 precantis
895 3180 1033 3242 allectus.

145 3276 193 3331 14.
237 3264 347 3324 IDEM
368 3265 402 3323 L.
425 3261 497 3324 VII.
520 3264 559 3324 de
580 3263 666 3348 bapt.
689 3278 791 3326 contr.
813 3267 928 3328 Donat.
949 3284 976 3326 e.
1000 3278 1047 3333 1.:
1080 3263 1140 3324 Be-
1148 3280 1235 3337 ssos.
1248 3287 1280 3327 aa·

57 3359 125 3407 atus
157 3349 332 3429 Cyprianus
358 3348 485 3430 quidem
511 3349 576 3429 jam
608 3369 763 3430 corpore,
792 3349 878 3431 quod
911 3351 1143 3431 corrumpitur,

57 3452 124 3491 non
150 3447 332 3517 aggravante
357 3436 511 3507 animam,
533 3453 590 3492 nec
613 3433 804 3516 deprimente
834 3447 959 3495 terrena
981 3432 1140 3495 inhabita-

55 3518 144 3577 tione
174 3538 296 3577 seusum
334 3518 432 3578 multa
457 3518 660 3599 cogitantem,
693 3520 831 3578 serenius
850 3520 1001 3601 perspicit
1022 3520 1317 3611 verua-uacuugr·

54 3614 136 3678 tem,
173 3622 266 3682 quam
288 3605 400 3663 meruit
421 3602 552 3683 adipisci
574 3624 631 3689 per
649 3604 817 3663 caritatem.
872 3601 1010 3683 Adjuvet
1030 3604 1136 3684 itaque
1147 3584 1305 3676 h'dssldilm.

54 3686 113 3746 rlos
150 3687 346 3747 orationihus
374 3690 438 3747 suis
461 3688 493 3745 in
521 3689 609 3748 isuus
634 3689 736 3747 carnis
757 3687 966 3765 mortalitate,
988 3701 1137 3768 tauquam

54 3769 88 3827 in
122 3769 290 3852 caliginosa
317 3770 401 3831 nube
430 3770 626 3848 laborantes,
655 3785 692 3831 ut
714 3772 850 3833 donante
869 3773 1017 3850 Domino,
1036 3792 1137 3855 quau·

54 3863 326 3936 tempestiuus,
347 3855 432 3916 bona
459 3857 527 3936 ejus
546 3858 710 3918 imitemur.
753 3888 756 3901 ·

142 3949 191 4006 15.
235 3939 483 4001 BERNARDUS
506 3941 603 4001 Serui.
625 3954 677 4008 66.
700 3942 734 4001 iu
754 3953 833 4002 cant.
857 3941 1000 4002 Canticr
1020 3940 1135 4003 Videte
1145 3910 1316 4004 llll2¹0¹5¹=⁰l

55 4018 211 4100 dectores,
239 4027 342 4087 videte
364 4048 463 4087 canes.
507 4025 646 4086 Irrident
667 4046 746 4103 uos,
775 4029 848 4108 quia
868 4025 1059 4109 baptizamus
1085 4008 1315 4105 in·2{2¹},¹{,l¹,⁴’;,‚

54 4104 170 4183 santes,
202 4111 276 4190 quia
298 4131 420 4172 oramus
444 4131 505 4194 pro
526 4113 685 4186 mortuis,
719 4113 793 4192 quia
815 4111 1001 4172 Sanctorum
1020 4109 1209 4200 suffra-3233
1225 4106 1302 4197 ,Ἤ
1365 4168 1368 4173 .

51 4190 103 4272 gl&
125 4193 326 4274 postulamus.
369 4197 406 4256 In
437 4196 521 4256 omni
547 4216 658 4276 genere
679 4194 842 4255 hominum
864 4209 958 4279 atque
989 4198 1020 4255 in
1042 4208 1192 4256 utro-us,
1216 4210 1292 4263 cmm¹

49 4294 114 4357 que
137 4296 213 4340 sexu
242 4280 407 4359 festinant,
443 4278 642 4364 proscribere
671 4278 850 4361 Christum,
888 4283 922 4342 iu
956 4278 1072 4343 adultis
1103 4290 1135 4339 et
1145 4260 1316 4348 liisslsdr'lli
