2768 4762
390 407 792 486 accensita
933 462 935 467 .
1045 420 1127 495 tro

56 596 267 681 Quamobrem
303 593 441 660 obtestor
471 596 693 662 beatitudinem
725 609 810 661 uram
839 619 897 686 per
928 597 1126 682 crucifixum,

57 687 167 748 mundi
180 686 322 760 salutem,
349 706 406 767 per
422 683 630 746 homousionis
645 686 843 746 Trinitatemr
865 698 901 746 ut
919 685 994 745 mibi
1011 688 1144 770 episto-³

60 772 100 834 lis
118 772 199 847 tuis,
219 771 282 831 sire
299 768 514 847 tacendarum,
535 771 597 834 sive
612 770 810 830 dicendarum
820 768 1022 853 hypostaseon
1036 771 1128 833 detur

59 855 234 916 auctoritas.
281 853 323 912 Et
352 873 391 912 ne
420 854 500 916 forte
527 854 698 916 obscuritas
727 851 810 930 loci,
838 855 870 914 in
892 874 956 937 quo
977 853 1075 939 dego,
1095 867 1129 918 te

60 937 163 1016 fallat,
196 958 255 1022 per
280 935 401 997 baiulos
434 938 609 1012 literanum,
645 938 686 1000 ad
708 937 873 1021 Evagtium
896 937 1129 1021 presbyterum,

59 1043 153 1105 quem
170 1024 284 1105 optime
297 1022 395 1098 nosti,
417 1021 449 1082 di
491 1044 543 1085 are
555 1024 669 1106 scripta
689 1023 905 1084 transmittere:
926 1023 1129 1102 simulantem,

58 1109 115 1167 eui
134 1107 217 1190 apud
232 1103 425 1167 Antiochiam
472 1107 578 1168 ebeam
604 1110 844 1183 communicare,
865 1104 1035 1190 significes:
1057 1110 1131 1191 quia

58 1191 244 1274 Campenses
270 1192 340 1249 eunl
366 1191 566 1252 Tarsensibos
591 1190 740 1253 hereticis
764 1189 914 1274 copulati,
944 1190 1022 1250 nibil
1045 1190 1132 1254 aliud

58 1275 221 1351 ambiunt,
242 1295 333 1359 quam
352 1286 388 1335 ut
405 1277 585 1338 auctoritate
598 1277 816 1338 communionis
836 1285 942 1337 rasura
959 1273 1045 1352 tutti,
1068 1286 1134 1339 tres

58 1359 241 1445 hypostases
268 1380 337 1419 curn
356 1362 482 1442 antiquo
501 1380 593 1422 sensu
609 1362 784 1445 praedicent.
930 1355 933 1361 ’

147 1456 178 1512 3.
212 1442 399 1506 OPTATUS
431 1446 533 1506 Milev.
566 1446 664 1506 1..11.
689 1455 770 1507 cont.
800 1443 930 1520 Donata
961 1438 1135 1505 Probamus

60 1548 130 1591 eam
149 1548 215 1590 esse
236 1527 404 1590 Ecclesiam
421 1528 608 1591 catholicam
629 1541 687 1592 etc.
702 1541 741 1592 nt
757 1548 842 1615 supr.
860 1526 920 1589 hac
937 1526 1004 1590 ead.
1017 1536 1134 1609 quaest.

153 1706 183 1763 a.
203 1694 462 1759 AUGUSTINUS
483 1717 530 1782 ep·
548 1709 619 1766 162·
642 1695 682 1759 ad
700 1695 803 1781 Episc.
825 1696 952 1757 Donata
974 1693 1050 1755 Erat
1057 1693 1137 1755 Car·-

62 1779 160 1863 tbago
170 1781 374 1840 transmarinis
390 1783 488 1843 uicina
506 1782 701 1866 regionibus,
724 1794 755 1843 et
767 1781 849 1843 lama
864 1779 1059 1841 celeberrima
1074 1799 1136 1838 no·

62 1863 154 1924 bilis:
176 1864 259 1924 unde
279 1885 340 1925 non
364 1865 524 1927 mediocris
542 1868 650 1947 utique
668 1860 856 1927 auctoritatis
879 1863 1014 1925 babebat
1040 1862 1174 1955 Epis-¹?
1191 1866 1258 1958 ξιον·
1273 1881 1311 1913 ⁰⁰·

62 1968 197 2027 eopuna,
223 1949 276 2030 quai
305 1960 410 2032 posset
437 1970 499 2011 non
529 1952 884 2032 cu1·are,conspi1·antem
910 1927 1195 2054 mutitudinemjfl'
1210 1930 1312 2057 ugulini:

20 2036 26 2043 “
60 2031 270 2109 inimicorum,
303 2054 374 2092 eum
401 2054 434 2093 se
462 2033 579 2093 videret
607 2032 809 2095 et0ananae
839 2032 1001 2110 Ecclesia,
1022 2032 1054 2091 in
1073 2018 1311 2119 qualssssssflxss*

59 2134 180 2198 semper
206 2115 390 2201 Apostolicae
414 2115 691 2201 cathedre-riguit
713 2119 918 2201 principatus,
952 2127 983 2178 et
1008 2112 1300 2177 caetei·isl³³⁸⁰⁵1’¹‘⁸⁸-

10 2202 22 2209 '
59 2200 151 2260 terris
171 2200 254 2259 unde
270 2198 469 2285 Evangelium
488 2200 529 2261 ad
548 2202 644 2284 ipsam
668 2200 804 2263 Africam
836 2204 934 2278 venit,
966 2221 1023 2284 per
1050 2221 1138 2261 eom·-

61 2284 276 2345 muuicatorias
301 2285 401 2343 literas
421 2305 486 2345 esse
507 2288 728 2365 conjuncturus
748 2287 803 2347 ubi
844 2298 944 2346 aratus
969 2295 1047 2347 esset
1063 2305 1139 2345 eau-

61 2388 129 2428 sam
146 2386 231 2426 suam
250 2366 369 2442 dicere,
390 2368 416 2425 si
430 2366 594 2427 adversarii
609 2370 678 2452 ejus
690 2368 731 2428 ab
753 2389 790 2431 eo
812 2307 877 2431 illas
898 2368 1049 2429 Ecclesias
1063 2368 1139 2431 alie-

63 2470 139 2510 nare
157 2458 347 2508 conarentur.
676 2468 683 2480 ·

40 2543 47 2551 ‘
150 2544 180 2598 5.
201 2531 310 2591 IDEM
330 2551 405 2592 cum
427 2528 545 2593 Patrib.
567 2530 660 2591 Cone.
685 2527 845 2614 Carthag.‚
866 2532 898 2592 in
919 2534 1004 2675 πὶιι.
1023 2544 1073 2602 90.
1097 2532 1138 2596 ad

64 2615 225 2677 Innocent.
248 2615 339 2677 Pont.
358 2617 465 2678 Rom:
487 2615 520 2677 Si
541 2636 614 2701 ergo
629 2614 770 2701 Pelagius
795 2617 917 2699 episcop
949 2616 1017 2675 ibus
1035 2619 1138 2700 gestis,
1149 2637 1232 2697 apocr.
1249 2646 1313 2692 son·

64 2720 135 2783 quaa
161 2701 192 2762 in
219 2700 345 2763 Oriente
376 2701 517 2762 confecta
545 2700 710 2777 dicuntur,
743 2700 833 2762 etiarn
863 2709 924 2760 tute
952 2695 1313 2788 venerationiflfissffifflj⁸

60 2785 148 2868 juste
172 2788 254 2846 visus
281 2784 373 2845 luerit
398 2783 574 2862 absolutos,
603 2805 689 2845 error
709 2796 810 2847 tamen
835 2784 900 2868 ipse
924 2796 956 2845 et
980 2785 1276 2880 impietasstmffiemi·

64 2890 135 2952 quae
165 2882 227 2930 tam
258 2868 370 2928 multos
402 2878 565 2930 assertores
593 2867 705 2947 habet,
735 2891 793 2955 per
822 2867 940 2928 diversa
967 2867 1135 2951 dispersos,
1149 2848 1198 2947 Μ,
1218 2853 1239 2882 '⁸

62 2955 155 3016 etiam
178 2955 359 3014 auctoritate
383 2952 566 3037 Apostolicte
590 2954 670 3014 sedis
695 2952 973 3015 anathematizanda
997 2964 1051 3014 est.
1095 2935 1313 3029 Etl’iill'fofffl·

59 3037 157 3124 paulo
184 3038 339 3119 superius:
367 3037 434 3099 Hoc
455 3028 497 3098 iia
543 3061 560 3100 e
584 3050 720 3123 gestum,
750 3038 871 3100 domine
893 3037 988 3105 frater
1011 3048 1135 3114 sancte,
1148 3035 1220 3122 :22⁵⁰
1234 3048 1247 3075 ¹
1266 3038 1313 3129 ξιξ·

60 3121 184 3182 caritati
207 3132 267 3181 tuae
286 3122 483 3183 intimandum
499 3060 661 3201 xiimus,
684 3133 721 3183 ut
742 3124 863 3184 statutis
888 3133 998 3182 nostrae
1016 3122 1136 3182 medio·
1147 3111 1209 3174 uac'
1221 3096 1268 3140 μ’

60 3206 197 3283 enitatis,
220 3206 309 3266 etiam
336 3205 520 3289 Apostolieae
554 3208 633 3268 sedis
663 3206 847 3268 adhibeatur
875 3207 1057 3283 auctoritas,
1078 3224 1138 3289 pro

60 3287 181 3390 taenea
207 3289 306 3435 tslalute
335 3290 520 3370 multorum,
551 3301 582 3354 et
610 3291 804 3375 quorundam
826 3292 1023 3376 perversitate
1047 3291 1139 3351 etiam
1210 3354 1213 3359 ,

63 3394 105 3438 00
169 3392 206 3435 en
229 3394 256 3434 a·

104 3394 180 3526 mg.
201 3456 311 3519 IDEM
336 3476 408 3521 enm
425 3457 544 3521 Patrib.
570 3457 672 3519 afilev.
696 3470 782 3521 conc.
810 3458 897 3542 epist.
916 3469 966 3527 92·
989 3455 1028 3519 ad
1045 3454 1138 3519 eund.

58 3542 239 3607 Innocens:
261 3542 344 3620 Quia
358 3554 390 3604 te
412 3544 562 3605 Dominus
590 3544 692 3628 gratiae
707 3564 771 3604 suae
792 3543 950 3627 praecipuo
966 3563 1091 3603 munere
1104 3543 1138 3603 in

61 3627 139 3691 sede
156 3626 331 3712 Apostolica
351 3627 526 3705 collocavit,
547 3627 699 3710 talemque
716 3630 829 3689 nostris
851 3627 1039 3709 temporibus
1055 3646 1167 3721 prae·¹¹
1267 3668 1271 3675 -
1293 3682 1301 3724 t

62 3713 160 3789 stitit,
182 3723 218 3772 nt
240 3712 327 3773 nobis
345 3715 447 3797 potius
466 3713 506 3775 ad
526 3711 646 3795 culpam
663 3713 849 3796 negligentia
869 3710 981 3788 valeat,
1002 3711 1028 3769 si
1052 3710 1135 3794 apud
1145 3689 1213 3771 nei?
1210 3688 1312 3773 ..liiii

62 3806 150 3858 tuam
172 3799 408 3876 venerationem,
438 3818 505 3881 quae
528 3818 586 3880 pro
604 3796 741 3857 Ecclesia
759 3795 949 3881 suggerenda
975 3806 1064 3872 snut,
1085 3779 1312 3870 ῖιι-ἶζζῶᾟῖζζζ

65 3881 233 3958 mamimus,
256 3903 348 3964 quana
365 3904 400 3944 ea
413 3892 449 3944 tu
467 3885 564 3966 possis
578 3880 626 3942 vel
644 3881 800 3941 fastidiose
818 3878 865 3941 rel
879 3877 958 3963 negli
980 3890 1065 3939 enter
1080 3899 1134 3939 ae·
1145 3874 1313 3968 &affila-

65 3965 185 4047 cipere,
206 3986 254 4027 ma
296 3969 321 4028 is
340 3968 482 4051 periculis
507 3964 698 4026 infirmorum
721 3963 925 4026 membrorum
941 3901 1054 4024 Cliristi
1076 3942 1312 4047 pa-enmnb..

65 4045 206 4110 storalem
222 3988 406 4135 diffinitum
418 4072 589 4135 quaesumus
600 4048 747 4112 adhibere
759 4047 901 4134 dignetis·
919 4044 1007 4108 Nora
1019 4049 1134 4131 quippe
1144 4024 1187 4066 ⁸⁵⁸⁸

64 4130 206 4211 heresis,
229 4146 260 4195 et
282 4137 408 4197 nimium
430 4139 598 4219 perniciosa
614 4144 776 4220 tempestas
799 4153 924 4219 surgere
943 4131 1135 4195 inimieorum

63 4219 170 4305 gratia
189 4218 353 4283 CHRISTI
371 4223 471 4304 eoepit.

146 4314 177 4372 l·
208 4300 338 4369 INTER
365 4304 465 4388 ejusd.
495 4302 624 4396 Argunt
649 4303 736 4391 epist.
764 4312 816 4374 03.
841 4311 889 4363 eit
909 4300 1067 4362 Innoecnt
1095 4297 1137 4361 ad

855 4406 933 4485 aa*
