2768 4762
450 387 814 453 ANGELICA.
1093 396 1168 466 101

98 589 158 639 tem
191 573 335 638 omnibus
365 575 490 656 quidem
513 573 583 657 cepi
616 583 722 656 potest
746 593 804 657 per
827 574 1035 656 cognitionem
1048 616 1057 647 ,
1077 572 1131 634 sed
1153 594 1171 636 a

93 658 186 723 bonis
217 670 337 720 tentum
365 662 490 740 capitur
518 662 609 720 etiem
638 677 696 739 per
723 676 867 716 amorem.
919 659 958 727 ¹In
996 656 1071 717 solis
1095 678 1170 741 ergo

92 744 187 805 bonis
210 745 253 804 ita
282 755 346 816 est,
379 756 414 803 ut
440 735 530 802 etiam
552 745 595 802 sit
622 761 691 800 curu
708 742 783 822 ipsis
809 754 942 883 propter
969 741 1171 803 concordiam

91 826 272 888 voluntatis.
316 825 377 885 Sed
414 846 483 887 eum
504 827 546 887 ita
571 825 611 885 sit
631 844 701 884 cum
724 827 806 884 omni
832 845 867 885 us
886 829 1019 902 sanctis,
1050 828 1171 908 specia-

88 911 163 973 liter
179 924 280 973 tamen
303 930 373 969 cum
393 910 491 971 Maria
503 954 513 987 ,
547 930 618 971 cum
640 930 701 1052 spus
721 910 830 989 utique
851 920 934 971 unta
957 912 985 970 ei
1006 913 1169 973 consensio

90 995 171 1072 fuit,
207 1008 244 1056 ut
270 994 355 1054 illius
382 1015 445 1054 non
476 992 579 1055 solum
610 1014 649 1054 ro
664 1004 822 1066 teutatem,
845 994 903 1057 ‚sed
934 996 1025 1071 etiam
1047 1015 1171 1056 carnem

88 1080 149 1140 sibi
175 1080 399 1160 conjungeret,
422 1098 457 1138 ac
476 1084 503 1139 si
527 1078 566 1138 dc
586 1097 642 1138 sua
668 1077 858 1160 virginisque
882 1076 1055 1140 substantia
1074 1101 1170 1140 unum

88 1163 248 1224 Christum
271 1162 428 1238 ellieeret,
450 1161 498 1221 vel
516 1164 621 1245 potius
651 1182 733 1220 unus
751 1159 893 1221 Christus
909 1159 1017 1221 fieret:
1040 1165 1094 1243 qui
1111 1167 1169 1225 etsi

88 1266 150 1309 neo
173 1257 259 1308 totus
288 1246 327 1305 de
353 1246 443 1321 Deo,
472 1266 528 1305 nee
553 1257 638 1306 totus
657 1245 696 1303 de
715 1246 855 1325 virgine,
888 1256 1089 1304 totustamen
1106 1247 1170 1308 Dei

89 1343 122 1391 et
141 1342 230 1391 totus
255 1333 383 1413 virginis
407 1341 507 1389 esset:
540 1351 597 1388 uec
628 1328 691 1386 duo
716 1326 797 1409 iilii,
835 1327 987 1387 sedunus
1007 1330 1170 1409 utriusque

88 1412 184 1474 filius.
227 1413 291 1474 Nec
310 1426 430 1475 tantum
452 1413 604 1472 Dominus
634 1409 716 1470 silius
739 1422 859 1482 tecum,
888 1431 980 1491 quem
1009 1424 1171 1472 carnetuu

90 1497 211 1558 induist
246 1499 300 1559 sed
333 1509 365 1556 et
399 1497 554 1556 Dominus
591 1495 727 1578 Spiritus
758 1507 903 1570 sanctus,
947 1493 1071 1575 dequo
1093 1514 1172 1555 con-

92 1584 191 1664 cipis,
213 1593 244 1640 et
263 1581 415 1639 Dominus
436 1592 546 1662 pater,
569 1582 623 1660 qui
648 1580 763 1661 genuit,
789 1598 881 1660 quem
903 1578 1051 1661 concipis.
1099 1577 1314 1639 Nonne-ester..

90 1666 169 1745 quia
196 1676 233 1722 tu
261 1662 439 1738 benedicta,
474 1662 546 1723 idco
588 1661 769 1722 benedictus
799 1662 921 1739 fructus
951 1662 1066 1721 ventris
1099 1663 1170 1724 tuit

92 1747 149 1807 sed
166 1748 239 1825 quia
261 1745 313 1805 ille
325 1758 355 1807 te
367 1749 525 1829 praevenit
543 1749 575 1805 in
600 1744 877 1827 benedictionibus
893 1745 1078 1820 dulcedinis,
1098 1745 1169 1806 ideo
1207 1764 1343 1809 benedictus

90 1843 129 1889 tu
152 1827 322 1890 benedicto.
380 1829 461 1891 Vere
490 1833 600 1891 etenim
629 1830 811 1890 benedictus
834 1829 954 1890 fructus
974 1831 1090 1890 ventris
1109 1831 1167 1907 tui,
1179 1812 1278 1857 “⁸⁶¹⁰''

91 1914 125 1971 in
142 1932 205 1992 quo
226 1911 404 1975 benedictae
427 1927 499 1975 sunt
522 1934 626 1975 omnes
643 1926 774 1997 gentes:
804 1913 843 1973 de
867 1916 957 1994 cujus
972 1912 1186 1997 plenitudine,

89 2007 126 2054 tu
153 2016 281 2078 quoque
301 2000 445 2080 accepisti
466 2018 537 2059 cum
557 2000 704 2074 caeteris,
734 1998 792 2059 etsi
812 1996 1005 2058 differentius
1027 2017 1044 2057 a
1065 2009 1168 2058 caete·
1246 2014 1257 2031 ’

88 2079 141 2139 ris.
183 2079 365 2142 Benedictus
389 2084 419 2141 in
442 2083 559 2159 odore,
591 2078 778 2143 benedictus
807 2083 840 2142 in
861 2102 991 2164 sapore,
1013 2081 1163 2142 benedic·

86 2176 137 2223 tus
169 2165 199 2223 in
224 2168 334 2247 specie.
387 2165 433 2226 Ex
460 2168 552 2249 cujus
573 2165 795 2228 benedictione
823 2165 988 2228 benedicta
1010 2168 1101 2226 etiam
1123 2178 1285 2239 tauream,
1303 2202 1336 2245 u·

86 2268 119 2307 ιιι
141 2246 346 2313 mulieribus:
386 2252 542 2331 quianon
563 2263 669 2332 potest
689 2249 769 2311 mala
788 2250 885 2310 arbor
904 2251 1039 2311 fructum
1059 2250 1161 2312 facere
1173 2251 1209 2293 '‘1·

86 2329 212 2391 bonum.
255 2331 443 2408 Benedicta,
464 2335 613 2414 inquam,
640 2336 727 2394 tuin
750 2334 952 2411 mulieribus,
982 2355 1060 2418 quae
1076 2335 1162 2396 illem
1172 2347 1337 2396 euaserat.

89 2414 261 2495 generalem
284 2414 529 2474 maledictionem
565 2418 704 2492 evasisti,
737 2437 799 2497 qua
819 2418 936 2476 dictum
954 2431 1019 2478 est:
1039 2417 1164 2480 lii'tri-

88 2497 173 2556 stitia
195 2498 295 2576 paries
311 2493 415 2556 filios:
436 2508 466 2556 et
485 2495 687 2558 nihilominus
715 2498 816 2573 illem,
849 2521 909 2581 qua
940 2513 1077 2563 secutum
1103 2515 1162 2581 es),

88 2578 256 2640 Maledicte
275 2577 388 2639 sterilis
406 2580 438 2637 in
459 2578 572 2642 Israel:
606 2601 642 2642 uc
663 2582 850 2664 singularem
870 2597 1036 2643 consecuta
1059 2574 1162 2645 esbe-

86 2661 318 2740 nediotionem,
340 2675 377 2723 ut
393 2682 449 2722 nec
469 2663 583 2725 sterilis
608 2683 751 2738 maneas,
785 2685 842 2725 nec
865 2686 935 2724 cum
957 2665 1067 2727 dolore
1086 2689 1162 2751 pur-

87 2748 198 2806 turias.
242 2746 272 2810 0
297 2751 385 2831 virgo
406 2747 566 2830 prudens,
591 2770 611 2811 o
633 2751 726 2833 virgo·
741 2747 871 2821 devota,
904 2751 1021 2830 quiete
1043 2750 1161 2828 docuit,

86 2831 157 2891 Deo
181 2830 307 2914 placere
327 2832 558 2914 virginitatem?
600 2834 650 2894 Tu
674 2854 738 2894 non
761 2833 860 2893 dicam
881 2845 1090 2916 praeceptum,
1108 2835 1163 2896 sed

87 2936 145 2976 uec
161 2916 325 2977 consilium
346 2914 459 2994 habes,
485 2938 542 2978 nec
561 2916 747 3004 exemplum,
783 2920 841 2978 nisi
862 2918 949 3000 quod
974 2921 1082 2980 unctio
1103 2919 1164 2980 do·

86 2998 180 3061 cebat
199 3013 230 3061 te
249 2999 288 3060 de
304 3000 473 3076 omnibus,
497 3021 533 3063 ac
554 3023 654 3063 sermo
674 3003 733 3064 Dei
750 3005 836 3062 vivus
855 3015 885 3062 et
905 3002 1011 3063 efficax
1030 3016 1100 3063 ante
1120 3006 1162 3065 ti·

86 3082 122 3144 bi
155 3085 254 3145 factus
276 3098 323 3145 est
341 3087 506 3168 magister,
536 3107 630 3169 quam
650 3084 759 3147 filius:
780 3089 866 3169 prius
889 3088 1067 3147 instruxerit
1075 3108 1160 3148 men·
1172 3087 1245 3175 ¹³2¹?
1268 3087 1336 3143 virgi·

88 3181 172 3243 tem,
186 3184 287 3251 'qttam
309 3169 447 3229 induerit
469 3184 602 3235 carnem.
659 3169 785 3231 Christo
808 3192 883 3253 ergo
907 3170 1036 3230 devoves
1058 3184 1089 3231 te
1110 3148 1317 3241 01.tt.··'¹·'‚⁰·

86 3248 197 3313 bibere
225 3254 393 3337 virginem,
412 3265 459 3321 ,et
478 3256 595 3330 nescis,
626 3254 715 3336 quod
736 3256 795 3337 ipsi
818 3252 956 3312 exhiberi
978 3264 1009 3312 te
1032 3267 1166 3335 oportet·
1269 3320 1274 3327 ,

87 3337 179 3403 etiam
206 3348 344 3404 matrem.
398 3336 497 3420 Eligis
530 3340 563 3397 in
585 3336 680 3398 Israel
703 3358 767 3398 esse
787 3335 1052 3417 contemptibilis,
1075 3350 1108 3398 et
1126 3350 1161 3399 ut

84 3419 134 3480 illi
157 3418 296 3502 placeas,
326 3422 376 3482 cui
397 3434 429 3481 te
451 3420 618 3504 probasti,
650 3420 844 3481 maledictum
866 3423 1025 3480 incurrere
1045 3421 1162 3482 sterili-

83 3506 174 3564 tatis:
196 3516 227 3564 et
245 3526 315 3566 eece
337 3504 513 3566 maledictio
537 3504 754 3567 benedictione
776 3517 993 3581 commutatur,
1015 3505 1160 3567 sterilitas
1212 3568 1215 3573 ,

83 3586 298 3653 foecunditate
319 3602 580 3672 recompensatur.

174 3685 203 3749 1.
246 3674 506 3735 FULGENI'IUS
543 3676 575 3734 in
607 3696 695 3735 serm.
728 3674 758 3735 d.
790 3673 873 3735 laud.
902 3675 980 3733 Mar.
1007 3696 1041 3734 ex
1063 3687 1159 3758 part:

82 3752 179 3817 Facta
202 3769 248 3818 est
269 3758 368 3817 Maria
391 3757 523 3819 fenestra
548 3757 646 3835 caeli,
683 3761 756 3840 quia
787 3779 844 3839 per
866 3762 962 3841 ipsam
983 3758 1068 3819 Deus
1090 3772 1158 3836 etc„
1182 3768 1238 3810 00¹¹·
1256 3774 1334 3840 sutor

84 3853 120 3900 ut
140 3841 225 3925 inlr,
246 3843 424 3925 quaestione
445 3842 563 3903 decima
585 3862 676 3903 nona.
728 3844 801 3902 Tria
821 3842 956 3923 deniqne
978 3842 1055 3903 mala
1075 3842 1157 3917 Esse,
1169 3829 1297 3914 “dieii

87 3924 227 3985 utribus
248 3926 341 3987 bonis
364 3927 482 3986 Mariae
503 3926 682 4011 probantur
703 3925 832 3986 exclusa.
887 3926 962 3985 Nam
985 3928 1067 3987 Evae
1089 3927 1159 3987 dic-

86 4017 152 4068 tum
173 4020 236 4069 est:
259 4011 296 4069 ln
319 4009 485 4071 doloribus
507 4024 538 4071 et
558 4012 685 4071 tristitia
706 4012 825 4091 paries,
848 4022 879 4070 et
899 4011 937 4068 asl
959 4013 1058 4080 virum
1080 4032 1156 4070 eon-

84 4095 217 4153 versatio
252 4107 322 4171 tua,
363 4097 484 4177 etipse
522 4094 736 4155 dominabitur
763 4084 822 4153 'tui
877 4093 992 4153 Tribus
1016 4115 1090 4176 ergo
1109 4094 1157 4155 lris

82 4174 223 4238 malisse
248 4176 418 4262 subjugant
441 4179 610 4255 foeminae,
632 4196 713 4259 quae
734 4178 861 4237 Mariam
883 4198 946 4237 non
975 4190 1156 4258 sequeretur,

80 4257 205 4341 dolori,
226 4264 392 4341 tristitiae,
413 4264 564 4326 semituti.
607 4263 708 4325 Maria
728 4272 830 4324 autem
842 4283 859 4323 e
873 4262 1042 4337 contrario,
1066 4280 1157 4341 quam
