2768 4762
260 353 349 459 aoa'
481 373 563 440 nu
605 322 1105 455 ,sannrsrrouu

260 560 354 622 animi
375 558 532 646 prudens,
567 561 719 646 loquendi
745 566 890 648 parcior,
911 562 1032 649 legendi
1054 563 1248 645 studiosior,
1269 590 1335 633 non

260 649 292 706 iu
327 653 446 713 incerto
481 649 678 729 divitiarum,
706 650 761 711 sed
788 651 821 711 iu
842 669 934 734 prece
963 653 1109 734 pauperis
1131 673 1215 735 spem
1239 675 1336 739 repo-

259 755 344 798 nens.
388 737 510 798 Intenta
532 737 645 820 operi,
663 733 837 812 verecunda
861 755 1018 814 sermone:
1046 735 1199 798 arbitrum
1224 743 1335 803 mentis

206 845 213 864 .
259 821 352 882 solita
373 842 437 882 uon
460 820 635 897 hominem,
657 820 711 881 sed
731 821 829 902 Deum
852 840 1010 901 quaerere.
1052 819 1178 881 Nullum
1200 822 1333 904 laedere,

258 903 339 967 bene
358 905 437 967 telle
460 905 621 983 omnibus,
656 925 816 989 assurgere
832 904 1004 988 majoribus
1030 920 1126 982 natu,
1148 909 1332 990 aequalibus

258 1011 324 1051 non
355 990 509 1068 inridere,
547 991 654 1075 lugere
684 991 884 1073 jactantiam,
914 992 1063 1050 rationem
1086 994 1194 1072 sequi,
1231 1014 1333 1056 amare

258 1076 413 1137 virtutem.
458 1075 593 1152 Quando
628 1076 686 1136 ista
715 1074 764 1135 vel
792 1074 880 1135 vultu
901 1073 989 1135 laesit
1009 1076 1174 1156 parentes?
1202 1078 1331 1159 quando

259 1157 413 1231 dissensit¹
449 1159 644 1243 ropinquisi
673 1158 800 1242 quando
828 1161 978 1221 fastidivit
998 1159 1169 1221 humilem?
1204 1163 1330 1244 quando

259 1243 369 1306 derisit
388 1182 541 1305 dalilam:
577 1244 702 1327 qnando
725 1245 832 1307 vitarit
853 1243 998 1328 inopem?
1047 1244 1110 1305 Eos
1132 1245 1218 1308 solos
1239 1247 1333 1310 solita

226 1328 230 1340 ’
257 1341 363 1390 coetus
384 1331 525 1390 virorum
550 1331 700 1408 invisere,
736 1350 816 1412 quos
843 1328 1056 1390 misericordia
1077 1350 1141 1389 non
1165 1329 1333 1394 erubesce-

256 1426 320 1489 ret,
343 1435 461 1496 ueqne·
490 1416 651 1477 raeteriret
674 1414 868 1477 verecundia.
912 1413 997 1475 Nihil
1020 1426 1142 1475 torvum
1164 1420 1196 1476 iu
1218 1417 1330 1496 oculis,

255 1496 336 1557 nihil
361 1502 394 1559 in
416 1435 520 1561 rerltis
552 1519 689 1585 procax,
715 1499 795 1561 nihil
816 1502 848 1559 in
873 1514 944 1558 actu
965 1500 1214 1560 inverecundum.
1242 1502 1329 1563 ·Non

255 1594 357 1664 gestus
384 1584 538 1662 fractior,
564 1604 641 1647 „non
673 1585 808 1645 incessus
835 1582 985 1661 solutior,
1019 1604 1085 1643 non
1106 1582 1331 1670 vor'petulan-

254 1669 342 1728 tior:
387 1681 424 1728 nt
451 1671 518 1753 ipsa
549 1671 694 1756 eorporis
721 1671 839 1753 specics
870 1668 1069 1737 simulacrum
1091 1670 1187 1732 fuerit
1206 1676 1327 1749 mentis,

254 1749 356 1834 figura
386 1754 564 1836 probitatis.
617 1754 704 1816 Bona
737 1757 856 1837 quippe
887 1754 996 1814 domus
1027 1754 1150 1837 inipso
1171 1755 1326 1819 vestibulo

254 1835 349 1898 debet
383 1841 530 1920 agnosci,
571 1859 607 1899 ac
630 1843 734 1924 primo
757 1839 930 1924 praetendat
951 1841 1107 1920 ingressu,
1142 1839 1221 1900 nihil
1243 1835 1345 1902 intus'

156 1988 160 1995 ¹
249 1917 351 1981 latere
376 1922 591 1983 tenebrarum:
630 1937 668 1984 ut
687 1943 771 1984 mens
795 1935 905 1984 nostra
935 1921 1030 1982 nullis
1052 1924 1229 1983 retinaculis
1255 1946 1328 1986 cor-

251 2005 415 2088 poralibus
435 2005 601 2091 impedita,
622 2022 768 2092 tanquam
793 2008 936 2069 lucernae
957 2006 1009 2068 lnx
1031 2009 1112 2066 intus
1134 2010 1253 2090 posita,
1275 2011 1328 2071 fo·

196 2103 200 2113 '
252 2091 296 2150 ris
308 2089 429 2155 luceat.
487 2092 574 2167 Quid
596 2117 653 2178 ego
674 2112 806 2174 exequar
829 2092 973 2155 ciborum
994 2092 1228 2174 parsimoniam,
1253 2094 1330 2155 ofli-

253 2175 375 2235 ciorum
408 2175 664 2255 redundantiam,
705 2177 835 2239 alterum
856 2177 941 2239 ultra
961 2188 1101 2236 naturam
1122 2177 1328 2258 superfuisse,

92 2257 385 2334 plasmantes-um
415 2283 511 2346 paene
533 2266 592 2347 ipsi
615 2276 742 2324 naturae
772 2262 931 2324 defuisse?
971 2259 1043 2323 Illic
1062 2259 1148 2321 nulla
1170 2263 1330 2322 intermis-

79 2336 135 2367 ’Μ’
252 2365 285 2404 sa
309 2358 369 2407 tem
395 2368 473 2424 ora,
494 2347 569 2409 hinc
591 2342 821 2432 congeminatos
841 2347 966 2431 jejunio
988 2343 1075 2406 diesi
1115 2346 1157 2405 Et
1178 2347 1203 2406 si
1226 2347 1329 2427 qnan-

252 2429 294 2491 do
323 2368 483 2492 rellcicndi
517 2436 712 2495 successisset
742 2433 910 2509 voluntas,
934 2430 1023 2491 cibus
1058 2428 1241 2514 plerumque
1266 2430 1328 2493 ob-

248 2515 340 2594 vius,
364 2519 418 2599 qni
438 2530 570 2580 mortem
594 2516 732 2599 arceret,
766 2539 831 2579 non
852 2517 977 2577 delicias
997 2516 1196 2577 ministraret.
1238 2517 1329 2577 Dor·

247 2603 326 2662 mire
347 2623 413 2662 non
434 2605 524 2686 prius
545 2603 723 2686 cupiditas,
757 2623 850 2684 quam
876 2600 1037 2661 necessitas
1061 2599 1137 2661 fuit:
1174 2613 1325 2662 ettamen

249 2707 319 2746 cum
341 2700 513 2768 quresceret
531 2708 666 2772 corpus,
688 2686 816 2770 vigilare
837 2688 977 2760 animus,
1011 2685 1064 2766 qui
1087 2685 1267 2766 frequenter
1289 2687 1323 2745 in

249 2773 364 2831 somnis
393 2785 447 2833 aut
477 2772 556 2833 lecta
590 2772 722 2856 repetit,
743 2784 798 2831 aut
818 2792 928 2833 somno
951 2770 1127 2852 interrupta
1147 2772 1321 2845 continuat,

249 2868 304 2916 ant
324 2855 474 2940 disposita
500 2860 599 2940 gerit,
630 2869 683 2917 aut
726 2855 840 2915 erend'a
869 2854 1063 2937 pronuntiat
1105 2853 1240 2915 Prodire
1263 2855 1325 2914 do-

247 2961 301 3002 mo
323 2943 443 3019 nescia,
475 2942 536 3001 nisi
557 2963 628 3002 cum
648 2940 688 3000 ad
707 2877 877 3000 licclcsiam
907 2939 1105 3015 conveniret,
1137 2951 1168 3000 et
1187 2937 1250 3000 hoc
1271 2945 1325 3020 ip-

248 3047 317 3087 sum
341 3027 633 3109 comparentibus,
669 3036 722 3084 aut
742 3026 940 3108 propinquis.
984 3022 1163 3084 Domestica
1186 3044 1322 3105 operosa

247 3121 391 3188 secreto,
427 3111 544 3172 forensi
565 3115 678 3194 stipata
702 3110 869 3186 comitatu,
890 3106 979 3170 nullo
999 3108 1127 3175 meliore
1148 3120 1248 3168 tamen
1270 3109 1320 3168 sui

247 3196 393 3272 custode,
417 3216 509 3278 qnam
531 3217 563 3257 sc
585 3200 670 3279 ipsa:
705 3215 782 3275 quae
812 3196 933 3254 incessu
967 3193 1124 3275 affatuque
1157 3191 1323 3253 venerabi-

247 3279 306 3354 lis,
338 3301 402 3341 non
428 3292 491 3340 tam
511 3283 674 3364 vestigium
694 3278 783 3362 pedis
804 3278 951 3354 tolleret,
985 3299 1078 3360 quarn
1099 3276 1228 3361 gradum
1250 3278 1318 3335 rir-

245 3367 320 3425 tutis
350 3363 516 3426 attolleret„
571 3356 628 3426 Ut
643 3376 744 3424 tamen
765 3363 843 3425 alios
864 3363 978 3424 lrabeat
996 3365 1086 3446 virgo
1108 3360 1323 3421 membrorum

245 3449 391 3511 custodes
420 3470 566 3511 snorum:
606 3469 729 3510 morum
761 3462 862 3509 autem
893 3468 1023 3508 suornm
1055 3469 1087 3506 se
1108 3444 1221 3506 habeat
1252 3447 1322 3527 ipsa

244 3533 415 3595 custodem.
458 3534 569 3597 Plures
593 3548 707 3607 erunt,
729 3534 767 3593 de
813 3533 904 3593 uibus
929 3532 1042 3607 discat,
1062 3552 1095 3591 se
1116 3533 1182 3613 ipsa
1205 3551 1238 3590 se
1260 3531 1324 3590 do-

245 3631 334 3696 ceat,
356 3639 436 3700 qnae
457 3620 585 3680 virtutes
608 3621 766 3701 magistras
790 3556 911 3677 labet:
935 3619 1009 3698 quia
1032 3615 1189 3697 quidquid
1210 3620 1320 3697 egerit,

244 3702 409 3786 disciplina
442 3717 498 3765 est.
558 3706 609 3764 Sic
642 3705 741 3763 Maria
778 3701 959 3762 intendebat
992 3700 1158 3777 omnibus,
1190 3700 1280 3781 qnasi
1302 3722 1322 3762 a

242 3787 387 3871 pluribus
409 3802 604 3850 moneretur:
627 3790 671 3848 sic
693 3784 842 3869 implebat
864 3788 966 3848 omnia
987 3787 1112 3846 virtutis
1135 3784 1257 3859 officia,
1282 3798 1322 3848 ut

241 3892 306 3933 non
328 3885 392 3935 tam
413 3873 566 3950 disceret,
600 3894 693 3956 quam
715 3871 851 3932 doceret.
894 3871 999 3931 Talem
1020 3870 1101 3932 hanc
1123 3869 1323 3953 Evangelista

240 3960 447 4035 monstravit,
478 3959 569 4019 talem
596 3956 721 4039 angelus
750 3958 886 4039 reperit,
921 3955 1012 4015 talem
1045 3956 1173 4039 spiritus
1195 3968 1320 4018 sanctus

241 4042 341 4127 elegit.
387 4041 474 4118 Quid
496 4046 575 4102 enim
597 4045 628 4100 in
651 4040 779 4126 singulis
801 4040 926 4100 morer?
959 4054 996 4101 ut
1016 4061 1081 4101 eam
1103 4052 1246 4114 parentes
1267 4040 1323 4100 di-

241 4125 388 4203 lexerint,
422 4137 556 4186 extranei
575 4127 839 4209 praedicaverint,
861 4146 940 4206 quac
963 4125 1056 4208 digua
1077 4126 1164 4201 fuit,
1199 4146 1234 4185 er
1256 4148 1321 4206 qua

144 4275 150 4296 ‚
185 4276 192 4290 ¹
238 4209 324 4272 filius
344 4211 404 4270 Dei
425 4201 623 4281 nasceretur?
678 4212 761 4272 Hace
794 4212 833 4272 ad
862 4212 946 4292 ipsos
967 4212 1123 4295 ingressus
1144 4209 1244 4293 angeli
1268 4213 1321 4270 iu-

238 4307 329 4358 acuta
350 4293 452 4360 domi·
467 4295 501 4360 in
524 4295 737 4388 penetralibus
760 4296 976 4375 siraconus,
1012 4316 1053 4360 ne
1073 4295 1144 4379 quis
1166 4296 1322 4363 intentio·
