2752 4770
96 357 174 431 624
263 336 265 340 ’
407 386 409 391 ·
466 351 503 413 tn
523 345 771 419 Pnsscsnrnrsu
792 343 818 405 1.
840 342 966 408 Tenen.

89 533 235 594 Fenestris
254 544 284 591 et
301 532 462 607 parietibus
481 530 627 591 erucas·
736 527 836 584 Fidem
855 544 919 603 esse
945 527 1109 603 gratuitum
1145 529 1203 586 Dei
1235 530 1285 587 ‹lo-

130 627 229 682 guram
250 605 470 680 imprimendam
654 611 700 670 Μ’.
774 620 843 655 num
1319 616 1338 666 γ,

92 682 197 738 Feriee
216 696 290 754 quae
309 678 359 752 qui
379 678 569 734 celebrandae
638 688 701 739 337.
738 673 839 730 Fidem
863 673 979 732 ratione
1013 674 1196 731 metiendam
1228 696 1287 733 non

93 756 187 810 Feriis
206 754 237 806 in
255 751 361 825 quibus
376 769 429 804 cur
447 763 476 806 et
494 749 631 825 gaudere,
774 765 835 802 esse
1304 760 1336 810 ln

130 837 159 882 et
177 822 317 878 conlundi
337 822 494 880 debeamus
636 831 701 892 269.
740 819 839 876 Fidem
867 837 928 873 non
954 818 1212 888 aestimationem,
1244 822 1291 878 sed

94 903 280 955 Fermentum
315 896 395 970 quod
424 896 476 971 qui
503 906 552 951 aut
579 913 632 950 cur
775 890 978 948 certitudinem
997 909 1058 949 esse

131 980 259 1026 sanctum
490 983 491 986 ’
642 980 703 1032 137,
739 964 1212 1021 Fidemademunstrstionebsnd
1221 986 1286 1040 pen·

93 1048 178 1100 Festa
201 1057 275 1114 quae
303 1056 356 1093 eur
373 1039 410 1094 ad
429 1039 633 1097 celebrandum
776 1038 844 1092 dere
1304 1052 1332 1102 ln

129 1115 261 1168 institute
640 1125 702 1177 308.
740 1109 839 1165 Fidem
851 1111 973 1164 bumana
984 1110 1174 1177 experientia
1197 1112 1286 1168 niten-

130 1186 182 1261 qui
201 1183 382 1240 observanda
640 1196 726 1250 336.'
775 1195 847 1246 tem,
868 1184 1046 1237 meritoriam
1065 1203 1130 1248 non
1152 1203 1217 1241 esse
1304 1196 1332 1246 ti.

96 1260 175 1316 Festi
197 1258 259 1312 dies
278 1274 330 1310 cur
351 1257 475 1311 instituti
555 1256 621 1325 248.
640 1270 703 1328 343.
740 1256 840 1313 Fidem
850 1271 910 1323 esse
925 1257 1014 1310 veluti
1032 1257 1202 1329 lampadem
1214 1277 1282 1332 mag·

133 1349 190 1406 qus
208 1330 331 1384 utilitate
351 1331 534 1385 celebrentur
628 1343 704 1395 ⁸307,
775 1347 859 1390 nam,
880 1329 1045 1385 errantibus
1064 1347 1084 1384 a
1098 1331 1221 1386 Cbristo
1244 1352 1282 1388 cx·

133 1404 184 1477 qui
204 1402 378 1458 observandi
491 1423 494 1429 ·
641 1413 704 1473 473.
775 1403 896 1455 bibitam
1295 1411 1322 1463 ις,

98 1480 256 1533 Festos-um
267 1476 378 1548 aliquot
399 1473 632 1531 observationem
741 1473 840 1530 Fidem
850 1485 878 1528 et
888 1491 966 1546 spem
972 1473 1088 1548 absque
1099 1477 1279 1533 caritatenos

134 1567 196 1604 esse
215 1548 380 1603 traditionis
393 1547 568 1620 apostolicae
642 1561 704 1617 595.
777 1547 910 1601 sufficere
980 1565 985 1572 ·

97 1625 248 1679 Festorum
278 1621 356 1689 juxta
383 1621 548 1693 Lugdunen.
567 1639 633 1677 con·
741 1620 841 1675 Fidem
865 1636 964 1673 veram
983 1636 1045 1673 non
1059 1622 1172 1676 mutari
1190 1641 1278 1677 secun-

135 1695 231 1748 cilium
251 1693 457 1749 servandorum
477 1711 584 1748 summa
642 1703 704 1764 475.
777 1692 845 1746 dum
870 1703 1001 1764 tempora
1281 1703 1327 1762 ltu.

99 1767 185 1823 Fides
209 1767 292 1839 quale
313 1777 487 1839 quantumve
514 1767 570 1823 Dei
599 1768 636 1823 sit
744 1764 813 1821 Fide
840 1783 873 1818 ac
900 1782 950 1837 spe
968 1781 1094 1839 magne,
1126 1780 1228 1843 quanto
1244 1768 1277 1822 sit

135 1839 241 1894 donum
258 1839 404 1894 etlumen
667 1852 704 1904 7.
778 1839 869 1906 msjor
888 1837 996 1892 caritas
1206 1850 1261 1905 209.
1279 1849 1329 1900 210.

97 1911 182 1966 Fides
210 1910 281 1985 quid
304 1922 432 1983 spectet,
460 1910 543 1967 cuive
566 1912 637 1969 fidat
743 1910 814 1967 Fide
834 1926 886 1984 per
905 1911 1122 1969 successionem
1145 1927 1273 1986 perpetro

133 1996 183 2038 aut
203 1985 344 2040 innitatur
543 2014 554 2019 ··
679 1996 704 2048 7.
778 1984 1255 2043 conservstnbaereticosconfimdi
1270 1993 1320 2051 ili

98 2056 183 2111 Fides
202 2054 287 2127 quid,
324 2053 509 2126 qualisvelsit
529 2056 634 2111 verite·
744 2056 850 2112 Fidelis
867 2055 1020 2128 proprium
1039 2059 1116 2132 quid
1281 2065 1317 2113 li.

136 2128 172 2182 tis
190 2143 320 2181 assensus
676 2141 704 2195 9,
743 2129 846 2182 Filium
866 2130 920 2182 Dei
943 2146 1025 2196 esse,
1052 2133 1155 2202 mystice
1170 2127 1232 2201 qaid
1258 2134 1314 2193 390.

100 2200 185 2257 Fides
203 2216 275 2272 quse
297 2215 349 2252 our
373 2217 430 2272 quo
453 2208 572 2255 auctore
592 2200 634 2255 nil
740 2202 807 2260 Filii
830 2201 900 2276 quid
923 2201 982 2256 suis
1000 2203 1123 2261 debeant
1142 2199 1254 2274 parenti·

135 2281 281 2326 mereatur
661 2284 703 2335 10.
774 2275 827 2327 bus
1259 2279 1316 2339 tis.

99 2344 184 2400 Fides
201 2342 327 2417 qualium
338 2343 375 2397 sit
391 2361 488 2398 rerum
506 2346 634 2402 substan·
740 2347 880 2402 Filiorum
915 2347 1069 2404 Ecclesiae
1106 2346 1241 2402 discrimen

137 2418 177 2470 tia
195 2435 245 2471 seu
264 2427 462 2488 argumentum
660 2429 702 2477 ll.
776 2419 853 2493 quod
872 2420 921 2492 qui
938 2420 1013 2474 uude
1041 2422 1189 2476 facilefiat
1269 2424 1316 2481 liii.

99 2489 185 2544 Fides
194 2489 244 2563 qui
252 2507 304 2561 per
315 2489 459 2558 Chrysost.
471 2491 584 2546 laudata
658 2502 702 2554 tt.
740 2495 829 2547 Filiae
849 2509 921 2565 quae
940 2492 991 2564 qui
1013 2495 1156 2550 incedere
1171 2493 1258 2550 soiius
1274 2500 1322 2559 bisi.

67 2571 71 2578 '
99 2562 184 2619 Fides
205 2563 255 2634 qui
274 2572 633 2647 autquarumrerumauc-
741 2565 866 2620 Fimbria
884 2565 1000 2633 mystice
1027 2567 1106 2639 quid
1279 2571 1325 2624 sou

136 2636 251 2689 toritatc
276 2635 429 2689 munienda
643 2647 703 2697 137.
739 2637 862 2694 Fistulae
897 2637 1016 2691 morbus
1042 2641 1096 2694 ubi
1126 2635 1272 2713 aliqnando

98 2707 183 2762 Fides
201 2706 252 2762 ubi
266 2707 344 2761 licite
364 2708 544 2763 rescindatur
581 2719 645 2771 631.
660 2728 703 2783 sq.
775 2708 811 2762 ad
832 2709 912 2778 cujus
933 2710 1078 2784 reliquias
1096 2723 1189 2768 testes
1210 2729 1277 2765 sana·

100 2779 184 2835 Fides
201 2781 369 2851 incorrupta
390 2781 439 2833 ubi
638 2791 701 2847 bis.
773 2793 818 2834 tus
1280 2791 1323 2845 iii.

100 2852 182 2908 Fidei
203 2854 280 2920 laus,
306 2853 350 2908 vis
371 2870 403 2908 ao
422 2853 580 2915 necessitas
630 2865 655 2914 5.
675 2861 702 2914 6.
741 2854 864 2926 Flagella
887 2854 1002 2908 Domini
1023 2855 1079 2930 qul
1104 2857 1268 2932 excipienda
1284 2864 1324 2914 lut

527 2936 554 2986 7·
577 2934 619 2985 12.
641 2937 701 2988 137.
740 2929 839 2982 Flores
856 2927 906 2998 qui
933 2927 982 2980 ubi
997 2947 1085 3001 quam
1095 2932 1176 2986 mire
1191 2931 1278 2986 mulie·

101 2997 182 3053 Fidei
203 2997 318 3070 energia
337 3008 440 3071 quanta
676 3007 703 3059 6.
776 3000 801 3052 ri
820 3017 920 3053 caecae
941 3001 1032 3052 visum
1054 3005 1243 3058 restituerint
1283 3008 1323 3062 ist

29 3108 33 3117 1
99 3070 181 3126 Fidei
195 3070 336 3122 vocabulo
349 3070 641 3144 quidintelligendum
678 3083 704 3133 7.
742 3072 900 3126 Florentini
942 3074 1059 3126 concilii
1095 3072 1139 3130 ile
1174 3077 1278 3150 Spiritu

101 3143 183 3200 Fidei
203 3142 333 3196 delinitio
352 3145 518 3214 Apostolica
678 3154 704 3205 8.
776 3156 872 3198 sancto
893 3155 921 3198 et
932 3146 1014 3203 Rom.
1028 3149 1187 3217 pontificis
1207 3160 1280 3222 pote·

99 3204 180 3271 Fidei
196 3217 349 3287 proprium
366 3214 436 3288 quid
614 3226 639 3275 7.
660 3226 704 3279 11.
776 3229 846 3270 state
865 3216 1010 3272 decretum
1149 3261 1154 3270 .
1228 3231 1269 3279 31.
1286 3225 1323 3276 lii.

98 3287 180 3345 Fidei
191 3288 354 3343 Catholicae
362 3289 537 3356 symbolum,
557 3306 632 3342 com·
740 3290 929 3346 Fluctuationi
941 3290 1017 3363 quali
1037 3291 1088 3364 qui
1100 3295 1229 3349 maxime
1240 3312 1281 3348 re·

98 3362 513 3506 Fidiciniioitliisdudisiiafiiiido
659 3373 704 3499 i}
739 3374 972 3507 Fosdssuiigiratum
994 3435 1116 3489 mistico
1140 3439 1215 3511 quid
1287 3371 1325 3501 iffi

98 3506 180 3561 Fidei
212 3518 240 3560 et
267 3507 335 3579 Spei
355 3505 518 3559 communio
549 3523 631 3578 quar,
738 3509 837 3562 Fontis
864 3507 947 3559 unius
965 3505 1159 3575 rivulimulti‚
1179 3511 1282 3584 quibus

135 3588 162 3631 et
179 3577 334 3634 discrimen
376 3577 434 3630 uod
640 3587 700 3646 lit.
772 3590 820 3634 aut
841 3580 885 3631 cui
905 3579 1019 3645 mystice
1041 3582 1242 3638 conferantur
1300 3587 1330 3644 9⁰.-

98 3647 180 3706 Fidei
210 3667 242 3702 ac
268 3651 329 3721 spei
356 3598 492 3704 doctrine
512 3649 630 3716 institui,
737 3656 893 3706 Fraternas
927 3651 1090 3707 dilectionis
1108 3651 1226 3712 'officia
1256 3668 1282 3711 st

134 3739 171 3774 an
190 3719 352 3776 Christiano
370 3724 437 3777 satis
637 3733 701 3789 209·
773 3724 879 3778 indicis
1288 3735 1330 3788 35³.

78 3830 80 3835 ,
97 3791 179 3850 Fidei
204 3804 299 3848 rectae
319 3794 455 3850 indicium
619 3804 701 3865 4412.
737 3798 838 3852 Fronti
853 3794 1018 3867 imprimere
1037 3794 1146 3854 Crucis
1163 3802 1283 3876 figuram

96 3864 180 3924 Fidei
198 3865 246 3937 eui
264 3875 327 3920 tuto
344 3884 377 3921 ee
396 3868 630 3927 certoinbaeren-
773 3890 830 3944 quo
848 3870 941 3923 valeat
1303 3879 1332 3932 5³.

133 3939 201 3993 dum
637 3949 701 4009 455.
737 3946 872 3998 Frontem
895 3941 1041 4013 signaculo
1061 3941 1170 4002 Crucis
1185 3959 1282 4005 terere

97 4012 197 4069 Fidem
236 4026 296 4066 esse
320 4008 417 4064 solutis
443 4025 559 4071 nostras
593 4014 653 4085 ja·.
771 4014 913 4070 undenam
933 4012 1122 4071 didicerimus
1303 4023 1336 4085 tt

131 4102 217 4138 nuam
581 4132 584 4139 .
612 4135 615 4141 .
652 4093 700 4145 ,5.
737 4088 892 4142 Frontibus
905 4103 937 4140 ac
948 4084 1082 4141 fenestris
1096 4088 1209 4152 Crucis
1224 4094 1285 4151 for.

95 4155 213 4227 Fidem,
241 4155 299 4215 uiti
321 4171 378 4231 utta
399 4153 451 4222 sit,
470 4153 554 4212 iidem
571 4177 630 4216 non
771 4177 844 4226 mam
861 4158 1078 4231 imprimendam
1302 4170 1337 4227 it.

131 4246 193 4286 esse
292 4231 295 4237 ’
671 4237 699 4290 6·
738 4235 859 4288 Fructus
872 4228 1039 4290 benedictus
1052 4232 1144 4309 quis·
1289 4244 1330 4299 183
