2768 4762
408 369 742 437 SYMBOLO.
808 418 809 422 ,
1050 367 1133 442 127-

49 590 110 634 cor
144 563 279 629 hominia
308 557 479 637 occentu„
502 578 584 642 quae
624 553 823 642 praepararit
849 548 965 630 DEUS·
995 549 1052 629 iio,
1072 549 1130 633 qui

53 678 193 762 diligunt
216 660 314 737 illum.

137 806 247 866 Joan.
267 796 394 861 xm:
426 792 511 855 Haec
545 807 592 856 est
610 806 714 857 autern
744 796 807 854 vitu
828 803 974 870 aeterna,
994 801 1033 850 ut
1052 806 1132 872 cog·

55 923 186 976 noscant
210 922 242 971 te
254 952 264 985 ,
287 904 389 965 solum
409 890 515 963 Deum'
529 907 652 982 verur'n,
688 915 719 964 et
745 922 838 985 quem
865 901 975 969 misisti
997 895 1130 961 JESUM

56 1016 276 1082 CHRISTUM.

139 1140 421 1208 Matth.x1x.:
458 1137 501 1199 Et
522 1151 596 1198 sunt
616 1135 780 1216 Eunuchi,
815 1131 879 1219 qui
901 1158 933 1198 se
967 1140 1052 1221 ipsos
1077 1156 1131 1196 ca-

59 1264 236 1319 straverunt
258 1262 392 1334 propter
418 1265 545 1329 regnum
568 1245 736 1336 caelorunr.
779 1243 878 1304 Sinite
899 1242 1088 1351 parrulos&
1101 1254 1134 1304 et

60 1362 157 1425 nolite
188 1381 241 1421 eos
262 1353 434 1441 prohibere
468 1352 507 1414 ad
529 1373 576 1413 mc
598 1354 721 1413 venire:
751 1349 859 1410 talium
890 1362 937 1411 est
962 1350 1135 1433 enim'reg—

59 1492 137 1531 num
160 1466 326 1528 caelorrun.
370 1463 518 1545 Magister
537 1456 642 1536 bonc,
676 1455 752 1540 quid
774 1457 851 1516 boui
874 1457 1003 1535 faciam,
1023 1470 1061 1518 ut
1078 1456 1136 1517 ha-

60 1576 149 1636 beam
173 1575 267 1632 vitam
291 1566 469 1630 aeternam?
510 1564 543 1624 si
560 1566 605 1625 vis
628 1563 666 1625 nd
688 1568 780 1625 vitam
802 1563 933 1648 ingredi,
954 1586 1040 1627 serva
1049 1584 1137 1625 man-

60 1683 166 1743 data.-
189 1677 283 1736 Dives
305 1673 432 1734 difficile
453 1671 583 1734 intrabit
605 1673 636 1731 iu
658 1694 786 1758 reguum
806 1672 974 1735 caelorum.
1016 1672 1136 1749 Omnis,

61 1789 120 1869 qui
153 1783 318 1864 reliquerit
354 1780 478 1843 domum
498 1778 547 1840 vcl
570 1779 681 1841 fratres
702 1792 771 1858 eto,
793 1779 975 1864 centuplum
995 1780 1137 1864 accipiet,

63 1904 96 1952 et
117 1892 209 1950 vitam
231 1891 384 1950 aeternam
404 1886 587 1971 possidebit.

148 1995 293 2058 Matth.
316 1992 435 2059 XXV-t
456 1993 569 2056 Venite
589 1992 745 2059 benedicti
765 1995 869 2059 Patris
890 1996 973 2074 mei,
994 1993 1139 2079 posside-

61 2116 95 2164 tc
115 2116 258 2189 paratum
279 2100 370 2164 robis
393 2123 520 2187 reguum
542 2123 561 2165 a
583 2106 807 2179 constitutione
827 2103 946 2167 mundi,
990 2102 1033 2164 Et
1045 2102 1140 2163 ibunt
1191 2093 1198 2113 ‘
1282 2182 1285 2193 ¹

62 2212 97 2273 hi
119 2214 151 2271 in
173 2210 361 2296 supplicium
381 2221 540 2271 aeternum
552 2254 562 2288 ,
584 2212 660 2293 justi
682 2226 784 2273 autem
805 2215 837 2273 in
858 2214 956 2274 vitam
974 2222 1138 2272 aeternam.

149 2317 242 2401 Apo
255 2338 282 2377 c.
302 2317 335 2377 ll
355 2341 363 2375 t
384 2315 531 2377 Vincenti
553 2316 635 2376 (labo
660 2317 751 2378 edere
773 2318 812 2379 de
837 2318 922 2402 liguo
935 2320 1026 2391 vitae,
1050 2299 1139 2400 qnod
1163 2310 1167 2317 ’
1210 2394 1212 2401 y

63 2438 112 2487 cst
144 2427 177 2482 in
198 2421 351 2503 Paradiso
383 2421 459 2480 DEI
477 2422 546 2481 mci.
590 2422 668 2482 Esto
690 2422 791 2483 fidelis
816 2425 974 2504 usquead
995 2439 1138 2501 mortem,

63 2544 97 2590 et
119 2525 203 2587 dabo
225 2523 285 2586 tibi
307 2546 456 2585 coronam
476 2528 564 2585 vitae.
607 2524 752 2588 Vincenti
776 2527 858 2589 dabo
880 2551 989 2590 manua
1008 2529 1142 2591 abscou-

65 2626 170 2697 ultum
202 2644 260 2693 etc.
312 2631 376 2709 Qui
398 2633 525 2708 vicerit,
558 2642 589 2691 et
610 2633 795 2695 custodierit
816 2656 916 2717 usque
937 2638 969 2696 in
991 2633 1084 2696 finem
1105 2655 1144 2695 o·

66 2764 143 2831 pera
169 2761 255 2802 mea:
287 2736 372 2799 dabo
393 2737 439 2799 illi
461 2750 644 2821 potestatem
666 2761 762 2823 super
783 2755 904 2826 gentes,
934 2756 965 2805 et
986 2754 1072 2827 reget
1093 2760 1143 2802 cat

67 2855 100 2911 in
121 2852 209 2933 virga
231 2847 352 2922 ferrea,
383 2858 415 2906 et
435 2858 582 2928 tanquam
602 2870 655 2910 vas
675 2848 763 2934 figuli
785 2850 1041 2936 confringentur,
1062 2851 1146 2910 sicut

68 2970 100 3019 et
122 2977 179 3039 ego
203 2956 310 3039 accepi
332 2974 349 3015 a
371 2940 465 3016 Patre
486 2975 574 3018 meo:
597 2969 628 3018 et
644 2957 726 3021 dabo
744 2958 790 3018 illi
812 2957 931 3018 stellam
951 2959 1144 3021 matutinam.

154 3063 274 3148 Apoc.
297 3062 377 3128 IlI.:
408 3061 491 3126 Ecce
509 3067 600 3125 venio
626 3067 711 3138 cito:
745 3079 837 3144 tene,
861 3065 946 3148 quod
968 3063 1064 3126 habes
1076 3107 1086 3138 ,
1108 3073 1146 3125 ut

69 3193 162 3232 nemo
194 3170 326 3254 accipiet
356 3190 505 3230 coronam
534 3183 626 3233 tunm.
680 3174 744 3249 Qui
764 3173 897 3250 vicerit,
926 3170 1037 3235 faciam
1059 3168 1147 3261 illum

70 3277 246 3340 columnam
265 3281 297 3337 iu
320 3276 436 3359 templo
462 3277 520 3337 Dei
539 3280 614 3356 mci,
636 3291 666 3339 ct
692 3279 776 3341 foras
798 3300 861 3341 non
880 3282 1057 3365 egredietur
1081 3299 1148 3340 am·

70 3385 172 3471 plius:
195 3399 225 3446 et
246 3384 380 3446 scribam
402 3405 580 3468 supereum
609 3405 721 3446 nomen
740 3388 796 3446 Dei
820 3390 896 3466 mei,
918 3401 949 3449 et
968 3407 1080 3463 nomen
1101 3388 1148 3448 ci·

69 3495 177 3554 vitatis
199 3493 256 3551 Dei
282 3495 340 3552 mei
361 3513 458 3552 novae
480 3490 692 3568 Hierusalem,
725 3514 818 3576 quam
837 3494 996 3556 descendit
1017 3495 1056 3556 de
1077 3515 1148 3556 cne-

72 3601 104 3660 lo
129 3621 147 3660 a
170 3601 238 3659 Deo
262 3621 352 3677 meo,
376 3613 407 3661 et
429 3621 541 3661 nomen
562 3621 664 3660 mcum
686 3623 811 3661 novum.
853 3603 915 3680 Qui
938 3605 1069 3681 vicerit,
1091 3602 1149 3663 da-

72 3705 117 3767 bo
139 3708 167 3766 ei
190 3706 297 3767 sedere
319 3728 437 3768 mecum
460 3711 492 3768 in
513 3706 631 3770 throno
654 3730 741 3769 meo:
777 3710 858 3772 sicut
878 3723 909 3772 et
930 3686 988 3795 egl)
1012 3711 1094 3786 rici,
1117 3719 1149 3770 et

77 3807 144 3873 sedi
163 3835 232 3873 cum
253 3813 347 3875 Putre
368 3837 436 3878 mco
473 3819 505 3902 in
528 3814 645 3877 throno
668 3818 743 3898 ejus.
836 3852 839 3861 ·

161 3918 289 4004 Apoc.
311 3923 401 3985 vlt:
438 3925 478 3985 Hi
501 3936 589 4000 sunt,
627 3927 681 4006 qui
703 3935 853 3984 uenerunt
881 3924 921 3986 de
943 3923 1150 3987 tribulatione

77 4046 201 4111 magua,
220 4041 251 4089 et
277 4028 416 4093 laverunt
436 4031 531 4093 stolas
553 4051 635 4109 suas,
657 4042 688 4093 et
708 4030 931 4094 dealbaverunt
950 4052 1000 4093 cae
1025 4032 1058 4092 in
1078 4051 1151 4093 sau-

77 4136 170 4218 guine
198 4139 279 4222 agni.
330 4136 406 4199 Ideo
435 4152 507 4201 sunt
535 4151 605 4201 ante
626 4136 774 4200 thronum
797 4139 876 4217 Ilei,
911 4152 942 4201 et
964 4138 1102 4201 seruiunt
1122 4137 1152 4200 ei

73 4241 129 4307 die
157 4263 193 4304 ac
212 4258 305 4308 uoc'te
325 4249 356 4309 iu
378 4246 494 4333 templo
518 4248 603 4329 ejus:
624 4243 727 4330 etqui
745 4245 830 4309 sedet
848 4245 882 4308 in
900 4245 1039 4326 throno,
1061 4243 1154 4326 lrabif
