2768 4762
256 395 310 465 24
599 381 671 444 nn
711 382 865 457 mnu,
890 382 960 449 aa

256 568 345 634 bum.
389 567 525 632 Ibidemz
554 567 636 630 Ecce
659 588 717 655 ego
743 566 896 631 Doniinus
921 569 1007 632 Deus
1033 572 1194 653 nniyersae
1221 578 1338 656 carnis,

262 676 416 761 numquid
439 674 515 739 mihi
536 673 665 738 difficile
679 677 740 738 erit
756 697 847 739 oxnne
867 675 1014 763 xerhumi
1052 742 1072 758 Ι,

346 781 540 859 sn..xv1.=
582 782 634 846 Tu
656 802 690 845 es
711 784 845 847 Domine
870 785 924 867 qui
951 784 1031 847 vitae
1056 797 1087 846 et
1105 789 1216 850 mortis
1237 787 1337 853 hahes

263 903 458 978 potestatem,
482 898 526 953 'et
552 889 682 952 deducis
702 890 742 952 ad
763 904 871 975 portas
893 894 1002 952 mortis
1022 903 1052 951 et
1077 872 1209 955 reducis.

347 1001 373 1061 1.
394 1000 468 1083 Reg.
493 997 554 1058 II.:
598 998 751 1059 Dominus
771 994 941 1059 mortificat
975 1009 1007 1058 et
1027 995 1172 1076 vivificat,
1208 1000 1338 1063 deducit

264 1109 304 1171 ad
325 1109 443 1169 inferos
470 1117 501 1166 et
524 1104 656 1167 reducit.
698 1103 826 1172 Domini
847 1117 918 1167 sunt
936 1104 1077 1168 cardines
1096 1118 1206 1187 terrae,'
1228 1120 1259 1169 et
1275 1130 1341 1192 po-

176 1220 180 1227 '
265 1218 329 1278 suit
354 1220 449 1298 s'uper
468 1233 520 1273 eos
547 1211 666 1274 orbem.
1053 1298 1056 1303 .

346 1321 400 1383 Ps.
423 1321 483 1382 lI.=
525 1308 679 1382 Domiixus
713 1319 791 1384 dixit
821 1320 861 1383 ad
893 1341 960 1399 ma,
994 1319 1093 1384 Filius
1111 1341 1196 1382 meus
1230 1340 1262 1382 es
1281 1333 1337 1384 tu:

265 1449 322 1514 ego
342 1427 437 1499 hodie
454 1429 546 1512 genui
574 1439 614 1489 te.

250 1601 252 1605 ,
348 1534 504 1603 Hehr.1.=
548 1535 607 1597 Cui
628 1538 710 1599 enim
725 1533 802 1597 dixit
826 1533 993 1619 aliquando
1014 1534 1216 1618 angelorum,
1237 1533 1340 1597 Filius

266 1663 349 1706 mens
370 1664 401 1705 es
426 1656 471 1718 tn,
494 1664 551 1728 ego
573 1641 668 1705 hodie
687 1645 779 1728 genui
812 1643 860 1705 tei
890 1643 933 1705 Et
948 1663 1089 1733 runcum:
1119 1642 1187 1732 Ego
1213 1662 1267 1703 ero
1291 1643 1340 1702 illi

267 1753 299 1810 in
320 1763 450 1833 patrem,
473 1762 504 1812 et
526 1753 592 1832 ipse
615 1752 675 1810 crit
701 1749 776 1810 mihi
791 1752 824 1812 iu
846 1748 966 1813 filium?

353 1854 569 1918 flom.vn1.=
614 1855 802 1940 Quicunque
825 1859 940 1941 spiritu
960 1856 1020 1918 Dea
1049 1869 1201 1940 aguntur,
1224 1856 1246 1916 ii
1266 1867 1342 1916 sunt

267 1957 324 2022 filii
348 1981 407 2022 naa.
449 1960 521 2022 Non
550 1962 630 2021 enim
661 1965 819 2045 accepistis
850 1965 995 2047 spiritum
1033 1966 1188 2024 servitutis
1224 1964 1341 2023 iterum

268 2071 302 2131 in
323 2071 454 2132 timore:
478 2068 531 2130 sed
552 2072 713 2155 accepistis
733 2071 879 2152 spiritum
910 2069 1089 2154 adoptionis
1120 2069 1276 2146 fiiioxnm,
1307 2072 1341 2130 in

268 2195 332 2258 quo
361 2174 543 2254 clamamui,
573 2175 664 2238 Abba
688 2176 816 2256 (Pater).
859 2177 929 2260 lpse
951 2179 1031 2238 enim
1049 2181 1177 2262 spiritua
1197 2179 1342 2240 testimo-

266 2284 353 2343 nium
375 2283 478 2344 reddit
499 2286 624 2367 spiritui
646 2298 773 2361 nostro,
797 2284 886 2366 quod
906 2304 1010 2347 sumus
1033 2280 1091 2346 filii
1113 2282 1172 2345 dei.
1223 2280 1258 2345 Si
1282 2303 1341 2343 au-

266 2401 329 2451 tem
353 2387 421 2468 filii,
442 2403 473 2452 ct
494 2389 656 2455 llaeredes=
678 2390 825 2454 haeredes
848 2391 974 2474 quidem
996 2390 1062 2470 dei,
1084 2389 1270 2453 cohaeredes
1283 2410 1342 2451 an·

266 2509 329 2559 tem
349 2495 482 2560 Christi:
515 2501 542 2561 si
563 2511 664 2562 tamen
679 2501 912 2584 compatimur,
945 2511 981 2561 nt
1002 2511 1033 2560 et
1055 2494 1338 2583 conglorificemur.

267 2602 310 2664 Et
329 2623 386 2664 nos
399 2605 468 2690 ,ipsi
490 2609 643 2690 primitias
677 2607 804 2692 spiritus
826 2603 972 2685 habentes
995 2608 1077 2668 intra
1098 2624 1155 2666 nos
1177 2607 1337 2691 gemimus,

266 2707 468 2795 adoptionem
489 2711 629 2778 filiorum
650 2714 710 2775 Dei
732 2724 947 2797 exspectantes.
1223 2704 1232 2721 ⁴

342 2816 416 2879 Psa
429 2816 487 2878 lm.
500 2818 660 2909 'X'XXILx
681 2817 790 2882 Verbo
813 2818 931 2881 domini
953 2815 1029 2879 caeli
1050 2813 1165 2880 firmati
1185 2827 1280 2895 sont,
1304 2830 1338 2880 et

266 2924 381 3006 spiritu
402 2926 466 2985 otis
488 2926 556 3009 ejus
582 2928 680 2991 omnis
700 2928 800 2988 virtus
823 2946 939 2987 eorum.
984 2926 1141 3004 Quoniam
1161 2926 1227 3009 ipae
1248 2922 1338 3003 dixit,

267 3041 298 3090 et
318 3029 400 3092 facta
419 3046 507 3095 sont=
531 3035 597 3119 ipse
617 3032 771 3096 mandavit
782 3076 792 3112 ,
814 3045 845 3094 et
867 3045 969 3095 creata
990 3044 1070 3096 sunt

349 3139 374 3199 1.
398 3140 517 3204 Coloss.
549 3143 595 3203 I.:
628 3142 666 3204 In
690 3143 760 3225 ipso
780 3140 908 3202 condita
928 3152 1000 3202 sunt
1023 3142 1165 3202 universa
1186 3140 1218 3199 in
1240 3119 1337 3200 caelis

267 3255 298 3304 et
321 3246 353 3306 in
376 3258 476 3325 terra,
498 3248 632 3310 visibilia
654 3261 685 3312 et
707 3248 893 3329 invisibilia,
914 3250 977 3309 eive
998 3244 1127 3322 throni,
1148 3248 1212 3307 siis
1232 3244 1340 3307 domi-

266 3353 424 3432 nationes,
454 3357 516 3416 sive
537 3358 754 3441 principatus,
784 3359 847 3418 sive
867 3367 1054 3441 potestaten
1084 3354 1188 3417 omnia
1207 3372 1265 3437 per
1285 3350 1341 3436 ip-

266 3477 332 3516 sum
354 3470 385 3519 et
407 3463 438 3520 in
459 3463 528 3545 ipso
551 3476 654 3527 creata
672 3476 763 3524 sunt:
785 3464 902 3546 etipse
923 3474 969 3524 est
989 3474 1059 3526 ante
1080 3479 1196 3541 omnes,
1217 3469 1249 3520 et
1268 3477 1341 3519 om·

266 3582 316 3622 nia
339 3565 370 3623 in
393 3568 461 3648 ipso
484 3582 635 3631 constant

351 3670 503 3736 MA'I'I'H.
526 3674 599 3735 VI.:
634 3675 789 3760 Respieite
818 3674 957 3738 volatilia
979 3674 1074 3753 caeli,
1102 3673 1251 3758 quoniam
1271 3692 1338 3733 non

265 3790 391 3857 serunt,
427 3800 528 3864 neque
547 3794 689 3860 metunt,
728 3804 830 3868 neque
858 3793 1047 3869 congregant
1076 3783 1108 3842 in
1136 3781 1273 3856 horrea,
1307 3790 1339 3841 et

264 3898 353 3970 pater
384 3900 485 3949 vester
520 3889 658 3951 caelestis
686 3893 786 3973 pascit
815 3891 878 3952 illa.
928 3888 1129 3952 Considerate
1160 3887 1225 3958 iilia
1251 3888 1339 3970 agni,

264 3991 425 4074 quomodo
453 4010 613 4058 crescunt:
647 4017 710 4058 non
734 3997 895 4077 laborant,
924 4017 1025 4081 neque
1045 4007 1130 4057 nent.
1171 3993 1255 4055 Dico
1278 4013 1338 4053 au-

261 4109 324 4160 tem
343 4100 453 4179 vobis,
476 4107 624 4186 qnoniam
646 4125 703 4165 nec
726 4105 926 4167 Solomonia
950 4105 1032 4165 omni
1055 4102 1155 4187 gloria
1177 4121 1234 4162 sna
1256 4122 1337 4164 coo·

261 4215 369 4285 pertus
406 4221 452 4270 est
483 4212 565 4272 sieut
594 4231 690 4273 unum
724 4231 759 4272 ex
788 4209 859 4273 illis.
911 4208 945 4271 Si
981 4220 1083 4273 eutem
1105 4209 1231 4274 foenum
1253 4211 1337 4293 agri,
