2752 4770
258 336 338 465 442
506 383 593 447 nn
633 316 1080 473 raaccaarts

97 610 233 664 Mem„
263 572 369 635 eadem
389 569 519 648 Synodo
547 591 613 630 can.
640 580 706 636 ηε
737 566 822 628 Illud
842 581 944 628 autem
966 582 1111 651 tauquam
1136 582 1286 654 perosum
1307 575 1341 635 ab

84 663 222 719 praesuma,
265 657 394 719 uteribus
429 657 545 717 nostris
577 653 762 735 repulimus,
799 653 885 733 quod
926 675 944 714 a
974 654 1160 736 quibusdam
1189 659 1340 740 imperitis

29 726 31 730 “
87 727 133 754 non
157 717 192 750 est
216 720 240 747 tn

87 761 240 815 cancamum
267 744 497 816 dicitur,1non
527 760 618 821 posse
647 738 807 812 Synodum
834 737 952 821 absque
978 742 1141 822 principali
1167 749 1341 824 praesentia

88 810 245 902 bilbili?
266 827 434 899 celebrari,
463 844 531 884 cum
554 844 702 903 nusquam
724 824 801 882 sacri
822 844 955 884 canones
980 829 1144 885 convenire
1171 828 1341 889 saeculares

265 913 423 998 principes
448 912 479 968 in
507 908 645 969 conciliis
663 909 837 982 sanxerint,
859 906 913 967 sed
936 909 1020 968 solos
1038 909 1211 971 Antistites.
1261 915 1341 974 Unde

266 1018 322 1056 nec
355 995 532 1055 interfuisse
564 992 634 1052 illos
660 991 811 1069 synodis,
843 996 976 1077 exceptis
999 994 1148 1055 Consiliis
1162 999 1342 1059 universali-

265 1081 344 1158 bus,
367 1081 547 1138 invenimus.

187 1157 190 1161 ⁴
350 1178 380 1231 6.
423 1159 679 1222 ATHANASIUS
721 1161 766 1218 iu·
788 1156 923 1243 'epistola
968 1161 1006 1221 ad
1046 1163 1219 1225 solitariam
1256 1169 1340 1227 vitan

267 1262 408 1333 egeam,
432 1249 540 1307 recitat
563 1244 624 1304 boe
647 1265 829 1327 responsum
853 1247 940 1306 Hosii
964 1248 1176 1310 Cordubensis
1194 1251 1340 1334 Episcopi

79 1363 82 1375 ·
106 1355 256 1416 seelestam·
268 1335 307 1394 ad
329 1333 542 1391 Constantium
562 1333 797 1411 imperatorem:
819 1331 933 1390 Desine
954 1353 1084 1412 quaeso,
1108 1346 1141 1393 et
1163 1339 1339 1412 memineris,

90 1413 125 1503 ᾖ·
139 1415 299 1502 ξξθηξξξζζΛε
329 1416 489 1476 mortalem
511 1436 592 1489 esse,
615 1414 785 1473 relomnida
806 1415 885 1474 diem
901 1416 1032 1495 judieii,
1054 1437 1141 1478 serva
1162 1433 1192 1478 te
1216 1420 1339 1480 inillam

91 1507 258 1569 ¹⁰30⁰5¹¹¹m⁸
272 1504 352 1564 diem
378 1522 510 1584 purum:
545 1521 583 1558 ne
613 1511 642 1558 te
664 1501 787 1559 misceas
814 1500 1051 1578 Ecclesiasticis,
1075 1523 1176 1583 neque
1200 1504 1293 1564 nobis
1313 1510 1337 1565 in

89 1560 221 1611 ΝΜ
272 1587 333 1648 boc
371 1607 479 1667 genere
508 1587 667 1666 praecipe,
705 1584 758 1643 sed
788 1587 892 1666 potius
917 1605 952 1644 ca
983 1585 1111 1644 anobis
1137 1589 1235 1649 disce.
1277 1590 1336 1649 'libi

267 1674 353 1732 Deus
371 1673 530 1752 imperium
549 1670 714 1729 commisit:
737 1666 850 1744 nobis,
874 1689 951 1751 quac
972 1682 1044 1728 sunt
1064 1660 1243 1749 Ecclesiae,
1272 1695 1335 1733 cou-

269 1755 422 1817 credidit:
460 1767 490 1814 ct
524 1753 797 1834 quemadmodum,
835 1758 888 1834 qui
915 1767 1001 1813 tuum
1024 1756 1188 1836 imperium
1209 1759 1332 1842 malignis

271 1839 371 1901 oculis
390 1843 506 1922 carpit,
531 1838 720 1899 contradicit
739 1839 926 1899 ordinationi
950 1839 1084 1898 divinae:
1106 1843 1149 1900 ita
1170 1856 1204 1923 et
1216 1856 1252 1902 tn
1266 1865 1331 1918 ean,

270 1944 330 1996 ne,
360 1944 439 2005 quae
469 1935 543 1982 sunt
578 1923 749 1998 Ecclesiae,
789 1924 827 1983 ad
858 1938 888 1984 te
916 1923 1060 1996 tralrcns,
1086 1946 1201 2007 magno
1227 1930 1332 1988 crimini

14 2050 24 2067 ,
92 2033 259 2078 tritennar-
273 2007 424 2068 obnoxius
462 2005 526 2068 fras.
577 2007 656 2067 Date
692 2010 856 2092 (scriptum
889 2009 948 2088 est)
976 2029 1054 2088 quae
1087 2025 1162 2070 sunt
1203 2013 1334 2084 Caesaris,

274 2091 414 2153 Caesarie
445 2103 476 2150 et
504 2112 583 2171 quae
614 2092 691 2166 Dei,
714 2093 790 2152 Deo.
824 2092 943 2150 Ibidem
967 2093 1004 2151 de
1033 2093 1143 2154 eodem
1165 2097 1332 2156 Constantio

94 2184 154 2248 cnm*
175 2175 423 2256 taatetoloquensz
457 2174 626 2250 Obtendrt,
656 2178 772 2257 iuquit,
805 2177 836 2236 iu
858 2178 987 2258 speciem
1008 2170 1332 2262 Episcoporutnjudiss

93 2255 371 2344 {5¹{2‘ffl„'2cium:
403 2259 456 2319 sed
488 2261 609 2318 iuterim
633 2261 725 2336 lacit,
760 2261 846 2344 quod
866 2261 911 2320 illi
935 2261 1123 2342 volupeest.
1169 2265 1280 2324 Verum
1301 2283 1333 2322 ne

93 2351 249 2402 noscitare·
276 2348 318 2404 ita
348 2343 473 2426 quidem
503 2343 598 2404 latere
626 2358 742 2427 potest,
778 2368 848 2406 cum
875 2348 906 2405 in
929 2350 1070 2428 proximo
1088 2351 1143 2422 sit,
1167 2350 1258 2430 quod
1277 2351 1331 2428 ejus

94 2406 167 2446 “m
272 2430 428 2488 vafriciem
472 2430 620 2489 atesaciat.
661 2430 736 2489 Nam
764 2436 789 2492 si
820 2431 901 2491 istud
926 2446 971 2492 est
996 2432 1147 2512 judicium
1168 2436 1331 2516 Episcopo·

271 2534 357 2590 rum,
380 2450 468 2596 quid)
491 2535 652 2574 commune
676 2536 745 2574 eum
771 2539 807 2577 eo
834 2515 927 2576 babet
948 2519 1138 2599 imperator?
1162 2522 1212 2577 sin
1231 2532 1327 2589 contra,

271 2601 328 2659 ista
364 2601 453 2658 minis
485 2599 621 2659 Caesaris
648 2599 843 2676 conflantur,
880 2601 957 2682 quid
992 2623 1070 2683 opus
1101 2615 1147 2661 est
1169 2602 1325 2663 bominibus

271 2683 364 2744 titulo
400 2685 587 2766 Episcopis?
631 2686 766 2760 Quando
800 2708 817 2745 n
847 2687 975 2746 condito
1002 2693 1075 2745 a'ero
1114 2684 1258 2748 audituris
1283 2683 1328 2746 est?

271 2769 572 2849 quandojudicium
598 2769 752 2829 Ecclesiae
769 2773 982 2830 auctoritatem
999 2792 1083 2830 snam
1101 2771 1141 2830 ab
1159 2775 1327 2854 imperatore

268 2852 410 2937 accepit?
433 2865 486 2912 aut
507 2855 631 2933 quando
659 2875 792 2934 unquam
813 2855 952 2937 lroc'pro
976 2856 1095 2935 judicio
1117 2861 1260 2936 agnitum
1280 2852 1328 2914 est?

268 2936 424 2996 Plurimae
453 2937 582 2997 antehac
612 2939 730 3013 Synodi
762 2941 867 3012 fuere,
904 2939 997 2998 nrttlta
1032 2935 1152 3021 judicia
1194 2942 1328 3001 Ecclesiae
1357 3006 1360 3011 ⁴

269 3021 383 3082 habita.
428 3021 488 3080 Sed
523 3044 623 3104 neque
645 3023 751 3083 Patres
782 3025 955 3083 istiusmodi
979 3046 1024 3083 rcs
1049 3025 1194 3108 Principi
1220 3044 1326 3110 persua·

271 3107 344 3167 dere
373 3109 475 3166 conati
505 3120 592 3182 sunt,
623 3130 680 3167 nec
706 3108 854 3190 Princeps
893 3129 924 3167 se
949 3111 980 3167 in
1008 3108 1100 3168 rebus
1134 3111 1326 3171 ecclesiasticis

92 3194 427 3260 cistarensem-insum
458 3191 609 3272 praebuit.
663 3192 779 3252 Paulus
811 3193 980 3275 Apostolus
1008 3192 1143 3252 babebat
1171 3195 1325 3256 amicosiu

271 3278 405 3336 Caesaris
438 3276 566 3350 familia,
607 3271 637 3335 et
668 3296 795 3358 pereas
821 3280 852 3336 in
871 3277 967 3337 literis
983 3278 1137 3338 salutabat
1158 3279 1326 3363 Philippeu-

270 3384 335 3436 ses,
366 3383 428 3421 non
463 3375 563 3421 tamen
587 3382 638 3421 eos
666 3364 697 3420 in
721 3363 843 3442 judicio
882 3366 986 3422 socios
1006 3367 1178 3447 assumpsit.
1227 3366 1328 3425 Erum

103 3446 378 3528 anrmao‘paueis
401 3446 607 3528 interpositis:
643 3448 756 3506 Gravia
777 3462 847 3507 sunt
868 3450 942 3522 ista,
967 3460 997 3507 et
1018 3447 1087 3530 plus
1117 3470 1214 3531 quam
1238 3449 1333 3534 gratia,

90 3513 325 3602 ssssssulsssslss¹¹³⁸'sed
347 3543 446 3590 tamen
469 3529 661 3606 istiusmodi,
699 3552 777 3613 quae
800 3544 972 3613 congruant
1003 3535 1033 3590 in
1057 3553 1144 3609 curn,
1179 3538 1238 3617 qui
1262 3534 1338 3594 Anti·

90 3616 209 3661 ‘mm‘
231 3608 258 3667 ⁵2
273 3615 381 3674 christi
425 3617 585 3697 imaginem
615 3614 761 3675 induerit.
815 3618 891 3690 Quis
915 3618 993 3674 enim
1017 3617 1122 3676 videns
1145 3639 1218 3678 eum
1244 3622 1274 3678 in
1295 3617 1339 3676 de·

88 3660 259 3748 {lllldlli'i‘lil
272 3700 426 3761 cernendo
457 3701 628 3781 principem
662 3720 694 3759 se
726 3701 1093 3783 facere-Episcoporum,
1117 3715 1149 3762 et
1172 3705 1338 3786 praesidere

133 3758 168 3766 ιι.

90 3759 398 3862 lillii'⁵0l'i.⁰'judiciis
440 3784 670 3859 ecclesiasticis,
702 3806 765 3844 non
800 3788 909 3845 merito
935 3786 1017 3845 dicat
1038 3786 1124 3845 illum
1151 3809 1219 3847 eam
1258 3794 1341 3871 ipsam

89 3856 249 3953 ffiffiffidp
271 3867 528 3928 abominationem
550 3868 750 3928 desolationis
774 3891 859 3944 esse,
894 3891 973 3950 qnae
995 3893 1011 3930 a
1036 3870 1164 3931 Daniele
1188 3875 1341 3955 praedicta

89 3955 232 4013 ⁰³⁰·9e22·
270 3952 333 4011 est?
376 3954 452 4021 Nam
474 3975 544 4014 cum
566 3957 813 4015 circumamictus
829 3957 870 4014 sit
898 3955 1133 4015 Christianismo
1144 4000 1154 4035 ,
1177 3972 1210 4018 et
1227 3962 1259 4017 in
1283 3959 1343 4017 loca

267 4049 373 4098 sancta
394 4050 555 4120 penetret,
592 4052 622 4098 ct
644 4038 721 4098 inibi
744 4044 914 4098 consistens
941 4032 1075 4100 devast‘et
1097 4040 1273 4119 Ecclesias,
1293 4041 1344 4101 ab·

267 4142 380 4205 rogans
411 4142 565 4197 canones,
600 4125 629 4182 vi
672 4142 803 4207 cogens,
834 4137 872 4185 nt
892 4145 946 4185 sua
969 4125 1148 4201 obtineant,
1188 4133 1262 4210 quis
1289 4146 1344 4185 un·

266 4227 359 4290 qnam
377 4203 507 4266 audebit
530 4206 653 4285 dicere,
677 4206 739 4269 hoc
762 4220 884 4293 tempus
907 4209 1089 4272 Christianis
1104 4225 1257 4294 pacatum
1276 4232 1343 4287 esst,

263 4304 297 4358 et
320 4310 387 4357 non
406 4291 514 4378 potius
536 4294 785 4377 persecutionem
810 4292 895 4358 esset
924 4310 927 4315 ·
1015 4335 1018 4339 -
1063 4334 1068 4343 .
