2752 4770
66 364 157 444 Μ’
255 334 259 347 ¹
437 356 476 423 ΙΝ
494 350 740 427 Priuernati-aa
768 351 796 417 1.
815 349 944 417 Torua.

65 543 158 595 ianua
177 528 275 593 salutis
293 547 409 594 nomas
427 557 502 614 quae
548 530 551 535 ⁸
647 547 673 599 5.
709 535 815 613 IgnatiI
841 532 880 592 de
904 534 1051 592 vocabulo
1070 533 1264 598 ‚Christiano-

65 613 240 679 ianitorum‚
260 624 369 686 regma,
389 614 604 686 etpiscatorum
747 628 821 675 rum,
836 610 984 666 etvirtute
997 610 1025 665 S.
1035 608 1147 665 Crucis
1157 612 1265 686 apoph-

102 686 201 758 lepida
220 687 296 740 inter
314 702 344 740 se
362 687 548 743 commutatio
610 690 674 746 277.
748 683 861 754 lhegmss
1246 693 1314 746 hil.

65 758 262 814 iconoclastae
299 775 351 813 cur
375 758 479 814 thriosi
506 757 606 832 potius
711 754 815 829 Ignatii
835 753 871 808 de
900 753 1016 811 honore
1034 755 1147 829 Episco
1172 774 1267 824 orum,

103 849 188 905 quam
206 831 322 885 erronei
343 830 524 886 existimandi
612 838 675 895 309.
749 838 780 883 et
815 827 1024 884 observatione
1070 830 1138 910 Qua
1161 835 1268 904 regesi·

65 904 309 958 iconoclastarum
336 920 437 970 error,
466 915 515 961 aut
533 904 605 957 insa·
749 918 826 965 mae,
847 901 991 955 sententis
1186 913 1250 971 1207.
1266 910 1304 972 tn.

102 976 150 1029 nia
181 976 278 1045 potins
303 987 476 1048 spontanea,
512 974 605 1051 qualis
714 973 791 1047 Ignis
809 991 895 1046 quem
912 985 1021 1030 vocant
1036 976 1274 1050 Purgatorium„

102 1057 151 1101 eut
173 1049 415 1103 condemnabilis
612 1055 675 1111 309·
749 1046 870 1100 assertio
1270 1057 1305 1108 102

67 1119 310 1176 iconoclastarum
329 1119 475 1176 damnatio
612 1127 675 1180 320.
713 1118 790 1193 Ignis
808 1117 894 1172 alieni
914 1117 951 1171 ad
969 1117 1027 1174 Dei
1044 1120 1145 1178 altare
1153 1123 1261 1191 allatio,

66 1193 291 1249 iconoclasticus
311 1191 600 1267 imperatorquisqui
748 1191 864 1265 mystice
882 1190 954 1263 quid
1268 1202 1304 1260 pt

102 1282 157 1339 par
177 1269 380 1322 Dnraasceuum
400 1276 580 1339 oppugnatus
613 1273 676 1326 628.
713 1264 847 1337 imaginis
867 1263 1070 1329 honoremlad
1082 1277 1265 1342 prototypon

65 1338 267 1395 ieonoclastici
306 1340 493 1395 conciliabuli
528 1337 604 1410 apud
748 1336 901 1392 transferri
1193 1351 1250 1403 31⁶
1262 1348 1299 1402 tle

104 1410 385 1487 Constantinopolim
417 1409 509 1467 hahiti
528 1410 604 1464 dam·
712 1410 846 1485 imaginis
883 1408 995 1481 lignum
1028 1421 1086 1467 aut
1116 1417 1256 1470 materian

103 1485 184 1537 natio
611 1490 675 1542 320.
746 1502 805 1537 non
824 1482 967 1536 honorari
1259 1491 1295 1546 att

65 1556 271 1611 iconomachus
311 1557 470 1629 imperator
495 1555 606 1630 primus
711 1556 846 1629 imaginis
861 1555 969 1609 Christi
988 1573 1053 1627 per
1067 1557 1254 1623 Nicodemum

104 1631 168 1703 quis
613 1636 676 1690 317.
747 1629 840 1683 saetae
863 1628 1043 1682 miraculum
1258 1637 1296 1691 §tt

66 1701 250 1757 iconomachi
270 1701 320 1777 qui
339 1718 393 1775 per
416 1720 501 1778 quam
514 1703 603 1773 Syno·
665 1772 668 1779 ι
712 1701 831 1773 Imagini
856 1718 916 1755 non
941 1713 1091 1777 tanquam
1116 1704 1252 1760 divinitati

104 1775 170 1828 ‹lum
191 1776 421 1830 artethematisati
611 1780 674 1833 528·
746 1773 893 1846 prosterni
1253 1780 1298 1840 ω,

66 1845 149 1901 idola
167 1850 349 1903 ethnicorum
370 1848 543 1922 Imaginibus
561 1863 602 1902 sa·
712 1846 852 1920 Imagines
873 1856 902 1900 et
924 1855 1047 1903 statuae
1076 1849 1176 1904 ametis
1197 1849 1246 1904 eri·

102 1921 159 1973 eris
179 1923 334 1985 conferre,
354 1923 439 1994 quale
459 1920 529 1996 quid
610 1924 674 1978 82⁵·
747 1919 857 1991 gandae
1248 1928 1298 1981 3010

65 1991 148 2045 idola
178 2011 251 2064 quae
281 1994 331 2065 qui
363 2012 417 2063 per
447 1996 605 2064 scripturas
746 1996 809 2047 Deo
832 1992 897 2046 lieri
922 1991 1044 2061 jussae,
1081 1995 1170 2069 parles
1199 2005 1243 2047 sut

78 2063 234 2117 ·damnata
254 2075 282 2118 et
302 2064 409 2130 rejecta
499 2069 674 2127 διο-514.
748 2083 820 2138 quae
1015 2104 1019 2111 -
1241 2068 1289 2122 stt.

64 2134 240 2191 idololatrae
255 2142 268 2188 l
281 2135 339 2209 igil.
351 2136 496 2190 haeretico
512 2135 562 2208 qui
612 2144 676 2198 295.
711 2137 850 2211 Imagines
864 2153 938 2208 quae
960 2156 1029 2210 quo
1040 2156 1085 2193 nos
1099 2137 1209 2190 excitent
1232 2142 1287 2193 3¹5.

64 2207 233 2261 idolatriam
254 2211 350 2283 primo
369 2210 433 2263 DEI
447 2218 604 2282 praecepto
746 2210 849 2285 quibus
866 2208 1023 2267 librorum
1038 2212 1088 2266 sint
1099 2208 1158 2261 loco
1232 2213 1285 2265 tls.

101 2280 252 2354 prohiberi
613 2287 675 2348 242.
719 2284 860 2357 Imagines
883 2298 897 2335 e
921 2285 1089 2340 ostolorum
1112 2278 1183 2336 letti
1204 2287 1228 2331 et
1313 2320 1317 2335 .

65 2352 204 2422 Jejunalis
236 2352 351 2428 prandii
384 2365 497 2427 tempus
535 2352 604 2408 olim
746 2357 825 2411 Pauli
857 2300 918 2428 qui)
944 2357 1009 2425 jam
1056 2357 1121 2411 olim
1141 2355 1231 2408 homas

103 2427 187 2500 quale
207 2441 255 2482 aut
275 2438 412 2502 quantum
530 2434 584 2493 1175
613 2432 666 2493 tto
746 2439 899 2484 veneratae
1237 2421 1284 2483 ili.

65 2501 211 2569 Jejunium
237 2502 294 2556 diei
326 2501 497 2556 Dominieae
522 2502 603 2555 nefas
710 2504 850 2574 Imagines
864 2515 939 2571 quae
963 2514 979 2551 a
1009 2500 1120 2573 quihus
1138 2498 1240 2570 Episco-

102 2591 181 2640 esse,
210 2595 243 2630 ex
254 2575 409 2630 traditione
422 2574 523 2629 haberi
536 2592 602 2647 apo·
767 2577 788 2628 is
808 2584 856 2626 aut
868 2570 1092 2643 Episcoporum
1108 2571 1242 2628 consenti-

102 2648 202 2700 stoliea
610 2655 672 2710 391.
742 2595 795 2701 hm
814 2645 953 2699 adoratae
1246 2647 1286 2700 stt

64 2719 172 2786 JeJunn
214 2717 313 2774 rndrctl
352 2719 508 2774 violatores
546 2737 601 2791 qun
708 2721 847 2792 Imagines
872 2734 926 2770 eur
953 2717 983 2769 in
1005 2718 1127 2790 templis
1148 2735 1243 2791 props-

100 2809 193 2864 poena
212 2790 357 2865 plectendi
386 2807 389 2817 ’
526 2798 588 2856 475.
609 2799 671 2859 476.
744 2795 814 2847 sitae
1247 2791 1287 2845 iii·

62 2865 170 2934 iejunii
191 2877 314 2939 quatuor
338 2878 498 2938 temporum
520 2877 600 2918 certo
707 2866 847 2939 Imagines
864 2860 972 2915 Christi
994 2873 1026 2915 ot
1040 2863 1159 2918 Mariae
1174 2881 1190 2917 a
1204 2864 1236 2916 la
1323 2876 1325 2889 ¹

99 2938 254 3008 deliniendi
284 2939 378 3004 ratio,
410 2956 493 3013 quam
512 2937 601 2992 fuerit
742 2935 966 3008 coevangelista
986 2934 1088 2989 factae
1248 2934 1287 2987 lili
1318 2962 1322 2971 ·

100 3011 169 3065 olim
189 3011 315 3064 difficliis
608 3018 672 3079 476.
708 3008 913 3083 imaginesqui
932 3007 1133 3064 honorandae
1246 3009 1284 3062 iil

63 3084 199 3154 iejuniis
218 3086 320 3171 pascha
339 3101 428 3158 usque
447 3081 484 3136 ad
500 3085 602 3138 Pente·
703 3086 865 3157 imaginum
880 3079 989 3134 Christi
1011 3090 1062 3132 ant
1077 3080 1241 3135 Sanrtoran

100 3168 199 3212 costen
220 3156 424 3212 immunitatem
443 3166 491 3211 aut
512 3157 600 3210 inter·
743 3175 829 3221 usus,
850 3173 885 3209 an
904 3170 967 3206 crim
986 3153 1092 3223 primo
1104 3157 1242 3227 Deipras·

101 3231 285 3299 missionem,
306 3229 471 3286 traditionis
489 3241 601 3301 aposto·
745 3240 829 3302 cepto
847 3236 956 3300 pugnet

64 3303 137 3358 lirae
157 3321 217 3358 esse
609 3310 671 3365 591.
744 3304 808 3376 pius
827 3317 894 3354 usus
913 3298 977 3424 <pris

65 3377 178 3443 Ieiunia
207 3375 318 3432 illariao
338 3386 366 3430 et
383 3374 560 3446 parsimonia
607 3382 671 3434 202.
709 3376 865 3444 Imaginum
888 3382 994 3425 rutum
1014 3381 1044 3425 et
1070 3390 1174 3439 usum,
1194 3386 1244 3425 esse

65 3450 180 3520 ieiunia
190 3468 264 3525 quae
276 3449 325 3523 qui
340 3448 520 3503 observanda
528 3457 591 3514 eta.
606 3454 671 3513 tte.
743 3445 907 3503 traditis-nis
950 3445 1139 3515 apostolicae
1178 3460 1232 3498 nou

5 3524 9 3541 ·
480 3529 535 3587 ms
555 3551 588 3560 -·
607 3528 670 3586 stt·
745 3523 868 3592 serapin
1009 3524 1072 3575 sis.
1095 3527 1161 3578 sco.
1183 3506 1316 3627 set-⁵⁹³}

65 3593 178 3660 ieiunia
211 3612 262 3648 cur
291 3593 471 3668 quorundam
491 3605 600 3648 saneto·
709 3594 867 3667 imaginum
876 3591 1163 3645 sanctarumutilitas
1174 3605 1244 3664 quse,

100 3682 163 3717 rum
183 3667 262 3719 festis
283 3668 504 3739 praemittantur
610 3673 672 3732 476.
746 3679 774 3723 et
794 3682 867 3738 quae
876 3663 917 3716 eis
939 3660 1087 3715 debentur
1105 3659 1284 3719 veneratioiih

120 3737 168 3792 hta
186 3751 284 3792 votum
304 3738 339 3794 de
358 3740 554 3794 immolatione
571 3739 603 3792 fi.
711 3740 869 3812 imaginum
885 3733 1154 3807 perNicephorum
1168 3737 1243 3792 histo
1272 3798 1278 3808 ‚

63 3738 97 3794 ie

100 3757 159 3866 iias
178 3811 262 3883 quale
612 3818 674 3878 aad.
746 3815 838 3867 ricum
856 3807 978 3863 assertio
1247 3801 1282 3857 ill

67 3885 150 3939 iesus
170 3883 240 3957 quid
262 3893 344 3937 sonet
559 3892 604 3945 26.
627 3893 672 3944 27.
711 3885 868 3958 imaginum
881 3898 988 3935 saerar.
1003 3877 1245 3935 defendendarum

67 3960 136 4012 Iesu
156 3973 223 4029 erga
243 3971 296 4008 nos
314 3973 396 4009 amor
415 3968 536 4031 quantus
629 3966 672 4018 38.
748 3958 839 4032 gretia
857 3953 1236 4023 multosmartyrioallectos
1249 3946 1284 4001 sil

46 4031 196 4104 'ignatius
218 4027 412 4084 etsicustodia
432 4041 461 4084 et
483 4029 603 4084 vinculis
712 4029 888 4103 lineginihus
915 4024 995 4098 quod
1008 4026 1064 4092 lit,
1098 4024 1246 4100 imaginita·

106 4105 232 4167 cinctus,
254 4101 283 4153 in
302 4119 361 4172 quo
380 4098 417 4153 ad
429 4103 605 4157 mortemiti-
749 4104 786 4159 tis
801 4120 855 4175 per
870 4116 939 4163 eas,
958 4097 1024 4151 ficri
1249 4091 1284 4147 iii

106 4194 179 4231 nere
203 4193 289 4246 quam
314 4172 416 4229 sedulo
434 4189 467 4227 ae
493 4174 608 4231 fervide
714 4177 856 4248 imagines
875 4170 1064 4227 devotionem
1083 4169 1208 4225 excitare
1251 4165 1283 4220 iil

106 4248 179 4326 quid
198 4245 331 4306 docuerit
613 4253 680 4315 405,
713 4248 854 4325 Imagines
868 4243 973 4300 Christi
997 4254 1029 4299 et
1049 4243 1183 4311 Mariae,
1204 4240 1247 4294 Pe·
