2768 4762
298 358 305 366 ’“
362 334 826 463 caenoso„
1060 394 1147 477 ω

65 590 167 658 nsque
186 591 286 634 mane.
345 569 505 647 Quicum
524 569 665 649 videret,
698 569 785 653 qnod
808 588 878 633 eum
911 590 1059 655 superare
1079 593 1146 636 non

65 693 195 769 posset,
233 679 336 761 tetigit
362 697 492 738 nervum
520 678 647 739 femoris
681 678 766 758 ejus,
804 691 836 741 et
861 681 965 742 statim
986 687 1143 745 emarcuit.
1253 677 1256 685 ’

65 776 213 872 Βίιὶῑᾷιιε
234 787 274 849 ad
297 807 382 847 eum:
417 786 547 848 Dimitte
570 806 637 856 me;
668 787 733 868 jam
757 789 837 849 enim
859 789 999 850 ascendit
1018 811 1143 853 aurora.

67 894 257 980 Respondit:
292 895 364 959 Non
392 894 542 955 dimittam
570 906 625 970 te,
654 895 715 953 nisi
743 891 938 959 benedixeris
961 896 1047 959 mihi.
1089 897 1146 962 Ait

65 1025 162 1088 ergo:
186 1002 284 1079 Quod
306 1023 418 1063 nomen
441 990 488 1063 es't
507 1000 592 1062 tibi?
635 1000 827 1084 Respondit:
858 1003 966 1066 Jacob.
1011 1003 1143 1069 atille:

65 1109 292 1195 Nequaquam,
325 1111 444 1191 inquit,
475 1108 573 1170 Jacob
596 1107 808 1192 appellabitur
829 1130 942 1171 nomen
962 1122 1069 1191 tuum,
1089 1113 1145 1176 sed

67 1219 182 1298 Israel,
217 1220 364 1301 quoniam
385 1200 543 1279 si'eontra
564 1217 665 1276 Deum
687 1216 780 1276 fortis
802 1215 907 1292 fuisti,
941 1231 1058 1299 quanto
1079 1202 1146 1282 ma.¹

67 1332 114 1414 gis
137 1338 247 1389 contra
269 1324 409 1385 homines
442 1322 659 1407 praevalebis?
699 1323 911 1406 Interrogabis
939 1345 1009 1419 eum
1026 1326 1146 1389 Jacob:

64 1437 128 1497 Dic
154 1434 252 1510 mihi,
277 1453 339 1514 quo
363 1430 530 1515 appellaris
550 1430 699 1493 nomine?
741 1431 935 1525 Respondit:
959 1432 1024 1492 Cur
1049 1454 1147 1516 quae·

66 1547 111 1604 ris
135 1562 248 1603 nomen
269 1539 388 1600 meum?
430 1539 473 1600 Et
491 1538 648 1601 benedixit
681 1541 709 1600 ei
731 1539 763 1599 in
784 1539 894 1601 eodem
915 1540 997 1601 loco.
1040 1538 1148 1603 Voca-

66 1655 174 1733 vitque
194 1647 292 1709 Jacob
316 1667 428 1708 nomen
452 1645 516 1708 loci
537 1646 620 1707 illius
641 1645 803 1728 Phanuel,
826 1648 948 1710 dicens:
979 1647 1056 1710 Vidi
1076 1650 1148 1711 Do-
1208 1642 1211 1649 ¹

69 1761 188 1818 minum
207 1754 286 1815 faeie
305 1753 346 1815 ad
368 1754 497 1833 faciem,
539 1767 571 1816 et
590 1755 672 1816 salva
693 1754 776 1847 sacta
796 1769 843 1819 est
863 1759 964 1818 anima
983 1777 1062 1824 mea.

154 1882 284 1947 Oscae
303 1883 398 1945 XIL:
415 1870 456 1944 ¹In
478 1896 571 1946 utero
591 1884 801 1969 supplantavit
822 1886 952 1950 fratrem
972 1891 1061 1951 sunau
1072 1934 1084 1970 ,
1114 1903 1147 1954 et
1201 1948 1204 1969 ,

68 1990 101 2050 in
132 1989 318 2053 fortitudine
353 2012 408 2052 sua
440 1989 577 2052 directus
611 2003 657 2053 est
689 1992 815 2070 (Jacob)
848 2015 918 2058 cum
939 1996 1059 2080 angelo.
1101 1998 1146 2060 Et
1201 1978 1203 1985 Ι

65 2096 194 2159 invaluit
218 2097 256 2158 ad
278 2094 442 2183 angelum,
474 2109 506 2159 et
527 2093 724 2162 confortatus
746 2112 810 2162 est:
844 2098 946 2182 flevit,
969 2114 1000 2165 et
1021 2105 1145 2191 rogavit

67 2225 151 2267 eum:
186 2208 219 2266 in
247 2205 354 2267 Bethel
376 2206 493 2266 invenit
512 2226 590 2267 eum.
1211 2202 1214 2207 “

150 2335 274 2396 Zach.
295 2336 338 2397 l.:
361 2335 404 2395 Et
425 2335 587 2416 respondit
608 2336 733 2420 angelus
754 2338 893 2418 Domini,
916 2352 948 2402 et
962 2339 1055 2403 dixit:
1074 2344 1145 2409 Do·

69 2446 150 2505 mine
181 2442 387 2527 exercituum,
421 2458 584 2520 usquequo
619 2453 655 2499 tu
676 2463 741 2502 non
761 2445 955 2506 misereberis
976 2449 1145 2509 Jerusalem

69 2563 101 2610 et
131 2546 257 2613 urbium
284 2542 379 2620 Juda,
402 2540 516 2624 quibus
543 2545 640 2605 iratus
667 2546 718 2607 esi
740 2549 797 2609 iste
818 2551 882 2629 jam
904 2555 1145 2634 septuagesimus

69 2676 169 2719 annus
192 2664 246 2714 est.
289 2651 331 2712 Et
354 2649 516 2735 respondit
533 2651 686 2712 Dominus
714 2642 843 2737 angelo,
877 2659 934 2739 qui
956 2656 1146 2741 loquebatur

69 2767 102 2824 iu
125 2784 193 2839 me,
214 2758 309 2822 rerba
331 2759 435 2837 bona,
463 2755 560 2818 verba
580 2757 799 2822 consolatoria.

152 2873 296 2932 Jerem.
318 2866 412 2932 XV.:
441 2866 483 2927 Et
501 2864 578 2927 dixit
608 2867 761 2930 Dominus
792 2868 832 2931 ad
863 2890 932 2931 me:
966 2870 999 2932 Si
1023 2870 1146 2934 steterit

64 2979 194 3066 ¹Moyses
225 2991 256 3038 et
285 2974 409 3037 Samuel
435 2994 542 3039 curam
561 2994 628 3054 rue,
663 2996 728 3036 nou
749 2988 796 3038 est
817 2977 916 3053 anima
937 2999 1003 3040 mea
1023 2979 1063 3040 ad
1084 3001 1146 3064 po-

67 3085 178 3170 pulum
199 3091 301 3146 istum.
565 3156 575 3170 ῃ
799 3087 808 3101 ’
836 3070 840 3075 ’
1204 3080 1207 3085 ’

154 3192 206 3252 Et
226 3191 330 3257 Rom.
350 3189 440 3252 XV.:
474 3189 616 3255 Obsecro
639 3212 713 3278 ergo
735 3213 791 3255 vos
815 3193 928 3254 fratres
957 3214 1016 3278 per
1034 3192 1148 3254 Domi-

69 3319 145 3360 num
166 3311 309 3360 nostrum
330 3298 463 3361 JESUM
484 3299 711 3377 CHRISTUM,
738 3312 769 3360 et
789 3319 848 3385 per
868 3302 1026 3362 caritatem
1047 3301 1146 3360 sancti
1246 3276 1253 3293 Ι

68 3407 220 3490 Spiritus,
238 3418 275 3467 nt
293 3406 446 3489 adjuvetis
468 3427 517 3495 me
541 3407 574 3467 in
597 3404 796 3467 orationibus
818 3427 879 3489 pro
899 3429 948 3467 me
970 3406 1010 3467 ad
1030 3406 1142 3484 Deum,

69 3526 107 3576 ut
129 3512 246 3575 liberer
265 3514 306 3575 ab
330 3512 525 3593 infidelibus,
556 3514 702 3596 quisunt
724 3519 756 3573 in
777 3513 893 3575 Judaea
914 3525 971 3575 ete.
1106 3578 1109 3583 ,

154 3622 270 3684 Heba.
293 3622 403 3682 XIII.:
426 3621 522 3682 Orate
543 3641 604 3706 pro
626 3618 734 3682 nobis:
757 3619 945 3681 confidimus
967 3621 1144 3705 enim,·qnia

68 3729 184 3792 bonam
207 3732 427 3792 conscientiam
462 3727 629 3803 babemus,
670 3729 701 3788 in
734 3727 877 3790 oninibus
907 3728 1144 3791 benevolentes

70 3820 263 3908 conversari:
298 3837 439 3920 Amplius
475 3849 575 3897 autom
597 3836 750 3920 deprecor
770 3857 825 3897 vos
851 3835 913 3899 boc
934 3836 1054 3914 facere,
1077 3856 1145 3920 quo

71 3945 202 4008 celerius
232 3946 380 4007 restituar
400 3942 501 4006 vobis.

154 4051 302 4136 Ephes.
323 4052 399 4114 VL:
431 4051 602 4138 Vigilantes
636 4071 668 4108 m
691 4051 775 4110 omni
797 4051 960 4128 instantia,
998 4065 1029 4115 et
1050 4052 1144 4116 obsc-

74 4161 210 4229 uratione
242 4180 303 4243 pro
326 4158 470 4220 omnibus
492 4168 627 4233 sanctis,
664 4169 694 4217 ct
718 4178 779 4240 pro
800 4178 864 4235 me,
897 4171 933 4219 ut
953 4159 1046 4220 detur
1064 4161 1141 4222 mihi

69 4288 171 4333 sermo
205 4271 238 4329 in
265 4269 426 4350 apertione
454 4267 518 4329 oris
551 4272 610 4327 ruci
642 4286 712 4324 cum
745 4261 879 4342 fiducia,
908 4280 1016 4327 notum
1041 4248 1152 4328 facere

854 4371 934 4454 17*
