2752 4770
367 380 774 450 uectusaaa
1031 387 1111 481 4¹1
1175 332 1178 339 ’

46 590 124 658 geras
164 563 311 629 videlicet
341 588 403 650 pro
435 578 577 653 tempore
609 589 773 651 personam
799 566 831 628 lu
852 562 992 629 Ecclesia
1025 566 1110 629 DEI.

46 659 119 735 Quis
146 652 201 714 es?
243 653 395 714 Sacerdos
420 674 723 738 magnus,sumn1us
745 653 900 714 Pontifex.
943 654 993 712 Tu
1021 655 1113 737 priu-

46 762 111 818 icps
151 740 386 821 episcoporum,
423 750 460 799 tu
491 739 599 798 haeres
635 739 879 822 Apostolorum,
913 750 948 799 tu
975 740 1112 820 primatu

46 823 137 901 thol,
161 821 335 905 gubernatu
351 822 435 901 Noe,
466 822 677 905 patriarchatu
700 822 872 897 Abrabam,
895 821 1006 882 ordine
1032 823 1113 883 blel-

46 907 221 983 :hisedceh,
251 909 400 990 dignitate
434 908 558 985 Aaron,
598 911 783 969 auctoritate
816 909 935 981 Moses,
969 908 1113 988 judicatu

46 991 180 1068 Samuel,
213 1005 365 1074 potestate
391 993 524 1072 Petrus,
554 996 702 1053 unctione
725 993 875 1053 Christus.
919 992 968 1050 Tu
990 1014 1038 1070 cs,
1061 994 1112 1053 cui

46 1078 142 1140 :lares
174 1077 330 1153 traditae,
363 1079 412 1136 cui
446 1099 517 1136 ores
542 1079 677 1139 creditae
709 1090 790 1139 suut.
841 1078 921 1138 Sunt
942 1079 1066 1157 quidem
1084 1089 1115 1138 et

46 1164 91 1225 alii
121 1160 198 1221 caeli
220 1162 393 1240 janitores,
423 1175 453 1222 et
478 1182 603 1245 gregum
632 1175 789 1245 pastores,
811 1161 865 1220 sed
887 1173 1025 1223 tutante
1045 1163 1292 1245 glomMmffl,

46 1247 167 1323 riosius,
190 1258 308 1326 quanto
326 1260 355 1306 et
379 1247 570 1307 differentius
593 1261 756 1328 utrumque
771 1267 845 1329 prae
864 1247 990 1305 caeteris
1003 1243 1289 1307 nomeu¹⁰⁸¹²¹²·⁸¹·¹²·

46 1329 249 1393 haereditasti.
314 1330 437 1391 Habent
471 1330 516 1389 illi
554 1331 614 1392 sibi
645 1334 813 1415 assignatos
846 1351 969 1414 greges,
1002 1332 1116 1414 singuli

46 1413 199 1499 siugulose
221 1414 280 1475 tibi
301 1417 434 1474 universi
456 1414 577 1491 crediti,
599 1419 653 1476 uni
678 1437 767 1477 unus.
811 1414 873 1475 Nec
895 1413 989 1474 modo
1003 1419 1116 1491 orium,

46 1500 97 1563 ted
123 1510 155 1559 et
185 1512 346 1581 pastorum
379 1506 681 1581 tulunusomnium
704 1513 830 1584 pastor.
874 1499 963 1559 Unde
986 1500 1019 1559 id
1039 1521 1117 1583 pro·
1140 1531 1263 1575 mm„

46 1584 125 1661 bem,
149 1584 294 1664 quaeris?
337 1584 384 1644 Ex
415 1582 512 1645 verbo
548 1587 685 1646 Domini.
745 1586 804 1646 Cui
839 1589 920 1643 euim
953 1603 1017 1645 non
1044 1581 1281 1670 dicossgssjffit‘*

46 1669 292 1753 Episcoporum,
321 1669 375 1749 sed
398 1670 487 1728 etiam
504 1670 754 1752 Apostolorum,
786 1667 987 1730 sicabsolute
1012 1681 1043 1729 et
1068 1672 1118 1727 in·

46 1752 178 1815 discrete
209 1765 294 1814 totae
325 1754 501 1813 commissae
530 1766 603 1815 sunt
629 1754 724 1815 ovesl
766 1754 799 1814 Si
826 1774 874 1813 me
904 1773 982 1819 amas
1013 1753 1117 1830 Petre,

46 1857 140 1921 pasce
161 1858 231 1898 ores
261 1856 351 1897 meas.
395 1837 498 1911 Quas?
541 1838 629 1905 Illius
648 1838 696 1897 vel
719 1837 802 1900 illius
820 1835 956 1921 populos
976 1839 1115 1912 civitatis,
1127 1859 1295 1915 cisalpina·

46 1932 104 1981 aut
127 1924 280 2005 regionis,
312 1932 366 1981 aut
393 1923 468 1982 certi
503 1922 614 2006 regni?
656 1923 736 1984 Oves
765 1943 868 1996 meas,
903 1922 1014 2003 iuquit.
1058 1922 1115 1980 Cui
1127 1909 1249 2010 mim,
1264 1969 1296 2006 m

46 2025 112 2065 nou
130 2004 271 2087 pianum,
294 2026 358 2066 non
383 2005 555 2088 designasse
575 2007 713 2087 aliquas,
734 2007 788 2067 sed
805 2005 979 2087 adsignasse
993 2005 1116 2069 omnesl

46 2088 131 2149 Nihil
158 2093 328 2174 excipitur,
350 2088 405 2151 ubi
428 2090 629 2174 distinguitur
643 2088 732 2151 nihil.
775 2090 818 2151 Et
840 2102 977 2172 caetera,
998 2102 1035 2151 ut
1050 2109 1119 2175 sup.
1214 2100 1218 2116 ·

46 2173 84 2235 de
112 2173 217 2251 Symb.
240 2176 306 2237 ead.
329 2187 447 2257 quaest.

74 2349 79 2355 -
130 2317 159 2372 1.
181 2306 216 2367 B.
263 2304 534 2385 HIERONYMUS
561 2307 593 2365 iu
616 2304 729 2388 dialog.
753 2318 836 2368 cont.
858 2303 1009 2367 Lucifer:
1046 2304 1123 2365 Bre-
1160 2348 1164 2363 .
1232 2283 1248 2369 1'

46 2410 111 2450 vem
129 2389 190 2448 tibi
209 2398 405 2470 apertamque
428 2392 518 2449 auinri
540 2393 598 2449 mei
616 2391 793 2450 seutentiam
810 2391 986 2472 proferam:
1014 2392 1049 2449 Iu
1065 2389 1208 2463 illamqua
1221 2412 1298 2451 acer..

46 2494 111 2551 esse
149 2472 290 2531 Ecclesia
317 2473 576 2555 permanendum,
612 2495 690 2554 quae
719 2474 757 2533 ab
788 2473 947 2555 Apostolis
980 2462 1269 2550 lundata,2⁵„¹¹„JJJ‚'f¹⁸‘

46 2577 146 2638 usque
180 2556 220 2615 ad
258 2554 337 2615 diem
362 2555 441 2617 banc
464 2558 568 2622 durat.
624 2557 730 2616 Sicubi
758 2559 891 2616 audieris
910 2578 977 2631 cos,
1002 2563 1054 2638 qui
1071 2557 1121 2615 di-

47 2653 167 2702 curatur
201 2638 379 2717 CHRISTI,
416 2663 479 2701 non
505 2640 1005 2714 aDominoJESUCHItISTO,
1029 2640 1121 2699 seda
1147 2676 1280 2716 „mm

48 2724 208 2807 quoquam
240 2724 301 2785 alio
328 2728 504 2809 nuncupari
529 2769 540 2804 ,
562 2739 689 2808 utputa
716 2726 948 2799 Illarcionistas‚
981 2723 1300 2814 Valenti—fffgdffb

48 2811 181 2886 uiauos,
233 2811 410 2869 Illontcnscs
453 2813 516 2870 sive
570 2812 742 2893 Compitas:
792 2812 870 2870 scito
909 2830 973 2868 non
1012 2788 1297 2879 Eccle-susyio'goii'.

48 2896 124 2954 siam
173 2893 355 2971 CHRISTI,
418 2894 471 2954 sed
514 2895 717 2970 Anticlrristi
738 2915 801 2955 esse
836 2910 1039 2977 synagogamz
1086 2912 1122 2951 ex

47 2976 111 3038 boe
135 2980 214 3037 euim
235 2980 324 3060 ipso,
358 2979 445 3059 quod
467 2993 575 3062 postca
597 2982 729 3040 instituti
751 2991 843 3054 sunt,
866 3000 918 3037 cos
938 2999 969 3038 sc
986 2998 1049 3038 esse
1073 2978 1123 3035 in-

49 3062 177 3138 dicant,
207 3083 286 3143 quos
320 3061 446 3123 futuros
477 3064 647 3147 Apostolus
676 3064 918 3146 praenunciavit.
971 3061 1035 3122 Nec
1061 3059 1122 3120 sibi

47 3144 268 3222 blandiantur,
295 3147 321 3206 si
342 3146 380 3205 dc
395 3142 621 3230 scripturarum
643 3148 786 3230 capitulis
802 3146 947 3206 videntur
961 3146 1020 3207 sibi
1036 3145 1123 3205 allir-
1146 3163 1275 3224 serapion.

47 3250 153 3307 mare,
186 3231 274 3312 quod
301 3230 424 3307 dicunt,
463 3252 532 3291 cum
555 3245 584 3292 et
604 3231 748 3293 diabolus
778 3231 816 3290 de
835 3232 999 3313 scripturis
1020 3219 1290 3319 aliquaffifssffi

48 3316 89 3376 sit
110 3312 249 3391 locutus,
280 3327 312 3376 et
333 3318 508 3399 scripturae
542 3338 606 3377 non
638 3320 670 3377 in
691 3315 820 3403 legendo
845 3318 1037 3395 consistant,
1068 3310 1239 3375 aedm‘stl·

46 3399 82 3460 in
106 3398 318 3483 iutelligcudo.

134 3541 166 3596 2.
209 3528 439 3590 GYPRIrlNUS
470 3530 505 3592 L.
534 3528 590 3590 IV.
618 3550 666 3612 ep.
686 3544 716 3599 9.
742 3531 781 3595 ad
804 3531 944 3593 Floreat.
964 3552 1018 3592 seu
1034 3530 1125 3615 Pup-

46 3614 156 3697 pim:
177 3612 244 3673 Etsi
268 3627 433 3675 contumax
456 3636 491 3675 ac
504 3610 640 3696 superba
658 3615 810 3677 obaudire
828 3617 1001 3677 nolentium
1019 3616 1125 3675 multi-

46 3696 128 3759 tudo
143 3696 312 3774 discedat,
347 3699 485 3760 EcelcsIa
515 3712 614 3759 tamen
638 3721 655 3759 a
688 3702 864 3762 CHRISTO
894 3722 957 3761 non
990 3700 1302 3760 recedit281000r3220·

48 3795 80 3842 et
98 3780 145 3843 illi
177 3795 250 3842 suut
279 3782 442 3859 Ecclesia,
474 3783 563 3867 plebs
589 3785 742 3844 sacerdoti
769 3785 921 3859 adunata,
945 3797 976 3845 et
1003 3787 1123 3868 pastori
1135 3760 1304 3893 „iillffi

47 3885 106 3926 suo
142 3888 215 3948 grex
244 3867 423 3928 adhaerens.
486 3870 574 3927 U'nde
604 3869 684 3929 scire
718 3868 830 3947 debes,
864 3870 1057 3953 Episcopum
1091 3890 1215 3942 indm„

49 3946 189 4011 Ecclesia
222 3972 307 4029 esse,
338 3964 374 4033 et,
397 3951 566 4012 Ecclesiam
594 3954 624 4011 in
659 3954 834 4036 Episcopus
868 3966 900 4015 et
931 3956 956 4013 si
977 3956 1032 4035 qui
1055 3971 1237 4027 cumosicum
1249 3967 1302 4021 cpi.

48 4030 212 4117 Episcopo
239 4057 303 4097 non
338 4040 425 4113 siut,
464 4039 496 4096 in
533 4036 671 4098 Ecclesia
696 4059 759 4099 non
778 4059 860 4099 esse:
882 4050 913 4099 et
932 4038 1049 4099 frustra
1064 4037 1123 4098 sibi
1135 4032 1210 4115 ’,ξῗῇζ
1221 4030 1301 4106 diii..

46 4112 188 4179 blandiri
209 4140 280 4195 cos,
303 4126 357 4204 qui
377 4143 483 4206 pacem
496 4144 566 4183 cum
587 4122 802 4183 sacerdotibus
823 4122 900 4185 DEI
921 4143 986 4184 non
1006 4121 1125 4184 habeu-
1134 4120 1287 4208 {3:301}ss

46 4212 96 4263 tea
125 4204 306 4288 obrepunt,
345 4220 376 4268 et
406 4207 537 4269 latenter
567 4207 652 4290 apud
679 4208 830 4289 quosdam
849 4206 1075 4269 communicare
1094 4226 1126 4267 se
1136 4214 1256 4258 ueneno.

46 4286 202 4371 modone
229 4289 358 4372 mando
388 4290 546 4370 Ecclesia,
573 4311 654 4374 quae
676 4280 831 4355 catholica
856 4314 920 4357 uua
942 4303 1000 4371 eat,
1032 4291 1127 4353 scissa
