2768 4762
437 360 773 449 SRMBOLO.
1091 376 1142 442 13

67 551 129 626 rel
151 576 228 625 non
250 564 392 624 rectam
409 547 548 624 Christi
562 547 673 624 fidem
685 546 914 655 prolitontur',
930 549 1142 624 discernen-

71 676 109 750 di
132 700 180 751 nc
204 672 483 749 internoscendi
506 691 606 753 suut.

362 878 408 947 ·P
460 878 494 948 A
542 874 576 945 'l'
626 877 662 946 R
712 873 742 945 Ε
794 872 831 945 S.

158 1059 186 1116 1.
209 1044 401 1107 CLEMENS
424 1042 665 1129 epistoluprima
683 1044 722 1106 ad
745 1045 872 1106 fratrem
884 1044 1026 1108 Domini:
1050 1046 1143 1109 Chri·

68 1144 119 1195 sto
139 1144 320 1214 resurgente
342 1144 373 1191 ct
393 1128 575 1191 ascendente
600 1133 633 1190 in
652 1130 780 1204 caelum,
803 1132 896 1191 misso
920 1146 1026 1193 sancto
1039 1132 1143 1215 Spiri-

67 1231 116 1295 tu,
139 1214 253 1277 collata
276 1213 437 1299 Apostolis
455 1215 581 1275 scientia
599 1213 790 1296 linguarum,
825 1212 930 1273 adhuc
946 1218 978 1275 in
997 1236 1061 1275 uno
1080 1236 1143 1297 po-

68 1304 132 1381 siti,
149 1298 334 1377 symbolum,
356 1297 444 1380 quod
468 1295 570 1358 fidelis
590 1318 672 1357 nunc
696 1298 781 1357 tedet
805 1296 954 1375 Ecclesia,
975 1286 1317 1389 urruss1uis·},¹}⁸,¹,⁰,¹{„⁶'¹

70 1405 131 1468 que
163 1384 251 1466 qued
286 1384 380 1443 sensit
405 1380 551 1457 dicendo,
581 1380 799 1455 condiderunt,
832 1392 869 1440 ut
889 1379 1080 1441 discedentes
1103 1380 1307 1478 sbffillffit

68 1470 209 1544 invicem,
239 1467 322 1527 bunc
347 1465 482 1547 regulam
498 1484 557 1546 per
580 1483 683 1523 omncs
710 1475 813 1546 gentes
837 1463 1060 1546 praedicarent
1103 1445 1180 1525 Iity
1221 1448 1235 1475 ⁰

94 1564 144 1612 ost
158 1571 274 1633 pauca:
298 1548 480 1623 Symbolum
499 1549 580 1607 enim
601 1568 717 1630 graece,
745 1546 837 1607 latine
859 1547 988 1609 collatio
1018 1549 1140 1614 dicitur.
1154 1541 1305 1641 ξξῖξζῶξξ·

100 1647 116 1694 t
137 1634 201 1693 hoc
219 1630 374 1774 praedicti
398 1634 495 1692 sancti
509 1630 654 1715 Apostoli
678 1633 758 1691 inter
775 1650 807 1690 se
825 1652 883 1715 per
901 1632 1053 1716 Spiritum
1075 1652 1145 1692 san·
1292 1619 1299 1633 ⁸

72 1730 158 1777 ctum
185 1735 217 1775 sa
231 1714 353 1775 ubriter
376 1715 436 1799 (ut
466 1716 585 1776 dictum
610 1714 678 1797 est)
702 1714 911 1777 condiderunt
964 1716 1089 1777 Dicitur
1115 1728 1145 1776 ct

71 1796 235 1876 indicium,
280 1799 344 1861 uod
388 1822 422 1860 er
444 1798 516 1877 boc,
538 1800 593 1881 qui
614 1811 697 1859 recte
722 1798 899 1876 crediderit,
923 1799 1088 1864 indicetur.

156 1896 185 1950 2.
300 1822 445 1945 nolles
474 1886 506 1943 in
527 1885 614 1965 epist.
630 1880 770 1944 Lxxxl.
791 1883 829 1943 ad
848 1880 966 1959 Syrie:
988 1884 1141 1947 Credatur
1153 1875 1286 1929 ⁸7¹=¹³0¹r=

67 1965 213 2044 symbolo
228 1964 463 2048 Apostolorum,
496 1966 583 2051 quod
603 1966 749 2034 Ecclesia.
763 1966 902 2030 Romana
924 1970 1140 2033 intemeratum
1151 1927 1320 2064 ffiffibili

66 2070 188 2135 semper
208 2050 347 2113 custodit
366 2064 396 2113 et
412 2063 522 2113 serrat
1152 2078 1293 2116 russmr.

151 2170 183 2227 ὅ.
206 2156 324 2217 IDEM.
338 2176 428 2223 serm.
443 2156 623 2220 XXXVIII.
636 2184 644 2218 ε
658 2156 808 2220 Arbitror
821 2158 1033 2243 Apostolicam
1047 2156 1140 2220 fidem

69 2240 237 2304 duodecim
267 2238 419 2302 artificum
447 2245 629 2324 operatione
650 2238 822 2305 conlatam.
864 2244 1038 2306 Duodecim
1058 2246 1139 2303 enim

68 2325 298 2410 Apostolorum
324 2325 467 2400 symbolo
494 2325 571 2387 fides
591 2339 696 2387 sanctu
717 2340 866 2409 conceptu
884 2340 948 2406 est,
979 2331 1032 2411 qui
1055 2328 1140 2389 velut

68 2412 165 2495 periti
185 2407 319 2471 artifices
345 2412 377 2469 in
401 2431 498 2469 unum
516 2413 751 2486 convenientes,
784 2410 898 2471 clavem
922 2434 980 2473 suo
1006 2412 1139 2473 consilio
1151 2404 1230 2448 Μ·
1243 2412 1288 2450 Μ·

68 2492 293 2559 conflaverunt.
335 2492 458 2553 Clavem
474 2495 553 2553 euim
572 2491 726 2575 quendam
750 2495 851 2575 ipsum
866 2493 1040 2570 symbolum
1056 2496 1142 2556 dire-

68 2580 139 2657 rim,
151 2598 211 2663 per
228 2564 316 2659 qdod
331 2589 506 2637 reserantur
520 2575 638 2639 diaboli
655 2575 810 2653 tenebrae,
835 2589 871 2637 ut
888 2576 941 2637 lux
955 2578 1071 2638 Christi
1085 2578 1142 2638 ad-

68 2664 190 2725 venias
212 2663 395 2745 operiuntur
420 2663 625 2722 conscientiae
649 2660 752 2737 clausa
775 2673 911 2745 peccatu,
949 2673 985 2721 ut
1004 2663 1140 2745 justitiae

67 2746 207 2832 fulgeant
229 2767 325 2829 opere
350 2747 517 2807 manifesta
560 2747 661 2830 Igitur
682 2744 760 2807 baec
783 2744 875 2807 clavis
894 2745 1082 2808 ostendenda
1097 2759 1143 2808 cst

67 2830 221 2894 fratribus
241 2832 373 2908 nostris,
388 2843 425 2891 ut
446 2843 477 2891 et
496 2832 555 2914 ipsi
579 2844 725 2913 tanquam
742 2830 888 2915 discipuli
899 2831 997 2910 Petri,
1021 2831 1142 2894 inferna
1249 2876 1252 2883 -

66 2916 129 2979 sibi
148 2920 295 2993 reserere,
316 2915 421 2977 coelos
434 2917 555 2999 aperire
568 2928 778 2978 consuescunt.
1151 2908 1223 2954 Μ
1238 2915 1269 2966 ¹⁶·
1284 2926 1314 2964 ¹⁹·

156 3035 187 3092 4.
208 3020 466 3083 AUGUSTINUS
484 3043 574 3083 serm.
603 3023 769 3085 CLXXXI.
792 3021 822 3083 d.
840 3034 944 3105 temp,
966 3024 1021 3106 qui
1041 3022 1138 3084 Serm.

69 3107 96 3169 I.
118 3107 152 3165 iu
173 3106 243 3190 Vig.
271 3107 446 3167 Pentecost.
475 3108 507 3166 in
528 3107 674 3190 praefate
716 3108 821 3168 Sancti
854 3106 999 3189 Apostoli
1026 3121 1140 3170 certum

68 3190 208 3273 regulum
229 3188 303 3252 fidei
322 3190 531 3266 tradiderunt,
568 3212 660 3274 quam
680 3192 847 3254 secrmdum
868 3212 1029 3252 numerum
1050 3192 1139 3275 Apo·
1268 3234 1272 3254 .·

67 3274 216 3336 stolieum
237 3274 402 3337 duodecim
414 3277 571 3336 sententiis
593 3297 661 3336 com
685 3276 859 3352 rebenssm,
890 3276 1065 3351 symbolum
1081 3299 1138 3336 vo·
1148 3259 1275 3357 2¹:22:ss

68 3372 229 3436 esserunt,
250 3380 308 3445 per
329 3381 421 3442 quam
440 3360 598 3421 credentes
619 3381 653 3422 ca
691 3361 800 3423 olicsm
827 3373 967 3422 tenerent
989 3364 1136 3423 unitatem
1147 3364 1249 3451 Ῥωἷξῑῑ
1257 3364 1312 3409 ¹³²¹

68 3456 102 3506 et
118 3465 177 3529 per
188 3465 281 3526 quem
296 3442 480 3506 haereticam
495 3448 712 3507 convincerent
723 3449 910 3530 pravitatem.
954 3445 1135 3522 Symbolum
1146 3418 1294 3513 mitellas.
1373 3502 1377 3509 ,

68 3528 211 3613 ergotsli
224 3532 344 3590 ratione
364 3531 537 3591 institutum
557 3533 691 3611 majores
702 3532 801 3592 nostri
821 3530 972 3593 dicerunt.
994 3532 1136 3595 Tradunt
1146 3504 1239 3551 ems.

68 3615 171 3690 euim,
207 3612 295 3695 quod
317 3626 391 3697 post
413 3617 619 3676 escensionem
633 3615 760 3675 Domini
782 3627 813 3675 et
838 3614 1004 3677 salvatoris
1035 3618 1134 3679 nostri

68 3696 110 3759 sd
131 3696 267 3775 Patrem,
289 3718 358 3759 cum
379 3717 437 3780 per
464 3697 627 3760 adrentum
650 3699 784 3781 Spiritus
797 3701 893 3759 sancti
910 3698 1054 3782 discipuli
1068 3702 1134 3779 ejus
1147 3696 1284 3790 95:222„ss

67 3778 256 3857 inflammasti,
278 3781 389 3866 linguis
409 3784 544 3843 omnium
559 3783 771 3866 loquerentur,
793 3782 832 3844 ad
849 3782 982 3867 singulas
996 3804 1135 3865 quasque
1169 3800 1260 3849 rariora

68 3868 221 3944 neone,
242 3878 277 3927 ut
296 3866 356 3926 Dei
369 3865 497 3927 verbum
510 3868 733 3950 praedicarent,
755 3869 830 3927 ituri
853 3888 889 3931 ec
911 3868 1073 3933 discessuri
1095 3868 1135 3929 ab
1147 3844 1283 3950 22:53:ss

70 3951 221 4027 invicem,
248 3969 387 4011 uormsm
408 3971 495 4034 prius
516 3950 575 4011 sibi
595 3952 718 4013 futurae
739 3951 977 4033 praedicationis
993 3957 1025 4017 in
1050 3947 1203 4015 com—fl'l·

69 4052 162 4095 mune
182 4043 365 4112 emouerent,
387 4055 427 4095 ne
446 4033 588 4095 localiter
606 4034 645 4097 rb
666 4037 795 4097 invicem
807 4036 1009 4113 discedentes,
1033 4037 1136 4102 diver-

69 4138 141 4179 sum
157 4116 207 4179 rel
228 4117 386 4183 dissonum
402 4117 617 4203 praedicarent
634 4121 695 4199 his,
716 4123 771 4204 qui
786 4118 934 4187 adlidere
950 4120 1065 4183 Christi
1086 4123 1137 4187 iu·

67 4198 258 4269 silebuntur.
307 4204 421 4271 Omnes
452 4205 547 4290 igitur
567 4206 601 4271 in
623 4225 688 4273 uno
710 4206 818 4293 positi,
838 4218 869 4273 et
882 4204 1005 4292 Spiritu
1027 4218 1133 4275 sancto
