<?xml version="1.0" encoding="UTF-8"?>
<!DOCTYPE html PUBLIC "-//W3C//DTD XHTML 1.0 Transitional//EN"
    "http://www.w3.org/TR/xhtml1/DTD/xhtml1-transitional.dtd">
<html xmlns="http://www.w3.org/1999/xhtml" xml:lang="en" lang="en">
 <head>
  <title>
</title>
<meta http-equiv="Content-Type" content="text/html;charset=utf-8" />
  <meta name='ocr-system' content='tesseract 3.04.00' />
  <meta name='ocr-capabilities' content='ocr_page ocr_carea ocr_par ocr_line ocrx_word'/>
</head>
<body>
  <div class='ocr_page' id='page_1' title='image "./summadoctrinaec00kanigoog_0105.png"; bbox 0 0 2768 4762; ppageno 0'>
   <div class='ocr_carea' id='block_1_1' title="bbox 134 416 1337 699">
    <p class='ocr_par' dir='ltr' id='par_1_1' title="bbox 134 416 1337 699">
     <span class='ocr_line' id='line_1_1' title="bbox 263 416 994 495; baseline -0.012 0"><span class='ocrx_word' id='word_1_1' title='bbox 263 426 315 495; x_wconf 65' lang='lat'><strong>52</strong></span> <span class='ocrx_word' id='word_1_2' title='bbox 632 421 705 487; x_wconf 80' lang='lat' dir='ltr'><strong>DE</strong></span> <span class='ocrx_word' id='word_1_3' title='bbox 744 418 886 487; x_wconf 79' lang='lat' dir='ltr'><strong>FIDE</strong></span> <span class='ocrx_word' id='word_1_4' title='bbox 926 416 994 486; x_wconf 82' lang='grc' dir='ltr'><strong>ΕΤ</strong></span> 
     </span>
     <span class='ocr_line' id='line_1_2' title="bbox 134 600 1337 699; baseline -0.005 -22"><span class='ocrx_word' id='word_1_5' title='bbox 134 651 257 699; x_wconf 59' lang='lat' dir='ltr'><strong>mm„</strong></span> <span class='ocrx_word' id='word_1_6' title='bbox 349 618 380 673; x_wconf 70' lang='lat'><em>2</em></span> <span class='ocrx_word' id='word_1_7' title='bbox 401 600 675 667; x_wconf 81' lang='lat' dir='ltr'><strong>HIERONYMUS</strong></span> <span class='ocrx_word' id='word_1_8' title='bbox 698 604 732 665; x_wconf 88' lang='lat' dir='ltr'><strong>ia</strong></span> <span class='ocrx_word' id='word_1_9' title='bbox 749 603 813 666; x_wconf 80' lang='lat' dir='ltr'><strong>vita</strong></span> <span class='ocrx_word' id='word_1_10' title='bbox 831 603 864 666; x_wconf 90' lang='lat' dir='ltr'><strong>b.</strong></span> <span class='ocrx_word' id='word_1_11' title='bbox 884 604 1055 666; x_wconf 81' lang='lat' dir='ltr'><strong>Hilarium:</strong></span> <span class='ocrx_word' id='word_1_12' title='bbox 1077 602 1220 683; x_wconf 80' lang='lat' dir='ltr'><strong>Quadam</strong></span> <span class='ocrx_word' id='word_1_13' title='bbox 1240 620 1337 672; x_wconf 81' lang='lat' dir='ltr'><strong>nocte</strong></span> 
     </span>
    </p>
   </div>
   <div class='ocr_carea' id='block_1_2' title="bbox 90 688 1378 3345">
    <p class='ocr_par' dir='ltr' id='par_1_2' title="bbox 90 688 1378 3345">
     <span class='ocr_line' id='line_1_3' title="bbox 92 688 1336 777; baseline 0.002 -27"><span class='ocrx_word' id='word_1_14' title='bbox 92 705 175 741; x_wconf 72' lang='lat' dir='ltr'><strong>contr·</strong></span> <span class='ocrx_word' id='word_1_15' title='bbox 204 697 257 739; x_wconf 71' lang='lat'>1¹⁸·-</span> <span class='ocrx_word' id='word_1_16' title='bbox 266 692 373 774; x_wconf 90' lang='lat' dir='ltr'><strong>coepit</strong></span> <span class='ocrx_word' id='word_1_17' title='bbox 404 689 557 750; x_wconf 77' lang='lat' dir='ltr'><strong>infantum</strong></span> <span class='ocrx_word' id='word_1_18' title='bbox 588 689 697 751; x_wconf 86' lang='lat' dir='ltr'><strong>audire</strong></span> <span class='ocrx_word' id='word_1_19' title='bbox 714 690 851 772; x_wconf 80' lang='lat' dir='ltr'><strong>vagitus,</strong></span> <span class='ocrx_word' id='word_1_20' title='bbox 877 688 999 751; x_wconf 80' lang='lat' dir='ltr'><strong>balatus</strong></span> <span class='ocrx_word' id='word_1_21' title='bbox 1012 710 1178 772; x_wconf 87' lang='lat' dir='ltr'><strong>pecorum,</strong></span> <span class='ocrx_word' id='word_1_22' title='bbox 1198 696 1336 777; x_wconf 87' lang='lat' dir='ltr'><strong>mugitus</strong></span> 
     </span>
     <span class='ocr_line' id='line_1_4' title="bbox 90 760 1337 858; baseline -0.001 -19"><span class='ocrx_word' id='word_1_23' title='bbox 90 760 184 793; x_wconf 68' lang='lat'>&#39;⁰²⁸⁸&#39;</span> <span class='ocrx_word' id='word_1_24' title='bbox 267 776 379 849; x_wconf 88' lang='lat' dir='ltr'><strong>boum,</strong></span> <span class='ocrx_word' id='word_1_25' title='bbox 399 773 559 858; x_wconf 90' lang='lat' dir='ltr'><strong>planctum</strong></span> <span class='ocrx_word' id='word_1_26' title='bbox 581 773 669 855; x_wconf 78' lang='lat' dir='ltr'><strong>quasi</strong></span> <span class='ocrx_word' id='word_1_27' title='bbox 688 772 869 851; x_wconf 84' lang='lat' dir='ltr'><strong>mulierum,</strong></span> <span class='ocrx_word' id='word_1_28' title='bbox 889 771 1016 835; x_wconf 88' lang='lat' dir='ltr'><strong>ieonum</strong></span> <span class='ocrx_word' id='word_1_29' title='bbox 1035 775 1169 857; x_wconf 79' lang='lat' dir='ltr'><strong>rugitus,</strong></span> <span class='ocrx_word' id='word_1_30' title='bbox 1191 796 1337 838; x_wconf 90' lang='lat' dir='ltr'><strong>murmur</strong></span> 
     </span>
     <span class='ocr_line' id='line_1_5' title="bbox 268 859 1337 941; baseline 0 -18"><span class='ocrx_word' id='word_1_31' title='bbox 268 860 435 935; x_wconf 81' lang='lat' dir='ltr'><strong>exercitus,</strong></span> <span class='ocrx_word' id='word_1_32' title='bbox 456 870 489 919; x_wconf 90' lang='lat' dir='ltr'><strong>et</strong></span> <span class='ocrx_word' id='word_1_33' title='bbox 512 877 621 918; x_wconf 77' lang='lat' dir='ltr'><strong>rursus</strong></span> <span class='ocrx_word' id='word_1_34' title='bbox 639 859 794 918; x_wconf 78' lang='lat' dir='ltr'><strong>variarum</strong></span> <span class='ocrx_word' id='word_1_35' title='bbox 815 869 962 941; x_wconf 76' lang='lat' dir='ltr'><strong>portenta</strong></span> <span class='ocrx_word' id='word_1_36' title='bbox 980 878 1091 941; x_wconf 86' lang='lat' dir='ltr'><strong>vocum</strong></span> <span class='ocrx_word' id='word_1_37' title='bbox 1106 901 1115 933; x_wconf 90' lang='lat'><strong>,</strong></span> <span class='ocrx_word' id='word_1_38' title='bbox 1128 871 1166 919; x_wconf 91' lang='lat' dir='ltr'><strong>ut</strong></span> <span class='ocrx_word' id='word_1_39' title='bbox 1190 872 1260 920; x_wconf 87' lang='lat' dir='ltr'><strong>aute</strong></span> <span class='ocrx_word' id='word_1_40' title='bbox 1280 882 1337 923; x_wconf 87' lang='lat' dir='ltr'><strong>so·</strong></span> 
     </span>
     <span class='ocr_line' id='line_1_6' title="bbox 269 940 1335 1025; baseline 0.001 -20"><span class='ocrx_word' id='word_1_41' title='bbox 269 946 361 1015; x_wconf 86' lang='lat' dir='ltr'><strong>nitu,</strong></span> <span class='ocrx_word' id='word_1_42' title='bbox 384 962 478 1025; x_wconf 55' lang='lat' dir='ltr'><strong>wem</strong></span> <span class='ocrx_word' id='word_1_43' title='bbox 501 953 626 1025; x_wconf 85' lang='lat' dir='ltr'><strong>aspectu</strong></span> <span class='ocrx_word' id='word_1_44' title='bbox 641 943 769 1003; x_wconf 87' lang='lat' dir='ltr'><strong>territus</strong></span> <span class='ocrx_word' id='word_1_45' title='bbox 792 941 924 1002; x_wconf 77' lang='lat' dir='ltr'><strong>cederet.</strong></span> <span class='ocrx_word' id='word_1_46' title='bbox 974 940 1129 1003; x_wconf 83' lang='lat' dir='ltr'><strong>Intellexit</strong></span> <span class='ocrx_word' id='word_1_47' title='bbox 1149 941 1335 1006; x_wconf 82' lang='lat' dir='ltr'><strong>daemonum</strong></span> 
     </span>
     <span class='ocr_line' id='line_1_7' title="bbox 271 1024 1334 1109; baseline 0 -19"><span class='ocrx_word' id='word_1_48' title='bbox 271 1026 429 1090; x_wconf 83' lang='lat' dir='ltr'><strong>ludibria:</strong></span> <span class='ocrx_word' id='word_1_49' title='bbox 450 1024 677 1109; x_wconf 82' lang='lat' dir='ltr'><strong>et&#39;pervoiutua</strong></span> <span class='ocrx_word' id='word_1_50' title='bbox 700 1024 850 1108; x_wconf 89' lang='lat' dir='ltr'><strong>genibus,</strong></span> <span class='ocrx_word' id='word_1_51' title='bbox 873 1024 992 1087; x_wconf 87' lang='lat' dir='ltr'><strong>Christi</strong></span> <span class='ocrx_word' id='word_1_52' title='bbox 1009 1046 1132 1085; x_wconf 88' lang='lat' dir='ltr'><strong>crucem</strong></span> <span class='ocrx_word' id='word_1_53' title='bbox 1152 1030 1282 1097; x_wconf 72' lang='lat' dir='ltr'><strong>signavit</strong></span> <span class='ocrx_word' id='word_1_54' title='bbox 1300 1029 1334 1089; x_wconf 85' lang='lat' dir='ltr'><strong>iu</strong></span> 
     </span>
     <span class='ocr_line' id='line_1_8' title="bbox 271 1106 1336 1185; baseline -0.001 -11"><span class='ocrx_word' id='word_1_55' title='bbox 271 1113 385 1175; x_wconf 82' lang='lat' dir='ltr'><strong>fronte.</strong></span> <span class='ocrx_word' id='word_1_56' title='bbox 426 1109 495 1171; x_wconf 83' lang='lat' dir='ltr'><strong>Teii</strong></span> <span class='ocrx_word' id='word_1_57' title='bbox 541 1130 559 1169; x_wconf 90' lang='lat' dir='ltr'><strong>e</strong></span> <span class='ocrx_word' id='word_1_58' title='bbox 581 1109 873 1185; x_wconf 60' lang='lat' dir='ltr'><strong>nemausensem,</strong></span> <span class='ocrx_word' id='word_1_59' title='bbox 897 1122 928 1169; x_wconf 90' lang='lat' dir='ltr'><strong>et</strong></span> <span class='ocrx_word' id='word_1_60' title='bbox 949 1107 1048 1170; x_wconf 87' lang='lat' dir='ltr'><strong>lorica</strong></span> <span class='ocrx_word' id='word_1_61' title='bbox 1067 1108 1141 1169; x_wconf 85' lang='lat' dir='ltr'><strong>fidei</strong></span> <span class='ocrx_word' id='word_1_62' title='bbox 1160 1106 1336 1173; x_wconf 86' lang='lat' dir='ltr'><strong>circumda-</strong></span> 
     </span>
     <span class='ocr_line' id='line_1_9' title="bbox 92 1130 1333 1277; baseline 0.005 -28"><span class='ocrx_word' id='word_1_63' title='bbox 92 1206 338 1272; x_wconf 55' lang='lat' dir='ltr'><strong>ogneirctrl-tus,</strong></span> <span class='ocrx_word' id='word_1_64' title='bbox 363 1198 467 1277; x_wconf 84' lang='lat' dir='ltr'><strong>jacens</strong></span> <span class='ocrx_word' id='word_1_65' title='bbox 496 1130 612 1255; x_wconf 56' lang='lat' dir='ltr'><strong>ildrtiua</strong></span> <span class='ocrx_word' id='word_1_66' title='bbox 630 1192 858 1276; x_wconf 79' lang='lat' dir='ltr'><strong>praeliabatur,</strong></span> <span class='ocrx_word' id='word_1_67' title='bbox 887 1191 1000 1254; x_wconf 91' lang='lat' dir='ltr'><strong>amodo</strong></span> <span class='ocrx_word' id='word_1_68' title='bbox 1017 1192 1124 1253; x_wconf 81' lang='lat' dir='ltr'><strong>videre</strong></span> <span class='ocrx_word' id='word_1_69' title='bbox 1144 1194 1333 1273; x_wconf 87' lang='lat' dir='ltr'><strong>desiderans,</strong></span> 
     </span>
     <span class='ocr_line' id='line_1_10' title="bbox 92 1266 1336 1419; baseline -0.004 -73"><span class='ocrx_word' id='word_1_70' title='bbox 92 1266 260 1397; x_wconf 52' lang='grc' dir='ltr'><strong>ἷῖᾎῖιιὲἷιξῇῗ</strong></span> <span class='ocrx_word' id='word_1_71' title='bbox 271 1301 350 1363; x_wconf 86' lang='lat' dir='ltr'><strong>quos</strong></span> <span class='ocrx_word' id='word_1_72' title='bbox 370 1276 521 1339; x_wconf 79' lang='lat' dir='ltr'><strong>horrebat</strong></span> <span class='ocrx_word' id='word_1_73' title='bbox 538 1276 667 1351; x_wconf 84' lang='lat' dir='ltr'><strong>audire,</strong></span> <span class='ocrx_word' id='word_1_74' title='bbox 690 1290 721 1337; x_wconf 90' lang='lat' dir='ltr'><strong>et</strong></span> <span class='ocrx_word' id='word_1_75' title='bbox 737 1277 866 1340; x_wconf 78' lang='lat' dir='ltr'><strong>solicitis</strong></span> <span class='ocrx_word' id='word_1_76' title='bbox 890 1276 989 1338; x_wconf 87' lang='lat' dir='ltr'><strong>oculis</strong></span> <span class='ocrx_word' id='word_1_77' title='bbox 1010 1277 1243 1419; x_wconf 65' lang='lat' dir='ltr'><strong>hucliiluoque</strong></span> <span class='ocrx_word' id='word_1_78' title='bbox 1270 1282 1336 1341; x_wconf 84' lang='lat' dir='ltr'><strong>cir·</strong></span> 
     </span>
     <span class='ocr_line' id='line_1_11' title="bbox 96 1362 977 1396; baseline -0.001 -1"><span class='ocrx_word' id='word_1_79' title='bbox 96 1370 127 1395; x_wconf 79' lang='lat' dir='ltr'><strong>rur</strong></span> <span class='ocrx_word' id='word_1_80' title='bbox 176 1369 227 1396; x_wconf 74' lang='lat' dir='ltr'><strong>rari</strong></span> <span class='ocrx_word' id='word_1_81' title='bbox 380 1365 387 1377; x_wconf 88' lang='lat'>¹</span> <span class='ocrx_word' id='word_1_82' title='bbox 410 1365 416 1377; x_wconf 92' lang='lat'><strong>·</strong></span> <span class='ocrx_word' id='word_1_83' title='bbox 636 1364 643 1375; x_wconf 90' lang='lat'><strong>·</strong></span> <span class='ocrx_word' id='word_1_84' title='bbox 718 1362 725 1374; x_wconf 86' lang='lat'>&#39;</span> <span class='ocrx_word' id='word_1_85' title='bbox 848 1364 854 1375; x_wconf 85' lang='lat'><strong>¹</strong></span> <span class='ocrx_word' id='word_1_86' title='bbox 970 1363 977 1375; x_wconf 82' lang='lat'><em>⁰</em></span> 
     </span>
     <span class='ocr_line' id='line_1_12' title="bbox 93 1361 1335 1530; baseline 0 -22"><span class='ocrx_word' id='word_1_87' title='bbox 93 1361 1015 1527; x_wconf 44' lang='lat' dir='ltr'><strong>eraretitt&amp;infimitati2352?{2</strong></span> <span class='ocrx_word' id='word_1_88' title='bbox 1036 1362 1335 1530; x_wconf 51' lang='lat' dir='ltr'><strong>{mititte</strong></span> 
     </span>
     <span class='ocr_line' id='line_1_13' title="bbox 269 1528 1335 1672; baseline 0.001 -79"><span class='ocrx_word' id='word_1_89' title='bbox 269 1532 462 1593; x_wconf 79' lang='lat' dir='ltr'><strong>inclamasset</strong></span> <span class='ocrx_word' id='word_1_90' title='bbox 480 1529 630 1605; x_wconf 88' lang='lat' dir='ltr'><strong>JESUM,</strong></span> <span class='ocrx_word' id='word_1_91' title='bbox 648 1542 719 1589; x_wconf 90' lang='lat' dir='ltr'><strong>autc</strong></span> <span class='ocrx_word' id='word_1_92' title='bbox 736 1528 846 1590; x_wconf 86' lang='lat' dir='ltr'><strong>oculos</strong></span> <span class='ocrx_word' id='word_1_93' title='bbox 862 1530 931 1609; x_wconf 88' lang='lat' dir='ltr'><strong>ejus</strong></span> <span class='ocrx_word' id='word_1_94' title='bbox 959 1532 1122 1672; x_wconf 65' lang='lat' dir='ltr'><strong>repentino</strong></span> <span class='ocrx_word' id='word_1_95' title='bbox 1146 1543 1247 1593; x_wconf 88' lang='lat' dir='ltr'><strong>terrae</strong></span> <span class='ocrx_word' id='word_1_96' title='bbox 1264 1532 1335 1594; x_wconf 86' lang='lat' dir='ltr'><strong>bia-</strong></span> 
     </span>
     <span class='ocr_line' id='line_1_14' title="bbox 268 1612 1333 1700; baseline -0.002 -23"><span class='ocrx_word' id='word_1_97' title='bbox 268 1630 304 1679; x_wconf 89' lang='lat' dir='ltr'><strong>tu</strong></span> <span class='ocrx_word' id='word_1_98' title='bbox 317 1635 432 1700; x_wconf 88' lang='lat' dir='ltr'><strong>pompa</strong></span> <span class='ocrx_word' id='word_1_99' title='bbox 449 1617 549 1675; x_wconf 88' lang='lat' dir='ltr'><strong>omnis</strong></span> <span class='ocrx_word' id='word_1_100' title='bbox 564 1612 714 1695; x_wconf 81' lang='lat' dir='ltr'><strong>absorpta</strong></span> <span class='ocrx_word' id='word_1_101' title='bbox 742 1626 797 1674; x_wconf 86' lang='lat' dir='ltr'><strong>est.</strong></span> <span class='ocrx_word' id='word_1_102' title='bbox 838 1612 974 1673; x_wconf 80' lang='lat' dir='ltr'><strong>Ibidem:</strong></span> <span class='ocrx_word' id='word_1_103' title='bbox 1012 1614 1040 1675; x_wconf 76' lang='lat' dir='ltr'><strong>&#39;a</strong></span> <span class='ocrx_word' id='word_1_104' title='bbox 1066 1626 1242 1697; x_wconf 73' lang='lat' dir='ltr'><strong>tempestate</strong></span> <span class='ocrx_word' id='word_1_105' title='bbox 1265 1628 1333 1677; x_wconf 88' lang='lat' dir='ltr'><strong>ter·</strong></span> 
     </span>
     <span class='ocr_line' id='line_1_15' title="bbox 268 1695 1333 1779; baseline 0.001 -18"><span class='ocrx_word' id='word_1_106' title='bbox 268 1721 321 1761; x_wconf 89' lang='lat' dir='ltr'><strong>rae</strong></span> <span class='ocrx_word' id='word_1_107' title='bbox 352 1711 443 1760; x_wconf 90' lang='lat' dir='ltr'><strong>motu</strong></span> <span class='ocrx_word' id='word_1_108' title='bbox 472 1701 570 1759; x_wconf 88' lang='lat' dir='ltr'><strong>totius</strong></span> <span class='ocrx_word' id='word_1_109' title='bbox 599 1696 705 1773; x_wconf 89' lang='lat' dir='ltr'><strong>orbis,</strong></span> <span class='ocrx_word' id='word_1_110' title='bbox 736 1698 792 1779; x_wconf 89' lang='lat' dir='ltr'><strong>qui</strong></span> <span class='ocrx_word' id='word_1_111' title='bbox 815 1709 891 1779; x_wconf 84' lang='lat' dir='ltr'><strong>post</strong></span> <span class='ocrx_word' id='word_1_112' title='bbox 911 1695 1025 1758; x_wconf 86' lang='lat' dir='ltr'><strong>Juliaui</strong></span> <span class='ocrx_word' id='word_1_113' title='bbox 1053 1699 1333 1773; x_wconf 64' lang='lat' dir='ltr'><strong>mercamentum,</strong></span> 
     </span>
     <span class='ocr_line' id='line_1_16' title="bbox 266 1783 1334 1865; baseline 0.001 -20"><span class='ocrx_word' id='word_1_114' title='bbox 266 1786 364 1845; x_wconf 86' lang='lat' dir='ltr'><strong>maria</strong></span> <span class='ocrx_word' id='word_1_115' title='bbox 385 1802 504 1865; x_wconf 84' lang='lat' dir='ltr'><strong>egressa</strong></span> <span class='ocrx_word' id='word_1_116' title='bbox 534 1793 607 1843; x_wconf 86' lang='lat' dir='ltr'><strong>suut</strong></span> <span class='ocrx_word' id='word_1_117' title='bbox 627 1783 777 1842; x_wconf 88' lang='lat' dir='ltr'><strong>terminos</strong></span> <span class='ocrx_word' id='word_1_118' title='bbox 805 1800 898 1857; x_wconf 88' lang='lat' dir='ltr'><strong>suos,</strong></span> <span class='ocrx_word' id='word_1_119' title='bbox 930 1793 961 1841; x_wconf 91' lang='lat' dir='ltr'><strong>et</strong></span> <span class='ocrx_word' id='word_1_120' title='bbox 992 1783 1081 1863; x_wconf 80' lang='lat' dir='ltr'><strong>qussi</strong></span> <span class='ocrx_word' id='word_1_121' title='bbox 1106 1804 1228 1845; x_wconf 88' lang='lat' dir='ltr'><strong>rursum</strong></span> <span class='ocrx_word' id='word_1_122' title='bbox 1248 1784 1334 1845; x_wconf 88' lang='lat' dir='ltr'><strong>Deus</strong></span> 
     </span>
     <span class='ocr_line' id='line_1_17' title="bbox 267 1862 1332 1947; baseline -0.001 -17"><span class='ocrx_word' id='word_1_123' title='bbox 267 1867 420 1930; x_wconf 83' lang='lat' dir='ltr'><strong>diluvium</strong></span> <span class='ocrx_word' id='word_1_124' title='bbox 437 1868 624 1940; x_wconf 85' lang='lat' dir='ltr'><strong>minaretur,</strong></span> <span class='ocrx_word' id='word_1_125' title='bbox 646 1864 694 1926; x_wconf 77' lang='lat' dir='ltr'><strong>rel</strong></span> <span class='ocrx_word' id='word_1_126' title='bbox 714 1868 746 1925; x_wconf 91' lang='lat' dir='ltr'><strong>in</strong></span> <span class='ocrx_word' id='word_1_127' title='bbox 766 1866 927 1945; x_wconf 87' lang='lat' dir='ltr'><strong>antiquum</strong></span> <span class='ocrx_word' id='word_1_128' title='bbox 946 1862 1043 1927; x_wconf 81' lang='lat' dir='ltr'><strong>ulmos</strong></span> <span class='ocrx_word' id='word_1_129' title='bbox 1062 1866 1332 1947; x_wconf 80' lang='lat' dir='ltr'><strong>redirentomnia,</strong></span> 
     </span>
     <span class='ocr_line' id='line_1_18' title="bbox 267 1948 1333 2032; baseline 0.003 -20"><span class='ocrx_word' id='word_1_130' title='bbox 267 1972 359 2013; x_wconf 82' lang='lat' dir='ltr'><strong>neves</strong></span> <span class='ocrx_word' id='word_1_131' title='bbox 387 1949 427 2010; x_wconf 85' lang='lat' dir='ltr'><strong>ud</strong></span> <span class='ocrx_word' id='word_1_132' title='bbox 448 1961 618 2032; x_wconf 84' lang='lat' dir='ltr'><strong>praerupta</strong></span> <span class='ocrx_word' id='word_1_133' title='bbox 639 1948 678 2009; x_wconf 93' lang='lat' dir='ltr'><strong>de</strong></span> <span class='ocrx_word' id='word_1_134' title='bbox 697 1948 793 2011; x_wconf 88' lang='lat' dir='ltr'><strong>latere</strong></span> <span class='ocrx_word' id='word_1_135' title='bbox 816 1949 969 2009; x_wconf 87' lang='lat' dir='ltr'><strong>montium</strong></span> <span class='ocrx_word' id='word_1_136' title='bbox 989 1970 1029 2031; x_wconf 89' lang='lat' dir='ltr'><strong>pe</strong></span> <span class='ocrx_word' id='word_1_137' title='bbox 1052 1950 1213 2013; x_wconf 81' lang='lat' dir='ltr'><strong>eoderunt.</strong></span> <span class='ocrx_word' id='word_1_138' title='bbox 1234 1953 1333 2030; x_wconf 91' lang='lat' dir='ltr'><strong>Quod</strong></span> 
     </span>
     <span class='ocr_line' id='line_1_19' title="bbox 268 2031 1334 2116; baseline 0.002 -20"><span class='ocrx_word' id='word_1_139' title='bbox 268 2054 340 2097; x_wconf 90' lang='lat' dir='ltr'><strong>cnm</strong></span> <span class='ocrx_word' id='word_1_140' title='bbox 359 2034 501 2095; x_wconf 77' lang='lat' dir='ltr'><strong>siderent</strong></span> <span class='ocrx_word' id='word_1_141' title='bbox 520 2031 754 2116; x_wconf 72' lang='lat' dir='ltr'><strong>Epidaurium,</strong></span> <span class='ocrx_word' id='word_1_142' title='bbox 783 2032 951 2093; x_wconf 70' lang='lat' dir='ltr'><strong>frementes</strong></span> <span class='ocrx_word' id='word_1_143' title='bbox 981 2036 1023 2093; x_wconf 84' lang='lat' dir='ltr'><strong>sc&#39;</strong></span> <span class='ocrx_word' id='word_1_144' title='bbox 1038 2036 1099 2095; x_wconf 86' lang='lat' dir='ltr'><strong>ieet</strong></span> <span class='ocrx_word' id='word_1_145' title='bbox 1129 2033 1263 2114; x_wconf 84' lang='lat' dir='ltr'><strong>fluctus,</strong></span> <span class='ocrx_word' id='word_1_146' title='bbox 1300 2051 1334 2098; x_wconf 86' lang='lat' dir='ltr'><strong>et</strong></span> 
     </span>
     <span class='ocr_line' id='line_1_20' title="bbox 268 2112 1333 2201; baseline -0.001 -21"><span class='ocrx_word' id='word_1_147' title='bbox 268 2118 423 2180; x_wconf 87' lang='lat' dir='ltr'><strong>undarum</strong></span> <span class='ocrx_word' id='word_1_148' title='bbox 446 2112 558 2193; x_wconf 86' lang='lat' dir='ltr'><strong>moies,</strong></span> <span class='ocrx_word' id='word_1_149' title='bbox 579 2129 611 2179; x_wconf 90' lang='lat' dir='ltr'><strong>et</strong></span> <span class='ocrx_word' id='word_1_150' title='bbox 629 2130 749 2179; x_wconf 88' lang='lat' dir='ltr'><strong>montes</strong></span> <span class='ocrx_word' id='word_1_151' title='bbox 762 2118 920 2201; x_wconf 74' lang='lat' dir='ltr'><strong>gurgitum</strong></span> <span class='ocrx_word' id='word_1_152' title='bbox 936 2114 1084 2179; x_wconf 86' lang='lat' dir='ltr'><strong>litoribus</strong></span> <span class='ocrx_word' id='word_1_153' title='bbox 1115 2120 1247 2197; x_wconf 79' lang='lat' dir='ltr'><strong>inferri,</strong></span> <span class='ocrx_word' id='word_1_154' title='bbox 1276 2141 1333 2180; x_wconf 81' lang='lat' dir='ltr'><strong>ve-</strong></span> 
     </span>
     <span class='ocr_line' id='line_1_21' title="bbox 268 2200 1331 2287; baseline 0 -22"><span class='ocrx_word' id='word_1_155' title='bbox 268 2215 371 2265; x_wconf 83' lang='lat' dir='ltr'><strong>rentes</strong></span> <span class='ocrx_word' id='word_1_156' title='bbox 389 2201 477 2283; x_wconf 88' lang='lat' dir='ltr'><strong>quod</strong></span> <span class='ocrx_word' id='word_1_157' title='bbox 501 2202 564 2283; x_wconf 82' lang='lat' dir='ltr'><strong>jam</strong></span> <span class='ocrx_word' id='word_1_158' title='bbox 589 2204 724 2264; x_wconf 82' lang='lat' dir='ltr'><strong>evenisse</strong></span> <span class='ocrx_word' id='word_1_159' title='bbox 744 2200 932 2273; x_wconf 77' lang='lat' dir='ltr'><strong>cernebant,</strong></span> <span class='ocrx_word' id='word_1_160' title='bbox 953 2221 993 2262; x_wconf 91' lang='lat' dir='ltr'><strong>ue</strong></span> <span class='ocrx_word' id='word_1_161' title='bbox 1019 2203 1169 2287; x_wconf 88' lang='lat' dir='ltr'><strong>oppidum</strong></span> <span class='ocrx_word' id='word_1_162' title='bbox 1187 2202 1331 2265; x_wconf 78' lang='lat' dir='ltr'><strong>funditus</strong></span> 
     </span>
     <span class='ocr_line' id='line_1_22' title="bbox 267 2285 1335 2372; baseline 0 -23"><span class='ocrx_word' id='word_1_163' title='bbox 267 2287 519 2363; x_wconf 85' lang='lat' dir='ltr'><strong>subverteretur,</strong></span> <span class='ocrx_word' id='word_1_164' title='bbox 555 2286 684 2370; x_wconf 84' lang='lat' dir='ltr'><strong>ingressi</strong></span> <span class='ocrx_word' id='word_1_165' title='bbox 708 2285 848 2347; x_wconf 85' lang='lat' dir='ltr'><strong>sunt..ad</strong></span> <span class='ocrx_word' id='word_1_166' title='bbox 864 2304 988 2363; x_wconf 87' lang='lat' dir='ltr'><strong>senem,</strong></span> <span class='ocrx_word' id='word_1_167' title='bbox 1019 2299 1051 2348; x_wconf 93' lang='lat' dir='ltr'><strong>et</strong></span> <span class='ocrx_word' id='word_1_168' title='bbox 1072 2290 1157 2370; x_wconf 85' lang='lat' dir='ltr'><strong>quusi</strong></span> <span class='ocrx_word' id='word_1_169' title='bbox 1174 2286 1214 2349; x_wconf 90' lang='lat' dir='ltr'><strong>ad</strong></span> <span class='ocrx_word' id='word_1_170' title='bbox 1235 2308 1335 2372; x_wconf 88' lang='lat' dir='ltr'><strong>proe-</strong></span> 
     </span>
     <span class='ocr_line' id='line_1_23' title="bbox 267 2368 1329 2454; baseline 0.002 -22"><span class='ocrx_word' id='word_1_171' title='bbox 267 2371 346 2433; x_wconf 87' lang='lat' dir='ltr'><strong>iium</strong></span> <span class='ocrx_word' id='word_1_172' title='bbox 377 2368 631 2454; x_wconf 85' lang='lat' dir='ltr'><strong>proficiscentes,</strong></span> <span class='ocrx_word' id='word_1_173' title='bbox 664 2381 839 2453; x_wconf 87' lang='lat' dir='ltr'><strong>posueruut</strong></span> <span class='ocrx_word' id='word_1_174' title='bbox 864 2389 935 2430; x_wconf 87' lang='lat' dir='ltr'><strong>eum</strong></span> <span class='ocrx_word' id='word_1_175' title='bbox 960 2370 993 2429; x_wconf 89' lang='lat' dir='ltr'><strong>iu</strong></span> <span class='ocrx_word' id='word_1_176' title='bbox 1016 2368 1121 2433; x_wconf 88' lang='lat' dir='ltr'><strong>litore.-</strong></span> <span class='ocrx_word' id='word_1_177' title='bbox 1161 2373 1227 2449; x_wconf 88' lang='lat' dir='ltr'><strong>Qui</strong></span> <span class='ocrx_word' id='word_1_178' title='bbox 1257 2392 1329 2434; x_wconf 90' lang='lat' dir='ltr'><strong>cum</strong></span> 
     </span>
     <span class='ocr_line' id='line_1_24' title="bbox 91 2453 1378 2539; baseline 0.005 -28"><span class='ocrx_word' id='word_1_179' title='bbox 91 2464 238 2511; x_wconf 69' lang='lat' dir='ltr'><strong>utrumn.</strong></span> <span class='ocrx_word' id='word_1_180' title='bbox 267 2457 330 2516; x_wconf 83' lang='lat' dir='ltr'><strong>tria</strong></span> <span class='ocrx_word' id='word_1_181' title='bbox 354 2458 456 2515; x_wconf 87' lang='lat' dir='ltr'><strong>crucis</strong></span> <span class='ocrx_word' id='word_1_182' title='bbox 481 2456 507 2516; x_wconf 90' lang='lat' dir='ltr'><strong>si</strong></span> <span class='ocrx_word' id='word_1_183' title='bbox 586 2457 734 2539; x_wconf 73' lang='lat' dir='ltr'><strong>pinxisset</strong></span> <span class='ocrx_word' id='word_1_184' title='bbox 753 2457 785 2515; x_wconf 89' lang='lat' dir='ltr'><strong>iu</strong></span> <span class='ocrx_word' id='word_1_185' title='bbox 802 2453 929 2531; x_wconf 85' lang='lat' dir='ltr'><strong>sabulo,</strong></span> <span class='ocrx_word' id='word_1_186' title='bbox 952 2474 1121 2537; x_wconf 85' lang='lat' dir='ltr'><strong>mannaque</strong></span> <span class='ocrx_word' id='word_1_187' title='bbox 1140 2468 1333 2519; x_wconf 86' lang='lat' dir='ltr'><strong>contraten·</strong></span> <span class='ocrx_word' id='word_1_188' title='bbox 1375 2476 1378 2481; x_wconf 87' lang='lat'>·</span> 
     </span>
     <span class='ocr_line' id='line_1_25' title="bbox 268 2537 1333 2619; baseline 0.001 -19"><span class='ocrx_word' id='word_1_189' title='bbox 268 2539 374 2617; x_wconf 89' lang='lat' dir='ltr'><strong>deret,</strong></span> <span class='ocrx_word' id='word_1_190' title='bbox 392 2538 509 2600; x_wconf 88' lang='lat' dir='ltr'><strong>incred&#39;</strong></span> <span class='ocrx_word' id='word_1_191' title='bbox 535 2537 577 2599; x_wconf 91' lang='lat' dir='ltr'><strong>ile</strong></span> <span class='ocrx_word' id='word_1_192' title='bbox 599 2538 687 2601; x_wconf 87' lang='lat' dir='ltr'><strong>dictu</strong></span> <span class='ocrx_word' id='word_1_193' title='bbox 707 2551 771 2617; x_wconf 88' lang='lat' dir='ltr'><strong>est,</strong></span> <span class='ocrx_word' id='word_1_194' title='bbox 806 2540 839 2598; x_wconf 91' lang='lat' dir='ltr'><strong>iu</strong></span> <span class='ocrx_word' id='word_1_195' title='bbox 861 2550 1008 2619; x_wconf 83' lang='lat' dir='ltr'><strong>quantem</strong></span> <span class='ocrx_word' id='word_1_196' title='bbox 1037 2539 1230 2605; x_wconf 76' lang='lat' dir='ltr'><strong>altitudinem</strong></span> <span class='ocrx_word' id='word_1_197' title='bbox 1246 2542 1333 2602; x_wconf 91' lang='lat' dir='ltr'><strong>iutu-</strong></span> 
     </span>
     <span class='ocr_line' id='line_1_26' title="bbox 266 2622 1332 2707; baseline 0.002 -22"><span class='ocrx_word' id='word_1_198' title='bbox 266 2644 401 2685; x_wconf 87' lang='lat' dir='ltr'><strong>mescens</strong></span> <span class='ocrx_word' id='word_1_199' title='bbox 427 2645 511 2685; x_wconf 86' lang='lat' dir='ltr'><strong>mare</strong></span> <span class='ocrx_word' id='word_1_200' title='bbox 538 2634 610 2684; x_wconf 88' lang='lat' dir='ltr'><strong>ante</strong></span> <span class='ocrx_word' id='word_1_201' title='bbox 640 2644 708 2685; x_wconf 88' lang='lat' dir='ltr'><strong>eum</strong></span> <span class='ocrx_word' id='word_1_202' title='bbox 727 2625 865 2699; x_wconf 88' lang='lat' dir='ltr'><strong>steterit,</strong></span> <span class='ocrx_word' id='word_1_203' title='bbox 880 2642 917 2683; x_wconf 86' lang='lat' dir='ltr'><strong>uc</strong></span> <span class='ocrx_word' id='word_1_204' title='bbox 943 2622 998 2684; x_wconf 89' lang='lat' dir='ltr'><strong>diu</strong></span> <span class='ocrx_word' id='word_1_205' title='bbox 1021 2622 1172 2697; x_wconf 86' lang='lat' dir='ltr'><strong>fremens,</strong></span> <span class='ocrx_word' id='word_1_206' title='bbox 1195 2638 1227 2686; x_wconf 91' lang='lat' dir='ltr'><strong>et</strong></span> <span class='ocrx_word' id='word_1_207' title='bbox 1242 2627 1332 2707; x_wconf 83' lang='lat' dir='ltr'><strong>quasi</strong></span> 
     </span>
     <span class='ocr_line' id='line_1_27' title="bbox 267 2706 1330 2794; baseline 0.001 -24"><span class='ocrx_word' id='word_1_208' title='bbox 267 2708 308 2770; x_wconf 86' lang='lat' dir='ltr'><strong>ad</strong></span> <span class='ocrx_word' id='word_1_209' title='bbox 333 2708 453 2769; x_wconf 85' lang='lat' dir='ltr'><strong>obicem</strong></span> <span class='ocrx_word' id='word_1_210' title='bbox 472 2707 653 2791; x_wconf 87' lang='lat' dir='ltr'><strong>indignans,</strong></span> <span class='ocrx_word' id='word_1_211' title='bbox 672 2706 822 2791; x_wconf 87' lang='lat' dir='ltr'><strong>paulatim</strong></span> <span class='ocrx_word' id='word_1_212' title='bbox 839 2710 872 2767; x_wconf 90' lang='lat' dir='ltr'><strong>iu</strong></span> <span class='ocrx_word' id='word_1_213' title='bbox 890 2710 1083 2789; x_wconf 85' lang='lat' dir='ltr'><strong>semetipsum</strong></span> <span class='ocrx_word' id='word_1_214' title='bbox 1104 2709 1257 2794; x_wconf 83' lang='lat' dir='ltr'><strong>relapsum</strong></span> <span class='ocrx_word' id='word_1_215' title='bbox 1279 2712 1330 2771; x_wconf 83' lang='lat' dir='ltr'><strong>sit.</strong></span> 
     </span>
     <span class='ocr_line' id='line_1_28' title="bbox 266 2790 1333 2877; baseline -0.001 -21"><span class='ocrx_word' id='word_1_216' title='bbox 266 2793 336 2855; x_wconf 84' lang='lat' dir='ltr'><strong>Hoc</strong></span> <span class='ocrx_word' id='word_1_217' title='bbox 360 2792 561 2876; x_wconf 84' lang='lat' dir='ltr'><strong>Epidaurus,</strong></span> <span class='ocrx_word' id='word_1_218' title='bbox 595 2804 628 2853; x_wconf 89' lang='lat' dir='ltr'><strong>et</strong></span> <span class='ocrx_word' id='word_1_219' title='bbox 644 2794 742 2853; x_wconf 84' lang='lat' dir='ltr'><strong>omnis</strong></span> <span class='ocrx_word' id='word_1_220' title='bbox 764 2790 817 2853; x_wconf 87' lang='lat' dir='ltr'><strong>iiia</strong></span> <span class='ocrx_word' id='word_1_221' title='bbox 837 2793 922 2875; x_wconf 86' lang='lat' dir='ltr'><strong>regio</strong></span> <span class='ocrx_word' id='word_1_222' title='bbox 935 2798 1034 2874; x_wconf 86' lang='lat' dir='ltr'><strong>usque</strong></span> <span class='ocrx_word' id='word_1_223' title='bbox 1049 2790 1145 2854; x_wconf 88' lang='lat' dir='ltr'><strong>bodie</strong></span> <span class='ocrx_word' id='word_1_224' title='bbox 1162 2792 1333 2877; x_wconf 80' lang='lat' dir='ltr'><strong>praedicet,</strong></span> 
     </span>
     <span class='ocr_line' id='line_1_29' title="bbox 267 2874 1332 3023; baseline 0.003 -85"><span class='ocrx_word' id='word_1_225' title='bbox 267 2890 440 2959; x_wconf 87' lang='lat' dir='ltr'><strong>matresque</strong></span> <span class='ocrx_word' id='word_1_226' title='bbox 463 2874 584 3023; x_wconf 63' lang='lat' dir='ltr'><strong>(peceat</strong></span> <span class='ocrx_word' id='word_1_227' title='bbox 607 2875 724 2940; x_wconf 86' lang='lat' dir='ltr'><strong>liberos</strong></span> <span class='ocrx_word' id='word_1_228' title='bbox 744 2896 838 2955; x_wconf 87' lang='lat' dir='ltr'><strong>suos,</strong></span> <span class='ocrx_word' id='word_1_229' title='bbox 871 2876 912 2937; x_wconf 86' lang='lat' dir='ltr'><strong>ad</strong></span> <span class='ocrx_word' id='word_1_230' title='bbox 937 2876 1116 2938; x_wconf 83' lang='lat' dir='ltr'><strong>memoriam</strong></span> <span class='ocrx_word' id='word_1_231' title='bbox 1136 2880 1170 2939; x_wconf 89' lang='lat' dir='ltr'><strong>iu</strong></span> <span class='ocrx_word' id='word_1_232' title='bbox 1187 2890 1332 2963; x_wconf 84' lang='lat' dir='ltr'><strong>posteros</strong></span> 
     </span>
     <span class='ocr_line' id='line_1_30' title="bbox 267 2963 543 3023; baseline -0.007 0"><span class='ocrx_word' id='word_1_233' title='bbox 267 2963 463 3023; x_wconf 84' lang='lat' dir='ltr'><strong>transmitteu</strong></span> <span class='ocrx_word' id='word_1_234' title='bbox 486 2980 543 3021; x_wconf 84' lang='lat' dir='ltr'><strong>am.</strong></span> 
     </span>
     <span class='ocr_line' id='line_1_31' title="bbox 92 3052 1334 3174; baseline 0.001 -21"><span class='ocrx_word' id='word_1_235' title='bbox 92 3052 256 3161; x_wconf 43' lang='lat' dir='ltr'><strong>agamia-</strong></span> <span class='ocrx_word' id='word_1_236' title='bbox 350 3102 381 3161; x_wconf 76' lang='lat'><strong>3.</strong></span> <span class='ocrx_word' id='word_1_237' title='bbox 423 3087 619 3153; x_wconf 79' lang='lat' dir='ltr'>IGNATIUS</span> <span class='ocrx_word' id='word_1_238' title='bbox 636 3088 668 3149; x_wconf 93' lang='lat' dir='ltr'><strong>in</strong></span> <span class='ocrx_word' id='word_1_239' title='bbox 685 3088 772 3173; x_wconf 84' lang='lat' dir='ltr'><strong>epist</strong></span> <span class='ocrx_word' id='word_1_240' title='bbox 796 3087 836 3149; x_wconf 86' lang='lat' dir='ltr'><strong>ad</strong></span> <span class='ocrx_word' id='word_1_241' title='bbox 852 3086 987 3173; x_wconf 72' lang='lat' dir='ltr'><strong>Philip:</strong></span> <span class='ocrx_word' id='word_1_242' title='bbox 1005 3086 1113 3153; x_wconf 84' lang='lat' dir='ltr'><strong>Crucis</strong></span> <span class='ocrx_word' id='word_1_243' title='bbox 1128 3091 1248 3174; x_wconf 87' lang='lat' dir='ltr'><strong>signum</strong></span> <span class='ocrx_word' id='word_1_244' title='bbox 1262 3102 1334 3153; x_wconf 88' lang='lat' dir='ltr'><strong>tro.-</strong></span> 
     </span>
     <span class='ocr_line' id='line_1_32' title="bbox 92 3150 1333 3260; baseline 0.001 -24"><span class='ocrx_word' id='word_1_245' title='bbox 92 3150 400 3260; x_wconf 50' lang='lat' dir='ltr'><strong>iffifflphseum</strong></span> <span class='ocrx_word' id='word_1_246' title='bbox 423 3186 470 3237; x_wconf 86' lang='lat' dir='ltr'><strong>est</strong></span> <span class='ocrx_word' id='word_1_247' title='bbox 491 3184 600 3237; x_wconf 87' lang='lat' dir='ltr'><strong>contra</strong></span> <span class='ocrx_word' id='word_1_248' title='bbox 621 3174 772 3257; x_wconf 88' lang='lat' dir='ltr'><strong>principis</strong></span> <span class='ocrx_word' id='word_1_249' title='bbox 788 3172 895 3235; x_wconf 89' lang='lat' dir='ltr'><strong>mundi</strong></span> <span class='ocrx_word' id='word_1_250' title='bbox 913 3176 1077 3254; x_wconf 83' lang='lat' dir='ltr'><strong>virtutem,</strong></span> <span class='ocrx_word' id='word_1_251' title='bbox 1117 3173 1205 3258; x_wconf 89' lang='lat' dir='ltr'><strong>quod</strong></span> <span class='ocrx_word' id='word_1_252' title='bbox 1224 3176 1333 3237; x_wconf 84' lang='lat' dir='ltr'><strong>videus</strong></span> 
     </span>
     <span class='ocr_line' id='line_1_33' title="bbox 153 3256 784 3345; baseline -0.006 -22"><span class='ocrx_word' id='word_1_253' title='bbox 153 3296 157 3301; x_wconf 96' lang='lat'>·</span> <span class='ocrx_word' id='word_1_254' title='bbox 268 3262 461 3345; x_wconf 82' lang='lat' dir='ltr'><strong>expavescit,</strong></span> <span class='ocrx_word' id='word_1_255' title='bbox 487 3270 519 3319; x_wconf 91' lang='lat' dir='ltr'><strong>ct</strong></span> <span class='ocrx_word' id='word_1_256' title='bbox 541 3257 667 3319; x_wconf 89' lang='lat' dir='ltr'><strong>audieus</strong></span> <span class='ocrx_word' id='word_1_257' title='bbox 689 3256 784 3319; x_wconf 81' lang='lat' dir='ltr'><strong>timet.</strong></span> 
     </span>
    </p>
   </div>
   <div class='ocr_carea' id='block_1_3' title="bbox 352 3386 1332 3469">
    <p class='ocr_par' dir='ltr' id='par_1_3' title="bbox 352 3386 1332 3469">
     <span class='ocr_line' id='line_1_34' title="bbox 352 3386 1332 3469; baseline -0.003 -19"><span class='ocrx_word' id='word_1_258' title='bbox 352 3402 381 3459; x_wconf 75' lang='lat'><strong>1.</strong></span> <span class='ocrx_word' id='word_1_259' title='bbox 424 3389 460 3450; x_wconf 87' lang='lat' dir='ltr'><strong>F.</strong></span> <span class='ocrx_word' id='word_1_260' title='bbox 482 3386 716 3451; x_wconf 77' lang='lat' dir='ltr'><strong>aatssltosws</strong></span> <span class='ocrx_word' id='word_1_261' title='bbox 740 3408 872 3449; x_wconf 87' lang='lat' dir='ltr'><strong>sermon.</strong></span> <span class='ocrx_word' id='word_1_262' title='bbox 902 3388 1034 3450; x_wconf 65' lang='lat' dir='ltr'><strong>xmus</strong></span> <span class='ocrx_word' id='word_1_263' title='bbox 1071 3386 1227 3451; x_wconf 84' lang='lat' dir='ltr'><strong>Debemus</strong></span> <span class='ocrx_word' id='word_1_264' title='bbox 1255 3408 1332 3469; x_wconf 83' lang='lat' dir='ltr'><strong>ergo</strong></span> 
     </span>
    </p>
   </div>
   <div class='ocr_carea' id='block_1_4' title="bbox 94 3470 1337 3978">
    <p class='ocr_par' dir='ltr' id='par_1_4' title="bbox 94 3470 1337 3978">
     <span class='ocr_line' id='line_1_35' title="bbox 268 3470 1334 3558; baseline -0.007 -23"><span class='ocrx_word' id='word_1_265' title='bbox 268 3488 431 3557; x_wconf 86' lang='lat' dir='ltr'><strong>surgentes·</strong></span> <span class='ocrx_word' id='word_1_266' title='bbox 445 3474 559 3557; x_wconf 80' lang='lat' dir='ltr'><strong>gratias</strong></span> <span class='ocrx_word' id='word_1_267' title='bbox 577 3470 704 3533; x_wconf 81' lang='lat' dir='ltr'><strong>Christo</strong></span> <span class='ocrx_word' id='word_1_268' title='bbox 722 3491 827 3555; x_wconf 83' lang='lat' dir='ltr'><strong>egere,</strong></span> <span class='ocrx_word' id='word_1_269' title='bbox 857 3486 889 3533; x_wconf 92' lang='lat' dir='ltr'><strong>et</strong></span> <span class='ocrx_word' id='word_1_270' title='bbox 913 3494 1004 3533; x_wconf 87' lang='lat' dir='ltr'><strong>omne</strong></span> <span class='ocrx_word' id='word_1_271' title='bbox 1020 3473 1083 3534; x_wconf 90' lang='lat' dir='ltr'><strong>diei</strong></span> <span class='ocrx_word' id='word_1_272' title='bbox 1110 3495 1188 3558; x_wconf 88' lang='lat' dir='ltr'><strong>opus</strong></span> <span class='ocrx_word' id='word_1_273' title='bbox 1213 3474 1245 3531; x_wconf 89' lang='lat' dir='ltr'><strong>iu</strong></span> <span class='ocrx_word' id='word_1_274' title='bbox 1267 3472 1334 3552; x_wconf 82' lang='lat' dir='ltr'><strong>sig-</strong></span> 
     </span>
     <span class='ocr_line' id='line_1_36' title="bbox 268 3556 1333 3640; baseline -0.007 -21"><span class='ocrx_word' id='word_1_275' title='bbox 268 3578 311 3620; x_wconf 91' lang='lat' dir='ltr'><strong>no</strong></span> <span class='ocrx_word' id='word_1_276' title='bbox 331 3559 433 3621; x_wconf 82' lang='lat' dir='ltr'><strong>facere</strong></span> <span class='ocrx_word' id='word_1_277' title='bbox 460 3556 640 3619; x_wconf 76' lang='lat' dir='ltr'><strong>salvatoris.</strong></span> <span class='ocrx_word' id='word_1_278' title='bbox 682 3558 794 3619; x_wconf 83' lang='lat' dir='ltr'><strong>Nonne</strong></span> <span class='ocrx_word' id='word_1_279' title='bbox 813 3576 885 3619; x_wconf 91' lang='lat' dir='ltr'><strong>eum</strong></span> <span class='ocrx_word' id='word_1_280' title='bbox 907 3557 1008 3617; x_wconf 76' lang='lat' dir='ltr'><strong>adhuc</strong></span> <span class='ocrx_word' id='word_1_281' title='bbox 1024 3558 1145 3640; x_wconf 86' lang='lat' dir='ltr'><strong>gentilis</strong></span> <span class='ocrx_word' id='word_1_282' title='bbox 1164 3574 1260 3631; x_wconf 87' lang='lat' dir='ltr'><strong>esses,</strong></span> <span class='ocrx_word' id='word_1_283' title='bbox 1276 3574 1333 3613; x_wconf 89' lang='lat' dir='ltr'><strong>so—</strong></span> 
     </span>
     <span class='ocr_line' id='line_1_37' title="bbox 95 3640 1336 3740; baseline -0.006 -36"><span class='ocrx_word' id='word_1_284' title='bbox 95 3702 106 3740; x_wconf 55' lang='lat'><strong>,</strong></span> <span class='ocrx_word' id='word_1_285' title='bbox 204 3698 211 3711; x_wconf 85' lang='grc'><em>,</em></span> <span class='ocrx_word' id='word_1_286' title='bbox 270 3641 353 3703; x_wconf 82' lang='lat' dir='ltr'><strong>lebas</strong></span> <span class='ocrx_word' id='word_1_287' title='bbox 371 3644 458 3724; x_wconf 85' lang='lat' dir='ltr'><strong>sigua</strong></span> <span class='ocrx_word' id='word_1_288' title='bbox 477 3640 679 3723; x_wconf 80' lang='lat' dir='ltr'><strong>perquirere?</strong></span> <span class='ocrx_word' id='word_1_289' title='bbox 720 3641 809 3716; x_wconf 89' lang='lat' dir='ltr'><strong>Quae</strong></span> <span class='ocrx_word' id='word_1_290' title='bbox 837 3642 923 3723; x_wconf 89' lang='lat' dir='ltr'><strong>signa</strong></span> <span class='ocrx_word' id='word_1_291' title='bbox 957 3640 1072 3721; x_wconf 85' lang='lat' dir='ltr'><strong>quibus</strong></span> <span class='ocrx_word' id='word_1_292' title='bbox 1111 3640 1203 3703; x_wconf 87' lang='lat' dir='ltr'><strong>rebus</strong></span> <span class='ocrx_word' id='word_1_293' title='bbox 1233 3650 1336 3698; x_wconf 84' lang='lat' dir='ltr'><strong>esseut</strong></span> 
     </span>
     <span class='ocr_line' id='line_1_38' title="bbox 96 3710 1333 3813; baseline -0.005 -24"><span class='ocrx_word' id='word_1_294' title='bbox 96 3710 441 3813; x_wconf 51' lang='lat' dir='ltr'><strong>‹biiiiff&#39;dssffprospem</strong></span> <span class='ocrx_word' id='word_1_295' title='bbox 466 3744 575 3809; x_wconf 88' lang='lat' dir='ltr'><strong>magna</strong></span> <span class='ocrx_word' id='word_1_296' title='bbox 608 3726 810 3806; x_wconf 87' lang='lat' dir='ltr'><strong>inquisitione</strong></span> <span class='ocrx_word' id='word_1_297' title='bbox 842 3724 1009 3807; x_wconf 69' lang='lat' dir='ltr'><strong>colligere?</strong></span> <span class='ocrx_word' id='word_1_298' title='bbox 1050 3727 1117 3787; x_wconf 87' lang='lat' dir='ltr'><strong>Jam</strong></span> <span class='ocrx_word' id='word_1_299' title='bbox 1152 3744 1235 3785; x_wconf 89' lang='lat' dir='ltr'><strong>nuuc</strong></span> <span class='ocrx_word' id='word_1_300' title='bbox 1253 3721 1333 3783; x_wconf 86' lang='lat' dir='ltr'><strong>noio</strong></span> 
     </span>
     <span class='ocr_line' id='line_1_39' title="bbox 94 3798 1335 3902; baseline -0.006 -28"><span class='ocrx_word' id='word_1_301' title='bbox 94 3798 260 3902; x_wconf 54' lang='grc' dir='ltr'><strong>ῗζῗῆζζξζξ</strong></span> <span class='ocrx_word' id='word_1_302' title='bbox 269 3833 353 3873; x_wconf 91' lang='lat' dir='ltr'><strong>erres</strong></span> <span class='ocrx_word' id='word_1_303' title='bbox 380 3812 414 3871; x_wconf 89' lang='lat' dir='ltr'><strong>in</strong></span> <span class='ocrx_word' id='word_1_304' title='bbox 438 3814 586 3887; x_wconf 88' lang='lat' dir='ltr'><strong>numero,</strong></span> <span class='ocrx_word' id='word_1_305' title='bbox 608 3811 687 3869; x_wconf 85' lang='lat' dir='ltr'><strong>scito</strong></span> <span class='ocrx_word' id='word_1_306' title='bbox 709 3810 780 3890; x_wconf 91' lang='lat' dir='ltr'><strong>quia</strong></span> <span class='ocrx_word' id='word_1_307' title='bbox 800 3811 831 3869; x_wconf 92' lang='lat' dir='ltr'><strong>iu</strong></span> <span class='ocrx_word' id='word_1_308' title='bbox 855 3830 919 3871; x_wconf 89' lang='lat' dir='ltr'><strong>uno</strong></span> <span class='ocrx_word' id='word_1_309' title='bbox 940 3811 1028 3893; x_wconf 88' lang='lat' dir='ltr'><strong>signo</strong></span> <span class='ocrx_word' id='word_1_310' title='bbox 1060 3810 1178 3871; x_wconf 82' lang='lat' dir='ltr'><strong>Christi</strong></span> <span class='ocrx_word' id='word_1_311' title='bbox 1197 3808 1335 3869; x_wconf 92' lang='lat' dir='ltr'><strong>omnium</strong></span> 
     </span>
     <span class='ocr_line' id='line_1_40' title="bbox 95 3893 1337 3978; baseline -0.006 -20"><span class='ocrx_word' id='word_1_312' title='bbox 95 3896 161 3963; x_wconf 54' lang='grc' dir='ltr'><strong>’Μ</strong></span> <span class='ocrx_word' id='word_1_313' title='bbox 269 3916 373 3957; x_wconf 85' lang='lat' dir='ltr'><strong>rerum</strong></span> <span class='ocrx_word' id='word_1_314' title='bbox 394 3906 441 3955; x_wconf 88' lang='lat' dir='ltr'><strong>est</strong></span> <span class='ocrx_word' id='word_1_315' title='bbox 456 3906 525 3955; x_wconf 83' lang='lat' dir='ltr'><strong>tute</strong></span> <span class='ocrx_word' id='word_1_316' title='bbox 551 3896 751 3978; x_wconf 79' lang='lat' dir='ltr'><strong>prosperitas.</strong></span> <span class='ocrx_word' id='word_1_317' title='bbox 795 3894 857 3970; x_wconf 90' lang='lat' dir='ltr'><strong>Qui</strong></span> <span class='ocrx_word' id='word_1_318' title='bbox 873 3896 904 3955; x_wconf 92' lang='lat' dir='ltr'><strong>iu</strong></span> <span class='ocrx_word' id='word_1_319' title='bbox 925 3893 1086 3976; x_wconf 88' lang='lat' dir='ltr'><strong>hocsiguo</strong></span> <span class='ocrx_word' id='word_1_320' title='bbox 1102 3897 1252 3955; x_wconf 84' lang='lat' dir='ltr'><strong>seminare</strong></span> <span class='ocrx_word' id='word_1_321' title='bbox 1261 3912 1337 3953; x_wconf 88' lang='lat' dir='ltr'><strong>eoe-</strong></span> 
     </span>
    </p>
   </div>
   <div class='ocr_carea' id='block_1_5' title="bbox 266 3974 1340 4064">
    <p class='ocr_par' dir='ltr' id='par_1_5' title="bbox 266 3974 1340 4064">
     <span class='ocr_line' id='line_1_41' title="bbox 266 3974 1340 4064; baseline -0.004 -23"><span class='ocrx_word' id='word_1_322' title='bbox 266 3982 372 4064; x_wconf 85' lang='lat' dir='ltr'><strong>perit,</strong></span> <span class='ocrx_word' id='word_1_323' title='bbox 397 3982 477 4039; x_wconf 79' lang='lat' dir='ltr'><strong>vitae</strong></span> <span class='ocrx_word' id='word_1_324' title='bbox 509 3978 646 4039; x_wconf 79' lang='lat' dir='ltr'><strong>fructum</strong></span> <span class='ocrx_word' id='word_1_325' title='bbox 675 3992 884 4061; x_wconf 85' lang='lat' dir='ltr'><strong>consequetur</strong></span> <span class='ocrx_word' id='word_1_326' title='bbox 914 3990 1064 4039; x_wconf 84' lang='lat' dir='ltr'><strong>aeternae.</strong></span> <span class='ocrx_word' id='word_1_327' title='bbox 1113 3980 1177 4056; x_wconf 92' lang='lat' dir='ltr'><strong>Qui</strong></span> <span class='ocrx_word' id='word_1_328' title='bbox 1206 3979 1240 4039; x_wconf 87' lang='lat' dir='ltr'><strong>iu</strong></span> <span class='ocrx_word' id='word_1_329' title='bbox 1272 3974 1340 4039; x_wconf 86' lang='lat' dir='ltr'><strong>boc</strong></span> 
     </span>
    </p>
   </div>
   <div class='ocr_carea' id='block_1_6' title="bbox 267 4062 1269 4147">
    <p class='ocr_par' dir='ltr' id='par_1_6' title="bbox 267 4062 1269 4147">
     <span class='ocr_line' id='line_1_42' title="bbox 267 4062 1269 4147; baseline 0 -21"><span class='ocrx_word' id='word_1_330' title='bbox 267 4067 356 4147; x_wconf 82' lang='lat' dir='ltr'><strong>siguo</strong></span> <span class='ocrx_word' id='word_1_331' title='bbox 378 4064 439 4123; x_wconf 85' lang='lat' dir='ltr'><strong>iter</strong></span> <span class='ocrx_word' id='word_1_332' title='bbox 463 4062 660 4146; x_wconf 78' lang='lat' dir='ltr'><strong>aggreditur,</strong></span> <span class='ocrx_word' id='word_1_333' title='bbox 681 4062 721 4124; x_wconf 89' lang='lat' dir='ltr'><strong>ad</strong></span> <span class='ocrx_word' id='word_1_334' title='bbox 742 4064 861 4126; x_wconf 86' lang='lat' dir='ltr'><strong>coelum</strong></span> <span class='ocrx_word' id='word_1_335' title='bbox 881 4082 981 4145; x_wconf 92' lang='lat' dir='ltr'><strong>usquc</strong></span> <span class='ocrx_word' id='word_1_336' title='bbox 1002 4066 1172 4147; x_wconf 82' lang='lat' dir='ltr'><strong>perveniet.</strong></span> <span class='ocrx_word' id='word_1_337' title='bbox 1266 4090 1269 4095; x_wconf 95' lang='lat'>·</span> 
     </span>
    </p>
   </div>
   <div class='ocr_carea' id='block_1_7' title="bbox 272 4192 1339 4401">
    <p class='ocr_par' dir='ltr' id='par_1_7' title="bbox 272 4192 1339 4401">
     <span class='ocr_line' id='line_1_43' title="bbox 351 4192 1337 4297; baseline -0.009 0"><span class='ocrx_word' id='word_1_338' title='bbox 351 4244 372 4297; x_wconf 78' lang='lat'>2</span> <span class='ocrx_word' id='word_1_339' title='bbox 404 4192 599 4291; x_wconf 65' lang='lat' dir='ltr'><strong>ensiculus</strong></span> <span class='ocrx_word' id='word_1_340' title='bbox 628 4230 750 4294; x_wconf 72' lang='lat' dir='ltr'><strong>Caesam</strong></span> <span class='ocrx_word' id='word_1_341' title='bbox 781 4230 816 4291; x_wconf 80' lang='lat' dir='ltr'>L</span> <span class='ocrx_word' id='word_1_342' title='bbox 852 4229 878 4290; x_wconf 86' lang='lat'><strong>1.</strong></span> <span class='ocrx_word' id='word_1_343' title='bbox 906 4228 946 4291; x_wconf 89' lang='lat' dir='ltr'><strong>da</strong></span> <span class='ocrx_word' id='word_1_344' title='bbox 968 4232 1023 4291; x_wconf 84' lang='lat' dir='ltr'><strong>vit.</strong></span> <span class='ocrx_word' id='word_1_345' title='bbox 1058 4241 1212 4293; x_wconf 85' lang='lat' dir='ltr'><strong>comtant.</strong></span> <span class='ocrx_word' id='word_1_346' title='bbox 1233 4228 1277 4291; x_wconf 78' lang='lat' dir='ltr'><strong>bi.</strong></span> <span class='ocrx_word' id='word_1_347' title='bbox 1308 4248 1337 4289; x_wconf 90' lang='lat' dir='ltr'><strong>c.</strong></span> 
     </span>
     <span class='ocr_line' id='line_1_44' title="bbox 272 4312 1339 4401; baseline -0.011 -16"><span class='ocrx_word' id='word_1_348' title='bbox 272 4328 343 4385; x_wconf 72' lang='lat'><strong>222</strong></span> <span class='ocrx_word' id='word_1_349' title='bbox 366 4316 551 4399; x_wconf 83' lang='lat' dir='ltr'><strong>luperatori</strong></span> <span class='ocrx_word' id='word_1_350' title='bbox 562 4318 701 4401; x_wconf 85' lang='lat' dir='ltr'><strong>precanti</strong></span> <span class='ocrx_word' id='word_1_351' title='bbox 713 4316 790 4379; x_wconf 80' lang='lat' dir='ltr'><strong>risio</strong></span> <span class='ocrx_word' id='word_1_352' title='bbox 803 4312 954 4397; x_wconf 80' lang='lat' dir='ltr'><strong>quaedem</strong></span> <span class='ocrx_word' id='word_1_353' title='bbox 978 4312 1083 4381; x_wconf 77' lang='lat' dir='ltr'><strong>diviua</strong></span> <span class='ocrx_word' id='word_1_354' title='bbox 1095 4358 1107 4401; x_wconf 89' lang='lat'><strong>,</strong></span> <span class='ocrx_word' id='word_1_355' title='bbox 1133 4328 1166 4381; x_wconf 88' lang='lat' dir='ltr'><strong>et</strong></span> <span class='ocrx_word' id='word_1_356' title='bbox 1195 4312 1339 4399; x_wconf 85' lang='lat' dir='ltr'><strong>inprimis</strong></span> 
     </span>
    </p>
   </div>
   <div class='ocr_carea' id='block_1_8' title="bbox 0 0 1388 4762">
    <p class='ocr_par' dir='ltr' id='par_1_8' title="bbox 0 0 1388 4762">
     <span class='ocr_line' id='line_1_45' title="bbox 0 0 1388 4762; baseline 0 0"><span class='ocrx_word' id='word_1_357' title='bbox 0 0 1388 4762; x_wconf 95' lang='lat' dir='ltr'><strong> </strong></span> 
     </span>
    </p>
   </div>
  </div>
 </body>
</html>
