2768 4762
259 352 312 417 ῃ
427 320 430 325 ’
623 337 694 401 ou
738 339 988 404 sinuas

264 536 310 588 est
337 522 438 594 Deus3
471 528 513 587 ita
535 524 688 587 Dominus
708 524 817 602 Pater,
851 525 1005 588 Dominus
1035 523 1154 599 Filius,
1184 525 1341 595 Dominus

263 609 400 693 Spiritus
425 622 565 671 sanetus:
600 620 756 671 ettamen
779 630 842 670 non
859 623 922 677 tres
946 604 1083 687 Domini,
1117 608 1271 674 sedunus
1294 628 1344 678 est

265 694 430 754 Dominus.
484 695 568 771 Quia
596 695 681 754 sicut
703 692 879 776 singulatim
912 714 1159 776 unamquamque
1175 716 1345 779 personam

266 778 368 859 Deum
394 788 446 838 aut
470 778 638 840 Dominum
661 774 805 839 confiteri
830 776 1004 839 Christiana
1026 780 1156 838 ueritate
1179 780 1344 864 compellis

267 882 347 939 mur,
370 863 413 922 ita
435 874 500 924 tres
525 863 609 924 Deos
632 874 687 923 out
702 862 854 922 Dominus
884 860 986 923 dicere
1008 861 1170 931 Catliolica
1191 865 1344 948 religione

267 944 483 1032 prohibemur.
528 946 622 1007 Pater
638 968 655 1007 a
672 945 760 1005 nullo
778 957 825 1006 est
842 946 950 1022 fastris,
972 967 1028 1011 nec
1047 960 1179 1025 creatus,
1214 970 1271 1010 nec
1290 973 1346 1035 ge-

268 1034 371 1091 nituss
415 1030 513 1092 Filius
530 1051 548 1090 a
565 1029 660 1092 Patre
673 1028 744 1093 solo
757 1032 829 1105 est,'
848 1051 912 1091 uon
928 1030 1037 1106 ratius,
1060 1052 1116 1090 nee
1134 1046 1266 1112 oreatus,
1288 1035 1346 1096 sed

270 1116 407 1199 genitus:
438 1112 575 1199 Spiritus
597 1112 871 1177 SauotunPatre
891 1126 922 1175 et
943 1113 1036 1192 Filio,
1067 1116 1131 1174 non
1153 1116 1264 1195 factus,
1286 1142 1344 1179 nee

271 1211 404 1274 creatus,
425 1219 484 1262 neo
506 1200 635 1283 genitus,
658 1197 713 1260 sed
729 1198 913 1282 procedens.
955 1198 1043 1260 Unus
1065 1220 1139 1284 ergo
1153 1199 1256 1279 Pater,
1279 1224 1345 1263 non

270 1296 334 1346 tres
351 1282 478 1346 Patres:
520 1303 601 1344 unus
619 1282 730 1359 Filius,
753 1303 817 1343 non
835 1295 897 1343 tres
909 1283 998 1343 Filii:
1020 1303 1102 1345 unsis
1125 1283 1261 1367 Spiritus
1274 1307 1349 1347 san-

272 1379 356 1446 ctus,
389 1387 454 1428 non
473 1379 536 1428 tres
561 1358 696 1449 Spiritus
728 1368 834 1428 sancti.
878 1366 920 1427 Et
946 1369 977 1428 iu
1007 1365 1065 1426 hae
1088 1368 1240 1431 Trinitate
1268 1369 1349 1431 nihil

271 1452 361 1541 prius
378 1465 432 1513 aut
450 1452 623 1535 posterius,
660 1449 740 1513 nihil
763 1452 862 1533 majus
886 1462 939 1511 aut
959 1452 1076 1528 miuus,
1109 1452 1163 1512 sed
1182 1465 1266 1515 totae
1285 1469 1350 1515 tres

273 1556 425 1621 personae
453 1549 634 1597 coaeternae
670 1536 729 1597 sibi
754 1548 827 1597 suut
864 1549 895 1597 et
927 1534 1118 1618 coaequales.
1162 1539 1211 1599 lta
1234 1550 1270 1599 ut
1291 1559 1351 1621 per

276 1627 391 1698 omniu,
423 1623 506 1681 sieut
527 1621 591 1701 jam
611 1619 841 1703 supradictum
868 1632 922 1695 est,
956 1632 987 1680 et
1007 1621 1109 1680 unitas
1136 1620 1167 1683 in
1186 1622 1350 1700 Trinitate,

253 1688 309 1767 ‘et
324 1706 459 1765 'li-initas
493 1706 524 1763 in
547 1702 665 1764 unitate
691 1705 864 1767 veneranda
892 1706 941 1766 sit
985 1704 1050 1781 Qui
1075 1703 1142 1766 vult
1159 1727 1233 1790 ergo
1249 1706 1352 1769 salvus

277 1808 352 1866 esse,
372 1791 416 1852 ita
435 1789 474 1851 de
495 1787 646 1850 Trinitato
666 1789 785 1851 renuat

761 2044 861 2122 Vlll.

251 2267 261 2287 κ
283 2197 393 2311 Quid
420 2198 498 2283 sibi
527 2195 620 2282 vult
646 2197 806 2316 primus
826 2195 1009 2308 Symboli
1030 2198 1237 2301 articulus,
1259 2206 1357 2287 Cre·

563 2337 616 2421 do
648 2338 692 2421 in
720 2347 859 2423 Deum
889 2345 1077 2424 Patrem?

208 2464 215 2484 Ι

153 2498 239 2551 ,ιιθ

153 2552 225 2584 ιω..

146 2601 192 2628 Νι

158 2637 163 2647 ¹
204 2516 273 2633 uili:
381 2525 428 2597 A.
477 2522 727 2599 OSTENDIT
749 2526 860 2601 nohis
885 2526 1062 2628 primum,
1089 2526 1200 2599 deum
1223 2550 1350 2614 unum,

211 2592 221 2633 l

111 2642 323 2762 'tt'llt-lmt
341 2645 386 2718 ln
406 2645 554 2721 Deitate
572 2649 728 2750 primam
746 2674 946 2755 personam
965 2676 1047 2722 esso
1067 2652 1210 2721 Putrem
1234 2648 1354 2720 caele-

131 2786 392 2880 „5.'l;³⁵'2¹.¹·⁸²⁸m⁹
429 2786 638 2852 aeternum,
687 2772 858 2872 potentia
881 2774 1147 2872 majestateque
1165 2797 1358 2852 summum,

112 2882 232 2978 ‘fult
249 2889 348 2969 ”aa
368 2895 463 2967 nisu
484 2894 588 2967 factu
608 2894 842 2996 impositure
861 2895 910 2968 su
928 2896 989 2968 vei
1013 2892 1185 2970 difficilez
1209 2895 1275 2992 qui
1306 2894 1360 2968 u.

114 3004 276 3108 lllttltlf·
287 3035 347 3092 tae
361 3043 407 3093 ee
428 3019 557 3094 mortis
575 3023 587 3066 ¹
613 3035 834 3123 potestatem
852 3042 999 3092 omnem
1026 3017 1179 3091 obtinet

112 3154 125 3191 t
146 3146 207 3189 Pul.
221 3155 242 3195 2.
255 3156 276 3194 t.

113 3197 278 3295 afflig.-
386 3166 431 3239 B.
481 3161 524 3238 18
549 3165 632 3267 ipse
655 3170 761 3240 Pater
778 3163 913 3237 Filium
929 3169 997 3238 'ex
1018 3162 1119 3238 omni
1144 3162 1362 3237 aeternitate

116 3299 150 3340 ¹*
290 3286 427 3387 genuit,
454 3303 492 3361 et
512 3313 583 3363 nos
598 3290 674 3365 hoo
693 3307 862 3390 tempore
880 3288 1020 3388 gratiae
1038 3288 1078 3362 in
1093 3283 1193 3360 filios
1209 3285 1285 3359 sibi
1298 3285 1365 3359 ad·

112 3412 278 3552 Esffitkjfp
291 3410 441 3510 optarit.
491 3413 583 3512 Ejus
613 3430 716 3486 tanta
743 3414 799 3486 ris
821 3428 898 3497 est,
931 3429 974 3485 ut
1002 3412 1118 3486 verbo
1142 3416 1156 3456 ⁸
1179 3408 1263 3485 solo
1286 3426 1365 3482 tam

136 3523 149 3551 u
188 3522 279 3557 snm-so

118 3560 227 3657 pm
238 3532 451 3659 ttffllhffil
471 3559 580 3632 quam
602 3535 803 3627 invisibilia
822 3533 1041 3634 produxerit
1060 3560 1104 3621 er
1117 3533 1250 3619 nihilo,
1275 3557 1365 3633 pro·

117 3665 278 3759 {aossjm
292 3657 403 3731 dueta
433 3681 669 3756 veronaque
700 3676 895 3732 conservet
927 3672 1039 3758 etque
1066 3656 1247 3756 gubernet
1265 3679 1364 3727 sum·

290 3806 350 3854 ma
371 3804 455 3854 eum
478 3777 647 3875 bonitate
671 3806 716 3856 uo
741 3780 937 3882 sapientia,
963 3804 986 3856 a
1007 3806 1083 3880 quo
1110 3797 1148 3853 et
1173 3779 1223 3853 ad
1251 3804 1367 3878 quem

116 3887 209 3935 tllneob
220 3894 280 3933 hit.

116 3937 278 4035 &ephrau
292 3905 429 3980 omnia.
480 3909 565 4004 lpse
588 3904 607 3953 ⁴
629 3908 740 3978 Peter
757 3904 947 3993 luminum,
969 3906 1070 4008 apud
1089 3928 1202 4005 quem
1222 3920 1369 3976 nonest

115 4040 182 4083 ἠ
288 4027 558 4118 transmutatio,
585 4030 693 4103 Pater
717 4029 1071 4113 misericordiarum,
1096 4045 1134 4101 et
1147 4026 1277 4099 DEUS
1306 4044 1367 4100 to·

286 4149 361 4227 tius
387 4150 676 4239 consolationist
715 4153 800 4228 talis
830 4155 978 4230 demum
1004 4167 1213 4239 autentus,
1250 4166 1292 4225 ut
1320 4150 1370 4225 ad
