2768 4762
217 410 297 503 m
525 394 596 461 nn
623 370 887 461 canr'raen.
913 395 976 468 ΕΤ

138 598 156 633 ·’
218 586 344 651 alie'nati
366 585 464 656 urite
481 584 541 644 Dei
554 606 618 667 per,
630 583 854 668 ignorantiam,
880 601 960 664 quae
980 593 1026 643 eat
1039 582 1072 644 in
1096 579 1171 660 illis,
1198 603 1306 667 prop·

217 710 268 758 ter
299 672 485 756 caecitatem¹
512 692 619 753 cordis
650 693 809 774 ipsorum,
851 691 908 772 qui
939 689 1157 774 desperantes,
1207 704 1307 753 semet

166 838 168 843 ,
218 805 304 887 ipsos
325 800 525 865 tradiderunt
547 800 767 886 impudicitiae,
789 799 822 858 in
842 786 1057 882 operationem
1084 784 1305 860 immunditiae

219 913 335 990 omnis,
362 912 395 971 in
415 908 581 970 avaritiam.

303 1039 359 1102 Et
389 1037 449 1101 V.=
479 1039 662 1100 Fornicatio
682 1050 784 1100 antem
806 1049 837 1099 et
865 1040 963 1100 omnis
995 1036 1213 1116 immunditia,
1249 1050 1305 1100 aut

220 1138 364 1225 avaritia,
390 1168 447 1209 nec
468 1148 646 1208 nominetur
667 1148 700 1206 in
719 1144 830 1224 robis,
856 1148 936 1208 sieut
959 1146 1047 1208 decet
1065 1158 1216 1223 sanctos,
1250 1159 1305 1208 aut

219 1254 411 1340 turpitudo,
430 1266 485 1315 aut
505 1252 754 1335 stultiloquium,
783 1266 835 1315 aut
853 1253 1047 1332 scurrilitas,
1069 1251 1150 1337 quae
1180 1253 1221 1315 ad
1238 1276 1305 1317 reru

219 1384 285 1424 non
311 1364 462 1447 pertinet:
499 1361 554 1423 sed
592 1363 687 1444 magis
711 1363 992 1445 gratiarumactio.
1027 1363 1119 1423 ·Hoe
1138 1367 1225 1423 enim
1243 1368 1304 1426 sci·

219 1481 287 1531 tote
307 1470 534 1554 intelligentes,
560 1468 647 1551 quod
676 1472 775 1530 omnis
804 1469 996 1546 fornicator,
1032 1472 1302 1549 autmundus,

220 1590 275 1639 aut
300 1600 408 1639 avarus
431 1575 533 1683 (pund
568 1590 614 1638 est
643 1576 802 1638 idolorum
839 1577 982 1658 servitus)
1011 1597 1074 1637 nou
1104 1576 1207 1639 habet
1228 1579 1305 1641 hac-

220 1685 382 1747 reditatem
416 1687 448 1745 in
475 1707 571 1770 regno
600 1684 766 1744 CHRISTI
790 1696 820 1745 et
844 1685 927 1745 DEI.
969 1685 1065 1746 Nemo
1092 1705 1149 1746 vos
1173 1687 1302 1749 seducat

219 1793 364 1855 inanibus
385 1792 506 1862 verbis;
539 1806 673 1877 propter
704 1790 780 1854 haec
804 1795 885 1855 enim
901 1793 985 1853 veuit
1007 1794 1053 1855 ira
1076 1793 1137 1853 Dei
1151 1795 1187 1854 in
1217 1792 1301 1858 filios

220 1897 422 1960 diffidentiae.

303 2029 428 2090 Pron.
460 2028 533 2094 vi:
568 2030 648 2106 Quia
669 2030 846 2091 mandatum
868 2030 994 2092 lucerna
1010 2043 1075 2109 est,
1096 2043 1125 2092 et
1149 2030 1200 2093 lex
1229 2033 1296 2111 lux,

220 2147 252 2199 et
280 2139 329 2197 ria
346 2140 426 2197 vitae
456 2138 628 2219 increpatio
649 2135 848 2220 disciplinae,
886 2151 922 2200 ut
943 2139 1115 2201 custodiant
1133 2126 1165 2198 te
1186 2160 1204 2199 a
1223 2161 1297 2201 mu-

220 2243 297 2303 liere
315 2242 413 2320 mala,
436 2255 467 2304 et
487 2265 504 2304 a
526 2242 640 2304 blanda
666 2242 770 2327 lingua
793 2216 961 2308 exlraoeae.
1003 2247 1074 2308 Non
1091 2253 1293 2331 concupiscat

220 2350 489 2434 pulchritudinem
524 2354 592 2433 ejus
620 2364 802 2430 cortuum,
834 2373 871 2413 ne
894 2357 1026 2438 capiaris
1046 2353 1177 2415 nutibus
1197 2356 1284 2415 illius:

218 2461 358 2543 pretium
384 2462 463 2520 enim
486 2463 582 2523 scorti
605 2462 652 2535 vix¹
675 2472 720 2520 est
739 2463 831 2523 unius
848 2465 953 2544 panis:
976 2462 1088 2521 mulier
1110 2477 1213 2523 autem
1234 2463 1286 2520 viri

220 2568 389 2649 pretiosam
414 2569 544 2627 animam
567 2568 659 2649 capit.
701 2567 860 2650 Numquid
884 2581 987 2652 potest
1001 2568 1098 2631 homo
1122 2568 1290 2631 absconde-

221 2696 256 2735 re
281 2677 381 2758 ignem
407 2676 439 2734 in
470 2677 541 2734 sinu
568 2694 644 2751 suo,
680 2689 717 2736 ut
737 2679 914 2736 vestimenta
938 2676 1022 2737 illius
1050 2697 1116 2737 non
1150 2676 1291 2739 ardeant?

220 2794 275 2844 aut
306 2782 463 2843 ambulare
488 2802 580 2864 super
602 2803 739 2863 prunas,
770 2795 805 2844 ut
829 2804 892 2844 non
916 2783 1143 2845 comburantur
1175 2785 1291 2868 plantae

220 2889 310 2969 ejus?
332 2868 376 2951 sie
403 2891 458 2970 qui
477 2888 652 2972 ingreditur
677 2888 715 2948 ad
733 2889 891 2949 mulierem
906 2893 1038 2973 proximi
1057 2894 1127 2964 sui,
1152 2913 1218 2953 non
1238 2895 1292 2953 erit

218 2996 365 3074 mundus,
383 3008 463 3055 'cum
492 2999 629 3080 tetigerit
651 3018 724 3056 eam.
760 2991 838 3057 ‘Non
870 2998 994 3080 grandis
1015 3012 1063 3059 est
1085 2999 1199 3084 culpa,
1227 3021 1293 3060 cum

220 3106 288 3186 quis
319 3104 438 3164 furatus
468 3103 582 3163 suerit:
624 3104 749 3163 furatur
781 3107 860 3163 enim
886 3118 921 3165 ut
952 3108 1134 3167 esurientem
1170 3108 1293 3192 impleat

219 3204 363 3274 animam:
386 3209 612 3293 depraeheosus
633 3232 759 3292 quoque
780 3212 890 3273 reddet
911 3215 1102 3298 septuplum,
1124 3228 1157 3277 et
1173 3238 1293 3278 omnem

220 3320 422 3384 substantiam
452 3316 560 3378 domus
588 3338 658 3377 suae
684 3318 795 3379 tradet.
851 3322 915 3397 Qui
942 3335 1042 3382 autem
1078 3321 1205 3385 adulter
1240 3337 1293 3399 est,

218 3440 352 3511 propter
373 3424 508 3486 cordis
500 3427 636 3508 inopiam
653 3425 765 3508 perdet
784 3429 912 3487 animam
933 3450 1031 3488 suam·
1061 3431 1294 3512 turpitudinem

219 3546 251 3595 et
283 3536 480 3617 ignominiam
510 3545 675 3616 congregat
700 3532 781 3609 sibi,
816 3545 847 3594 et
877 3537 1084 3618 opprobrium
1108 3537 1195 3600 illius
1231 3562 1295 3602 nou

219 3640 391 3719 delebitur,
421 3643 495 3724 quia
520 3639 601 3700 aelus
626 3653 657 3701 et
677 3641 820 3702 furor
793 3643 851 3700 vrri
878 3664 941 3704 nou
968 3657 1075 3718 parcet
1095 3646 1128 3705 iu
1150 3645 1203 3706 die
1225 3651 1296 3708 vin·

216 3748 334 3827 dictae,
383 3771 440 3810 nec
476 3749 649 3830 acquiescet
680 3749 863 3829 cujusquam
899 3752 1066 3835 precibus,
1095 3773 1155 3814 uec
1194 3758 1296 3817 susci·

215 3859 282 3941 piet
304 3879 365 3941 pro
384 3836 597 3943 redemptione
620 3855 702 3916 dona
726 3855 870 3938 plurima.

298 3963 315 4023 J
326 3984 348 4021 u
362 3962 431 4025 das
459 3967 491 4024 in
511 3962 642 4047 epistola
668 3983 722 4023 sua
746 3967 912 4026 canoniea:
940 3964 1200 4029 subintroierunt
1221 3971 1296 4053 qui-

215 4070 287 4132 dam
316 4069 456 4132 homines
484 4072 554 4152 (qui
575 4071 650 4132 olim
672 4073 857 4155 praescripti
882 4071 1005 4133 suntin
1029 4072 1092 4135 hoc
1115 4075 1294 4156 judicium)

214 4180 321 4264 impii,
362 4177 423 4236 Dei
455 4180 556 4239 nostri
582 4179 710 4262 gratiam
739 4178 958 4241 transferentes
987 4183 1019 4240 in
1051 4180 1207 4244 luxuriam
1233 4199 1293 4248 ete.

216 4287 305 4353 Sicut
333 4282 471 4351 Sodoma
502 4294 535 4346 et
571 4283 767 4365 Gomorrha,
794 4296 827 4348 et
851 4283 999 4353 fimtimae
1032 4289 1173 4355 civitates
1195 4292 1294 4357 unffi
