2768 4762
245 330 307 415 00·
627 338 698 399 nn
731 337 868 401 mun
900 340 967 403 ur

245 523 349 586 redes:
374 520 532 615 ‚haeredes
558 519 685 604 quidem
720 523 799 603 Dei,
840 523 1027 589 cohaeredes
1061 540 1160 593 antem
1192 531 1327 601 Christi:

243 634 270 695 ai
292 645 392 693 tamen
414 631 642 714 compatimur,
671 643 706 692 ut
735 645 767 694 et
786 633 1070 718 conglorificemur.
1266 614 1271 625 ⁸

331 740 374 803 ll.
394 739 490 804 Tim.
522 738 581 799 IL:
604 735 721 800 Fidelis
750 761 861 801 sermo.
912 741 989 803 Nam
1009 744 1035 804 si
1062 748 1249 807 commortui
1272 767 1329 809 sn-

249 868 334 929 mus,
358 858 389 909 ct
406 847 619 908 convivemus:
636 847 662 905 si
678 845 910 926 sustinebimus,
930 862 960 911 et
970 848 1238 934 conregnabimus.

335 954 353 1017 J
361 975 458 1018 aaut
489 950 574 1015 XV.:
595 952 628 1012 si
650 953 718 1033 quis
733 954 765 1013 iu
785 976 833 1014 me
854 977 917 1016 non
936 960 1099 1034 manserit,
1120 962 1262 1023 mittetur
1275 964 1330 1024 fo-

251 1087 301 1128 ras
321 1066 403 1127 sicut
424 1062 557 1148 palmos,
589 1072 619 1121 ct
639 1072 771 1137 arescet,
802 1074 833 1122 et
853 1063 1002 1149 colligent
1019 1086 1106 1144 cnm,
1125 1081 1157 1129 ct
1172 1069 1205 1128 in
1226 1073 1329 1154 ignem

253 1173 391 1248 mittant,
412 1184 443 1233 et
460 1168 558 1233 ardet.
602 1168 635 1229 Si
656 1170 829 1230 manseritis
848 1172 879 1230 in
896 1193 963 1249 me,
990 1184 1020 1234 ct
1031 1174 1127 1235 verba
1144 1195 1210 1236 mea
1227 1178 1257 1237 in
1271 1201 1331 1241 ro-

252 1278 301 1365 bis
319 1280 503 1365 manserint,
527 1275 739 1360 quodcunque
756 1277 918 1340 volueritis
928 1322 939 1356 ,
959 1280 1086 1361 petetis,
1107 1293 1139 1342 et
1156 1279 1210 1343 fiet
1227 1284 1328 1346 vobis.

300 1390 303 1413 ¹
334 1387 443 1449 loan.
475 1384 578 1445 XIV.:
616 1384 654 1444 In
682 1383 777 1446 domo
805 1384 909 1446 Patris
941 1388 999 1445 moi
1018 1388 1191 1451 mansiones
1215 1391 1330 1453 multae

252 1505 334 1555 suot.
378 1492 410 1553 Si
432 1494 631 1577 quominus,
652 1492 793 1555 dixissem
806 1492 914 1555 robis:
944 1496 1018 1580 qnia
1033 1494 1115 1558 rado
1136 1496 1248 1583 parare
1272 1521 1332 1563 rn-

252 1600 302 1663 bis
322 1600 437 1662 locum.

563 1786 592 1856 P
644 1788 678 1858 A
728 1785 762 1857 Τ
811 1787 848 1858 R
896 1785 928 1860 E
980 1784 1019 1859 S.

342 1954 601 2019 AUGUSTINUS
612 1955 692 2018 'Lib.
714 1955 748 2021 d.
761 1953 815 2020 fid.
839 1969 871 2021 et
882 1956 980 2035 symb.
993 1979 1061 2044 cap.
1077 1970 1124 2029 ’με
1157 1958 1329 2036 Credimus,

258 2041 346 2127 qnod
357 2042 444 2104 sodet
454 2042 493 2103 ad
505 2043 642 2103 dextram
654 2045 713 2103 Dei
727 2042 849 2105 Patris:
874 2065 930 2104 nec
944 2045 1015 2106 ideo
1027 2057 1138 2123 umen,
1163 2049 1251 2128 quasi
1267 2046 1331 2106 bn·

257 2149 347 2190 mana
367 2128 746 2211 formacireumscriptum
768 2148 832 2189 esse
850 2126 952 2189 Deum
964 2129 1099 2209 Patrem,
1112 2128 1330 2193 arbitrandum

260 2225 315 2291 est,
328 2225 365 2274 ut
377 2212 415 2273 de
428 2211 484 2273 illo
498 2212 707 2297 cogitantibus
719 2212 928 2274 dextrumaut
941 2217 1100 2275 sinistrum
1120 2214 1199 2276 latua
1223 2218 1328 2277 animo

255 2311 423 2359 occurrat:
437 2298 531 2359 antid
549 2298 661 2381 ipsum,
682 2296 768 2380 qnod
781 2297 890 2358 sedere
901 2297 995 2358 Pater
1007 2299 1133 2377 dicitur,
1146 2296 1231 2363 flexis
1244 2320 1331 2384 pop-

260 2382 368 2444 litibus
390 2380 459 2444 fieri
472 2383 643 2466 putandum
651 2395 708 2461 cst,
717 2404 756 2443 ne
764 2381 844 2442 illud
856 2384 1027 2445 incidamus
1040 2378 1243 2469 sacrilegium,
1261 2405 1329 2465 qao

257 2481 433 2549 exsecratur
447 2464 619 2552 Apostolus
631 2489 696 2542 cos,
724 2468 779 2549 qui
793 2481 1059 2531 commutaverunt
1072 2468 1204 2553 gloriam
1220 2472 1332 2531 incor-

79 2575 223 2623 nonam
257 2551 418 2637 ruptibilis
439 2550 509 2628 Dei,
529 2555 562 2614 in
581 2552 813 2615 similitudinem
830 2553 1049 2638 corruptibilis
1069 2553 1213 2616 hominis.
1254 2553 1331 2614 Tale

256 2640 338 2699 enim
358 2637 557 2699 simulacrum
578 2640 647 2699 Deo
674 2637 759 2698 nefas
775 2650 821 2699 cst
837 2635 1015 2699 Christiano
1038 2639 1069 2698 in
1094 2638 1210 2724 templo
1229 2637 1332 2699 collo-

255 2742 343 2786 care:
377 2722 476 2784 multo
510 2725 604 2806 magis
634 2725 666 2782 in
699 2720 795 2787 corde
825 2722 979 2784 nefarium
1013 2735 1077 2800 est,
1115 2724 1172 2783 ubi
1193 2722 1258 2783 sere
1285 2735 1332 2784 est

257 2806 406 2891 templum
440 2808 518 2884 Dei,
560 2811 623 2868 sia
647 2819 770 2868 terrena
796 2805 967 2890 cupiditate
992 2820 1086 2889 atque
1106 2827 1215 2868 errore
1239 2829 1332 2868 mun·

27 3032 30 3039 .
81 2952 183 3046 litim
192 2955 247 3010 ‘¹⁹¹⁴
259 2980 290 3038 in
315 2997 432 3038 summa
451 2974 661 3053 beatitudine,
683 2997 704 3035 u
729 2976 877 3057 ijustitia
901 2990 931 3037 ct
951 2997 1009 3062 pax
1039 2989 1070 3039 et
1094 2975 1242 3061 gaudium
1268 2988 1331 3037 cst:

78 3052 338 3159 {fundat-sicut
362 3062 402 3124 ad
420 3063 576 3123 sinistram
593 3060 689 3123 hoedi
709 3063 966 3139 constituuntur,
992 3058 1026 3121 id
1050 3072 1112 3139 est,
1137 3063 1170 3122 in
1195 3062 1330 3137 miseria,

258 3158 392 3232 propter
412 3149 593 3230 iniquitates
616 3159 647 3208 et
667 3144 789 3207 laboras
816 3158 910 3228 atque
932 3146 1099 3207 cruciatus.
1142 3143 1256 3205 Sedere
1279 3167 1333 3204 cr-

259 3253 318 3317 go,
343 3231 429 3314 quod
447 3232 564 3292 dicitur
596 3233 701 3307 Deus,
732 3252 796 3293 non
815 3230 1028 3293 membrorum
1050 3232 1253 3315 positionem,
1275 3229 1332 3290 sed

256 3317 456 3401 judiciariam
475 3314 629 3401 significat
644 3329 828 3402 potestatem
837 3362 847 3394 ,
875 3338 936 3398 qua
952 3316 1006 3379 illa
1018 3317 1160 3398 majestas
1173 3334 1332 3395 nunqnam

259 3414 364 3479 earet,
388 3424 448 3462 sein
474 3422 508 3462 cr
530 3402 623 3486 digna
642 3401 742 3485 dignis
764 3400 954 3462 tribuendo:
990 3403 1128 3485 quamvis
1145 3421 1176 3460 ru
1195 3410 1330 3460 extremo

258 3484 381 3566 judicio
402 3423 500 3548 multo
534 3487 724 3548 manifestius
753 3487 835 3546 inter
856 3482 998 3545 homines
1023 3487 1173 3569 unigeniti
1190 3481 1246 3543 filii
1269 3481 1331 3539 Dei

256 3568 375 3649 judicis
397 3573 539 3635 vivorum
566 3584 662 3656 atque
690 3583 888 3633 mortuorum
921 3569 1045 3633 claritas
1072 3568 1248 3632 indubitata
1264 3564 1333 3626 fut-

259 3671 333 3716 sura
361 3654 411 3719 sit.

104 2900 192 2950 aaron
216 2893 363 2966 sadatur.
404 2890 454 2952 Ad
488 2891 643 2954 dextoram
663 2911 738 3035 erl?
771 2892 1006 2976 intelligendum
1030 2903 1091 2968 est,
1124 2890 1243 2953 dictum
1265 2914 1332 2953 csse
