2768 4762
181 368 184 377 ’
256 382 333 452 aaa
570 363 636 429 oa
666 362 923 432 castrare
949 362 1018 429 ur
1048 355 1069 449 ·,

341 571 373 625 5.
417 549 680 616 locustinos
694 552 737 612 L.
760 551 785 612 I.
809 549 848 612 de
870 569 1010 614 consens.
1031 526 1220 637 Evangelist.
1243 574 1273 618 e
1297 570 1346 628 10.

259 647 298 705 de
330 644 368 703 iis
403 638 557 722 loquens,
592 637 648 719 qui
678 657 710 697 se
733 635 849 697 Christi
871 634 971 697 libros
995 637 1034 698 ad
1055 636 1187 699 Petrum
1207 651 1241 700 et
1262 639 1348 704 Pau-

260 731 322 789 lum
344 727 480 809 scriptos
510 721 639 805 legisse,
684 733 715 781 et
749 723 781 780 in
806 723 849 781 eis
868 723 1015 804 magicam
1036 735 1133 782 artem
1154 722 1347 810 descriptam

260 814 411 898 inuenisse
432 810 646 868 mentiuntur:
670 805 748 865 Cum
769 804 883 865 vellent
905 805 1033 888 (inquit)
1056 807 1118 868 tale
1139 805 1265 892 aliquid
1287 810 1348 874 fin-

260 895 515 981 geceClrristum
543 893 702 972 scripsisse
732 889 772 949 ad
792 890 963 973 discipulos
986 912 1083 967 snos,
1119 896 1346 977 cogitaverunt,

262 982 301 1042 ad
336 1001 416 1062 quos
445 977 640 1062 potissimum
677 974 814 1034 scribere
852 979 992 1057 potuisse
1029 975 1119 1036 facile
1155 979 1337 1042 crederetur

30 1112 42 1137 .
97 1083 211 1169 seseq,
229 1085 252 1118 οι
262 1082 409 1148 tanquam
442 1061 482 1123 ad
513 1059 604 1135 illos,
639 1063 693 1142 qui
716 1061 743 1119 ei
767 1059 947 1120 familiarius
980 1059 1208 1140 adhaesissent,
1233 1027 1347 1146 quibu}

77 1134 239 1243 {tamdia
264 1150 342 1212 illud
372 1149 461 1230 quasi
491 1157 642 1204 secretum
677 1144 769 1222 digne
803 1148 1053 1222 commiteretur,
1089 1159 1119 1207 et
1143 1152 1289 1212 occurrit
1309 1154 1348 1212 eis

82 1232 236 1323 232⁰¹¹¹J2¹ffi¹
263 1237 376 1298 Petrus
399 1243 431 1293 et
459 1228 586 1290 Paulus.
632 1228 757 1306 Credo,
790 1229 875 1310 quod
899 1229 1044 1311 pluribus
1069 1229 1146 1292 locis
1174 1234 1269 1293 simol
1298 1256 1347 1296 eos

62 1333 147 1416 'buno
250 1328 335 1380 'cum
357 1316 414 1377 illo
438 1317 540 1398 pictos
566 1314 729 1390 viderunt,
755 1317 829 1394 quia
851 1319 959 1374 merita
982 1315 1068 1375 Petri
1091 1328 1122 1377 et
1143 1316 1235 1379 Pauli
1260 1323 1347 1380 etiam

263 1415 399 1489 propter
422 1399 558 1459 eundem,
572 1401 726 1481 passionis
748 1399 840 1476 diem,
863 1399 1016 1460 celebrius
1039 1413 1069 1461 et
1091 1400 1275 1465 solemniter
1288 1405 1350 1466 Ro-

265 1508 314 1550 ma
336 1484 539 1548 commendat
733 1538 739 1550 .
800 1508 804 1514 ’
942 1512 947 1526 ·

82 1585 255 1678 possesntrnqs
350 1584 381 1640 4.
423 1567 618 1628 DAMASUS
640 1568 726 1651 Papa
748 1566 833 1628 libro
854 1565 1028 1651 pontificali
1051 1570 1083 1627 in
1105 1572 1167 1631 vita
1179 1569 1347 1647 sylvestri:

82 1647 234 1727 nilide?
266 1658 368 1739 Hujus
404 1652 599 1736 temporibus
624 1653 698 1712 fecit
720 1654 940 1712 Constantinus
962 1652 1118 1736 Augustus
1139 1654 1287 1719 basilicas
1309 1661 1350 1719 is·

80 1737 333 1816 '‘ml¹⁰''⁸‘¹⁸'tas,
367 1760 444 1821 quas
466 1751 496 1797 et
518 1740 660 1798 ornavit:
693 1737 852 1797 Basilicam
877 1736 1180 1817 constantinianam,
1212 1740 1270 1801 nbi
1291 1765 1353 1827 po·

80 1791 133 1825 teas
143 1789 234 1823 statuas

81 1829 329 1941 2}f',{{‚22³1'012f⁵¹¹5t
350 1824 434 1884 dona
457 1824 533 1881 ista:
556 1823 725 1904 Fastigium
753 1834 948 1905 argenteum,
970 1821 1086 1882 babens
1111 1826 1144 1883 in
1167 1825 1352 1889 frontesal-

80 1944 149 2021 Ἤ,
170 1979 191 2022 ·,
211 1921 405 2018 ⁵¹⁰'statorem
439 1905 604 2003 sedentem!
620 1908 652 2003 in
668 1904 748 2006 ‘sella
776 1910 915 2003 quinque
943 1908 1079 1988 pedum,
1101 1925 1280 1990 pensantem
1309 1912 1352 1970 li.

81 2026 187 2088 mmm
205 1995 339 2082 ,.„.bras
367 1997 379 2075 )
403 2002 525 2087 centum
546 2002 664 2072 viginti.
719 1990 761 2049 bt
780 1991 944 2049 duodecim
967 1992 1158 2073 Apostolos,
1196 1991 1346 2055 babentes

83 2074 381 2167 ffl‘goffffgfffflinguli
404 2094 519 2157 quinos
540 2072 656 2156 pedes,
679 2086 840 2156 pensantes
863 2073 958 2134 libras
980 2080 1160 2160 nonaginta,
1194 2098 1266 2136 cum
1291 2100 1351 2139 co·

81 2176 149 2265 ‘effi
151 2176 252 2263 „1⁰33
266 2164 352 2220 ronis
374 2180 410 2218 ex
432 2167 571 2240 argento
589 2159 766 2240 purissimo.
821 2159 897 2218 item
919 2179 937 2219 a
967 2172 1056 2244 tergo
1079 2162 1293 2243 respicientem
1317 2165 1353 2227 in

83 2275 145 2328 qun.
266 2244 373 2305 abside
402 2242 609 2319 salvatorem,
641 2241 796 2303 sedentem
831 2245 864 2301 in
888 2241 1006 2304 throno
1043 2247 1078 2319 in
1095 2243 1230 2329 pedibus
1254 2249 1354 2330 quin·

82 2321 252 2430 qssg'fflffl,
266 2350 327 2412 que
345 2348 384 2429 ¹ex
405 2338 534 2411 argento
569 2327 761 2411 purissimo,
794 2341 971 2409 pensantem
994 2328 1090 2390 libras
1123 2342 1251 2390 centum
1269 2353 1352 2413 qua·

82 2433 149 2511 εἴ..
170 2430 250 2475 argen-
265 2415 420 2511 dragtnta3
471 2412 513 2470 Et
545 2409 672 2495 angelos
705 2425 842 2493 quatuor
869 2427 1054 2497 exurgente
1077 2416 1108 2474 in
1133 2417 1238 2497 quinis
1262 2416 1352 2500 pedi·

264 2498 345 2570 bus,
369 2517 424 2577 qur
443 2509 575 2578 pensant
608 2496 721 2580 singuli
745 2495 840 2556 libras
863 2511 987 2556 centum
1009 2501 1149 2581 quinque
1172 2519 1248 2561 cum
1273 2522 1353 2585 gem-

264 2586 321 2647 mis
343 2579 563 2642 Alabandenis.
606 2580 649 2639 Et
669 2582 770 2640 infra:
792 2582 952 2641 Annorum
975 2604 1009 2641 ex
1030 2585 1113 2664 stipa
1135 2582 1309 2646 Ammiunti
1324 2588 1351 2644 in

95 2707 179 2768 w,
264 2667 356 2728 labro
386 2668 492 2762 fontis¹
510 2684 620 2749 agnum
644 2685 679 2723 cx
702 2687 779 2727 auro
803 2669 988 2749 purissimo,
1024 2667 1208 2728 siirrdeotem
1230 2689 1351 2752 squam

83 2763 443 2868 1ῗξιῃνῃιῑιιοῖιῑὲἰ).ρεῐιεειιιῖειῐι
474 2748 569 2810 libras
604 2750 741 2831 triginta.
794 2749 842 2808 Ad
875 2751 1028 2811 dexteram
1050 2772 1142 2836 agni,
1166 2752 1352 2847 salvatorem

83 2869 164 2908 erse...
265 2860 300 2899 ex
322 2846 450 2918 argento
473 2835 663 2915 purissimo,
697 2837 729 2893 in
752 2834 884 2916 pedibus
916 2838 1074 2917 quinque,
1109 2850 1299 2919 pensantem
1319 2838 1353 2897 li·

83 2918 168 2959 ³⁰²³·
178 2921 198 2962 ¹·
220 2919 338 2984 ²⁹·bras
373 2931 497 2980 centum
517 2919 721 3000 septuaginta.
773 2919 808 2977 In
833 2917 916 2978 laeva
939 2923 1033 3001 agni,
1055 2919 1180 2980 beatum
1202 2923 1352 2984 Ioannem

264 3006 434 3089 Baptistam
463 3022 498 3061 ex
519 3016 647 3085 argento
662 3044 671 3077 ,
706 3005 738 3061 iu
760 3001 894 3083 pedibus
916 3008 1073 3086 quinque,
1096 3017 1260 3069 tenentem
1281 3016 1351 3068 titu-

266 3091 330 3151 lum
352 3089 522 3169 scriptum,
546 3088 600 3168 qui
623 3085 685 3145 hoc
707 3084 816 3145 babet:
851 3088 932 3147 Ecce
954 3110 1049 3171 agnus
1061 3090 1152 3164 1·Dei,
1174 3111 1255 3152 eece
1300 3093 1351 3175 qui

264 3173 352 3237 tollit
378 3184 504 3255 peccata
532 3169 656 3245 mundi,
695 3183 873 3253 pensantem
912 3172 1007 3233 libras
1030 3188 1162 3233 centum.
1210 3136 1350 3236 Ibidem:

265 3259 366 3341 Super
388 3275 504 3338 corpus
535 3255 619 3315 beati
642 3253 746 3331 Petri,
782 3277 876 3337 super
898 3278 948 3332 os,
984 3278 1048 3339 quo
1079 3256 1243 3321 conclusit
1266 3258 1352 3336 illud,

265 3342 341 3403 fecit
362 3361 485 3402 crucem
506 3360 629 3401 auream
658 3341 871 3421 purissimam,
905 3355 1082 3424 pensantem
1107 3342 1207 3403 libras
1231 3358 1351 3406 centon

84 3423 230 3467 ΨΜ·
266 3427 504 3508 quinquaginta.
556 3423 619 3484 sed
652 3437 683 3483 et
713 3446 835 3485 crucem
866 3446 990 3486 auream
1023 3447 1118 3509 super
1140 3427 1250 3489 locum
1273 3429 1351 3490 beari

264 3510 356 3608 Pauli
388 3507 535 3591 Apostoli
570 3502 709 3591 posuit,'
741 3522 918 3592 pensantem
957 3509 1052 3571 libras
1089 3523 1218 3573 centum
1261 3516 1354 3596 quin·

290 3616 327 3655 ua
350 3607 423 3653 mta.
581 3614 585 3632 ·

99 3755 183 3801 mm
205 3616 287 3793 enfil
330 3615 380 3746 g5.
423 3673 682 3736 ATHANASIUS
714 3674 798 3737 libel.
829 3676 868 3736 de
902 3699 983 3760 pass.
1006 3680 1093 3762 imag.
1114 3679 1154 3739 D.
1177 3679 1220 3740 N.
1243 3681 1276 3743 J.
1301 3680 1351 3744 Cb

84 3760 523 3930 sarmtltjtltd‘tl
545 3782 581 3906 εἰ·
602 3761 1352 3926 inlitltlttstttls⁵¹¹¹¹llt2ffl¹³5t⁰⁶

83 3900 255 3999 filiiflii*
266 3929 508 4006 detinebantur,
532 3931 673 3990 cucurrit
687 3932 794 4005 ,omnis
821 3931 990 3992 multitudo
1011 3870 1286 3996 Jiidiieorumgrrid¹
1299 3870 1355 3996 dd}

265 4037 349 4077 mum
375 4026 496 4110 sanctae
528 4007 701 4112 Ecclesiae,
738 4018 871 4095 quaein
896 4017 1000 4077 cadem
1022 4016 1102 4077 urbe
1124 4032 1215 4093 eret,
1238 4019 1303 4081 ubi
1329 4031 1356 4079 et

266 4096 547 4178 Metropolitanum
568 4111 761 4157 invenerunt·
818 4099 917 4180 Cujus
941 4102 1104 4183 provoluti
1129 4105 1298 4187 vestigiis,
1329 4124 1357 4164 se

264 4201 424 4266 peccasse,
445 4201 477 4240 se
499 4184 634 4264 graviter
655 4181 844 4264 deliquisse,
865 4189 982 4268 magnis
1003 4185 1134 4246 vocibus
1161 4187 1354 4251 fatebantur.
1383 4207 1384 4261 ζ

266 4267 297 4328 Is
340 4285 410 4327 cum
441 4263 480 4326 eb
516 4268 559 4328 eis
591 4268 790 4350 perquireret
823 4289 944 4331 onmem
976 4272 1022 4333 rei
1051 4283 1157 4358 gestae
1178 4274 1353 4352 veritato,
1383 4303 1384 4311 κ
