2768 4762
18 397 22 415 '
117 389 231 457 mv·
335 391 470 457 INDEX
493 389 645 457 mnus
675 386 925 457 caTEcmssss
948 393 1142 460 onomast

121 579 181 653 Do
214 573 511 654 confirmationis
534 574 799 670 Sacramenta,
835 604 901 676 per
921 585 1151 676 quaestiones
1177 599 1211 663 5.

209 750 266 816 De
287 748 495 828 chrismate,
523 746 761 834 quaestiones.

121 1036 180 1109 De
204 1033 461 1115 Eucharistiae
486 1031 748 1124 Sacramenta,
772 1058 838 1130 per
862 1038 1092 1132 quaestiones
1119 1056 1176 1115 10.

204 1205 260 1270 De
291 1204 449 1284 i's‘eritate,
471 1206 659 1290 quaestione
680 1219 710 1275 a.

210 1361 594 1426 Transsubstantiotione
603 1405 614 1440 ,
627 1369 766 1452 quaest.
787 1376 817 1432 6.

204 1518 432 1596 deieratione,
454 1524 581 1602 quaest:
599 1531 630 1587 6.

203 1674 259 1739 De
278 1674 409 1753 Missa,
432 1679 556 1755 quaest.
579 1686 608 1743 7.
735 1710 739 1715 ·

203 1831 259 1897 De
282 1830 523 1898 Communium
541 1828 603 1891 sub
624 1835 766 1910 meaque
784 1830 905 1913 speeie,
928 1843 1053 1916 quaest.
1075 1849 1109 1905 3.

112 2089 171 2162 De
194 2086 448 2162 Paenitentiae
474 2086 736 2178 Sacramenta,
775 2110 854 2181 per⁴
870 2089 1110 2184 quaestiones
1126 2108 1182 2169 10.

202 2258 258 2323 De
278 2255 502 2337 contritione,
523 2266 647 2341 quaest.
668 2271 698 2327 4.

199 2411 257 2477 De
280 2409 516 2499 Confessione,
545 2423 673 2499 quaest.
693 2429 713 2484 5
734 2425 769 2482 et
788 2431 817 2487 6.

197 2567 254 2632 De
274 2565 526 2656 Satisfactione,
548 2522 673 2655 quaest.
695 2585 714 2640 7
736 2580 768 2634 et
789 2585 819 2641 3.

196 2720 253 2788 De
277 2723 480 2812 Purgotario
510 2734 543 2791 et
560 2714 719 2812 fidelibus
745 2723 932 2813 defunctis,
968 2738 1093 2813 quaest.
1116 2745 1145 2800 9.

108 2997 166 3069 De
189 2992 429 3070 Sacramenta
455 3010 637 3069 extremae
661 2994 869 3082 unctionis,
894 3021 959 3092 per
982 3000 1211 3090 quaestiones
1229 3021 1263 3077 a.

9 3346 67 3415 μ,
106 3295 165 3368 De
192 3291 344 3370 Ordinis
369 3291 635 3378 Sacramenta,
660 3318 726 3388 per
748 3294 978 3389 quaestiones
1004 3305 1037 3370 8.

194 3470 251 3533 An
270 3485 384 3530 omnes
408 3464 588 3528 Christiani
605 3465 673 3527 sint
699 3434 912 3544 Sacerdotes,
941 3475 1064 3547 quaest.
1090 3483 1119 3535 2.

186 3620 243 3686 De
274 3620 478 3686 honorandis
509 3620 742 3687 Sacerdotibus
769 3624 839 3687 sive
867 3621 961 3686 bonis
983 3622 1053 3685 sive
1080 3625 1196 3704 maiis,
1240 3646 1342 3711 quae-

227 3729 334 3795 stione
362 3735 438 3800 σοι
466 3738 496 3796 7.

100 3915 159 3987 Da
192 3910 417 3988 Matrimonii
443 3912 709 4000 Sacramenta,
742 3938 809 4021 pes
840 3915 1070 4013 quaestiones
1097 3930 1128 3994 5.

184 4084 241 4150 De
261 4085 418 4162 divortia,
457 4084 648 4164 quaestione
667 4099 697 4156 a.

184 4240 240 4306 De
275 4237 471 4326 Vatifragis,
491 4202 678 4322 quaestione
696 4204 724 4312 q
