2768 4762
303 395 790 491 ..ϊιιιιιιι-ιι
944 342 978 407 ’“
1040 350 1147 475 ιιι

148 592 188 661 C.
240 586 425 659 Nimirum
473 583 599 659 diviua
641 601 700 659 est
739 586 884 660 isthaec
921 580 1272 668 ordinatim-„mmm
1338 628 1341 635 -

52 742 148 817 quac
181 738 250 784 nec
282 711 427 783 aboleri
454 726 580 815 potest
621 710 781 782 humana
812 708 1057 806 auctoritate,
1082 685 1303 780 ut'lliitonass.

53 841 163 914 certis
189 834 358 934 legibus,
386 834 507 931 iisque
526 832 662 932 partim
682 832 856 933 scriptia,
881 833 1018 934 partim
1045 852 1123 903 non

53 962 223 1061 scriptis,
264 983 355 1051 quas
381 956 621 1056 ¹⁵apostoliea
648 956 780 1031 nobis.
787 956 1021 1031 commendat
1045 972 1121 1029 tra·
1133 961 1241 1063 ,4,4,4,4,.,,
1225 959 1302 1006 4444

54 1088 173 1167 ditio,
218 1080 390 1152 Ecclesia
425 1098 591 1179 regatur,
633 1080 808 1179 dogmata
842 1086 1146 1158 conserventur,
1132 1022 1303 1203 rbus.

53 1212 159 1309 rclig'
128 1238 187 1280 ιο
220 1205 446 1294 vindicetur,
492 1203 613 1277 ulatur
654 1199 881 1289 concordia,
925 1169 1147 1309 disciplinati
1148 1206 1208 1301 ’,ᾗ

1134 1304 1198 1347 flaua

53 1338 265 1408 retineatur.
364 1430 370 1441 ἢ
1049 1356 1054 1363 ·
1134 1352 1302 1449 emtas
1312 1386 1364 1437 Ι

1135 1454 1173 1501 ιι.

335 1562 867 1643 sententiata

143 1730 181 1794 t.
222 1732 264 1792 11.
284 1728 431 1791 Thess.
452 1728 511 1789 11.=
531 1727 642 1811 State,
664 1743 703 1802 et,
717 1728 816 1794 tenete
836 1727 1030 1807 traditiones,
1052 1748 1131 1815 quaa

61 1842 233 1916 didicistis,
256 1839 317 1898 sire
338 1858 395 1919 per
416 1838 701 1911 sermonem,esive
721 1859 780 1922 per
799 1836 960 1925 epistolam
981 1850 1130 1900 nostram.
1161 1858 1206 1917 ·,,,

145 1949 169 2008 1.
193 1947 286 2006 Cor.
316 1945 389 2006 XL:
419 1942 536 2003 ‘Laudo
570 1964 625 2005 ros
655 1945 792 2022 fratrer,
832 1943 919 2027 quod
948 1947 1131 2027 peremnia

62 2057 120 2114 mei
142 2072 290 2113 memores
312 2051 400 2128 estis,
432 2061 464 2110 et
494 2052 576 2113 sicut
600 2049 851 2129 tradidi'vobis,
880 2062 1046 2138 praecepta
1062 2062 1130 2114 mea

59 2165 176 2224 tenetis.

144 2238 281 2326 Martii.
302 2264 443 2324 xvl11.=
476 2262 510 2323 Si
542 2261 715 2325 Ecclesiam
738 2278 805 2328 aoa
826 2262 978 2344 audierit,
1008 2263 1053 2327 sit
1070 2261 1131 2328 tibi

57 2356 140 2413 sicut
159 2349 310 2407 Ethnicus
340 2360 371 2406 et
390 2345 592 2406 Publicanus.

146 2453 231 2513 Act.
251 2448 347 2513 XV.2
370 2450 504 2528 Paulus,
527 2450 626 2512 electo
648 2450 736 2530 Sila,
757 2453 993 2536 perambulabat
1013 2453 1134 2532 syriam

66 2572 97 2620 et
124 2558 279 2633 Ciliciam,
326 2553 514 2617 coulirmana
541 2555 713 2619 Ecclesiasr
749 2560 940 2643 praecipiens
975 2560 1135 2627 custodire

19 2748 24 2757 Ι
63 2678 228 2753 praccepta
248 2662 477 2747 Apostolorum
497 2644 529 2725 et
549 2661 724 2725 seniorum.

148 2774 197 2834 Et
216 2771 322 2833 xvi:
354 2772 434 2833 Cum
464 2756 690 2857 pertransirent
710 2771 867 2850 civitates,
898 2771 1063 2837 tradebant
1089 2779 1135 2839 eis

22 2858 29 2905 ⁵·
69 2881 225 2942 custodire
246 2857 410 2962 dogmata,
442 2871 522 2961 quae
543 2890 632 2941 eraut
650 2876 774 2940 decreta
792 2877 832 2940 ab
850 2877 1014 2965 Apostolis
1034 2894 1067 2945 et
1084 2904 1134 2965 se-

24 3064 32 3079 ,
67 2989 234 3063 nioribus,
258 2995 312 3068 qui
335 2998 422 3048 erant
443 2974 675 3063 Hierosolymis.

151 3086 254 3154 lion.
276 3093 379 3155 xlta:
412 3092 520 3154 Omnis
552 3095 650 3154 anima
669 3090 876 3180 potestatibus
897 3092 1133 3156 sublimioribus

25 3204 48 3211 ’“
67 3200 192 3262 subdita
224 3188 293 3264 sit,¹
328 3198 399 3258 Nou
431 3211 478 3259 est
507 3200 587 3258 enim
615 3213 771 3283 potestas,
804 3202 864 3263 nisi
888 3222 912 3285 a
934 3200 1023 3263 Deo':
1056 3222 1137 3285 quae

69 3322 170 3368 autem
194 3318 281 3384 sunt,
303 3305 405 3365 aDco
428 3305 572 3366 ordinata
591 3319 674 3369 sunt.
1139 3314 1144 3323 '

153 3416 185 3474 M
200 3436 216 3474 a
229 3410 308 3475 tth.
329 3411 458 3472 XXIL:
488 3411 643 3492 Reddite,
678 3434 757 3497 quae
778 3426 853 3478 sunt
873 3414 1029 3497 Caesaris,
1058 3412 1139 3503 Gae-

69 3524 148 3585 sari:
176 3533 222 3582 et·
237 3540 314 3602 quae
336 3530 407 3580 sunt
426 3519 512 3598 Dei,
534 3520 612 3580 Deo.

155 3629 208 3691 Et
227 3628 365 3688 xxiii:
395 3627 499 3711 Super
518 3626 696 3690 cathedram
716 3630 820 3708 Moysi
839 3629 987 3695 sederunt
1010 3628 1138 3693 scribae

70 3747 105 3799 et
123 3734 290 3796 Pharisaei.
307 3772 310 3779 ·
335 3734 447 3797 Omnia
470 3755 563 3817 ergo,
598 3754 804 3818 quaecunque
822 3737 957 3803 dixerint
976 3750 1034 3817 ete·

155 3841 245 3901 Luc.
268 3843 325 3904 X.:
351 3843 413 3919 Qui
434 3863 489 3902 vos
511 3840 617 3919 audit,
639 3863 686 3903 me
708 3842 813 3904 audit:
835 3857 867 3906 et
889 3847 944 3926 qai
968 3864 1024 3908 voa
1047 3862 1139 3929 aper·

68 3947 133 4024 nit,
155 3969 201 4007 ma
220 3952 349 4031 spernit.

154 4055 179 4117 I.
201 4056 308 4119 Petr.
329 4058 387 4120 lL:
415 4055 559 4145 subjecti
580 4070 677 4119 estote
705 4061 790 4121 omni
811 4057 961 4121 humanae
984 4068 1142 4121 creaturae

73 4174 208 4244 propter
229 4142 346 4243 Deum,
367 4166 430 4226 sire
453 4140 542 4247 regi,
563 4144 650 4247 quasi
671 4164 888 4248 praecellenti:
911 4166 973 4227 sire
999 4160 1143 4237 ducibus,

71 4277 220 4352 tanquam
257 4269 297 4332 ab
332 4291 370 4335 eo
403 4273 523 4352 missis,
556 4271 598 4333 ad
627 4270 793 4336 vindictam
819 4271 991 4350 malorum,
1024 4251 1152 4332 laudem

860 4382 945 4457 aa*
