2768 4762
197 369 200 374 -
270 355 351 433 420
521 338 1099 410 naeusnenerss

273 534 307 596 ln
348 532 484 598 raedieta
501 542 608 593 sancta
628 528 753 608 synodo
770 526 882 591 docent
899 529 1050 606 instituta,
1074 537 1108 590 et
1121 524 1232 589 veluti
1258 527 1359 612 palliati

207 680 210 689 ,
274 557 362 679 verbi
383 640 440 701 per
464 616 666 676 ventilabrum
692 617 854 676 canonicae
868 614 1119 688 examinationis,
1142 612 1279 695 plenam
1295 637 1356 698 pm

275 704 428 787 gationem
450 703 481 761 in
503 703 655 761 communi
680 701 877 760 consistentes
906 698 1078 772 auditorio,
1108 695 1152 756 de
1179 702 1354 760 maturiset

276 784 501 848 enutrientibus
525 785 699 845 Catholicae
719 776 873 843 Ecclesiae
899 782 1113 866 dogmatibus,
1138 803 1229 863 qvme
1256 781 1352 844 confir·

269 883 360 934 mant
389 891 443 930 cor
471 868 620 944 hominis,
650 888 707 952 per
733 869 996 951 participationem
1019 879 1233 950 paternarum
1260 889 1353 930 cone

275 975 408 1037 quamur
438 955 669 1013 institutionum.
712 953 854 1033 antiquis
874 954 953 1011 enim
974 950 1088 1034 regulis
1112 955 1279 1013 sancitum
1304 965 1353 1029 et,

276 1050 332 1113 ut,
347 1037 501 1118 quidquid
524 1041 658 1119 quamvis
671 1039 701 1097 in
726 1038 849 1097 remotis
873 1050 927 1097 aut
952 1035 1131 1120 longinquis
1155 1040 1272 1117 positis
1295 1058 1353 1121 pro·

276 1123 383 1181 vinciis
411 1141 504 1202 super
528 1122 751 1204 Episcoporum
773 1120 902 1202 querelis
933 1132 985 1180 ant
1007 1120 1273 1181 accusationibus
1296 1143 1351 1205 age·

276 1216 378 1281 retur,
410 1226 471 1265 non
495 1208 580 1288 prius
602 1207 794 1266 tractandum
820 1202 867 1263 vel
896 1203 1111 1286 accipiendum
1148 1219 1257 1282 esset,
1280 1229 1350 1288 qum

278 1289 319 1349 ad
344 1291 483 1349 notitiam
504 1290 597 1350 almae
624 1291 704 1350 sedis
725 1303 842 1349 vestrae
861 1288 967 1348 luisset
991 1287 1193 1365 deductum,
1215 1304 1254 1350 ut
1276 1291 1349 1372 liujus

277 1375 461 1433 auctoritate
472 1375 574 1453 justa,
600 1396 678 1455 quae
696 1375 812 1450 suisset,
830 1374 1037 1456 pronuntiatio
1059 1369 1292 1449 infirmaretur,
1312 1389 1348 1434 aut

276 1455 466 1518 firmaretur:
511 1459 648 1540 Indeque
686 1468 839 1519 sumerent
876 1477 1034 1532 normam,
1082 1458 1173 1520 unde
1211 1459 1346 1520 Ecclesiae

278 1562 434 1623 sumpsere
453 1543 687 1624 praedicationis
713 1543 889 1616 exordium,
911 1562 950 1601 ne
969 1543 1083 1624 passim
1104 1541 1149 1601 ab
1178 1544 1345 1604 insidiatori·

165 1684 172 1698 ,
277 1624 337 1687 bus
369 1625 526 1685 columnae
557 1640 764 1689 everterentur
793 1625 955 1686 Ecclesiae.
1007 1625 1157 1693 Vestrum
1187 1641 1256 1701 est,
1278 1629 1344 1688 nobi

277 1732 399 1771 manum
416 1713 589 1793 porrigere,
611 1714 682 1793 quia
708 1712 795 1771 vobis
816 1711 964 1770 commissi
984 1730 1100 1770 sumus.
1146 1709 1342 1786 vestrumst

257 1816 334 1871 „rios
359 1795 523 1855 defendere
542 1809 634 1878 atque
654 1796 801 1871 liberare,
823 1807 1020 1874 nostrumque
1034 1806 1092 1870 est,
1118 1817 1137 1857 a
1165 1798 1256 1858 vobis
1279 1794 1362 1860 aaa

200 1944 203 1951 ,
278 1878 354 1939 lium
379 1878 535 1961 expetere,
559 1882 726 1961 vestrisque
753 1901 860 1963 parere
889 1877 1089 1959 jussionibus.
1135 1880 1260 1943 Scimus
1285 1903 1342 1943 eun

280 1967 327 2039 (ut
352 1984 469 2045 semper
494 1976 611 2023 vestrae
640 1966 718 2025 sedis
751 1962 904 2047 praesules
935 1965 1033 2058 primo
1063 1963 1223 2046 Apostoli,
1248 1967 1345 2027 deinde

279 2066 468 2105 successores
505 2068 609 2106 corum
643 2047 790 2122 fecerunt)
811 2067 880 2125 ¹vos
913 2045 1088 2107 universalis
1115 2048 1291 2123 Ecclesiae,
1324 2061 1349 2109 et

279 2131 404 2188 maxime
440 2129 684 2213 Episcoporum,
719 2133 772 2212 qui
795 2129 891 2206 oculi,
920 2145 1049 2213 prepter
1070 2131 1346 2214 contemplationen

257 2226 314 2273 -et
333 2213 583 2296 speculationem,
616 2226 765 2274 vocantur
791 2213 933 2290 Domini,
967 2237 1071 2276 curam
1095 2237 1220 2300 gerere,
1250 2239 1288 2277 ac
1315 2219 1341 2277 de

104 2317 167 2362 rent.
185 2329 210 2365 t,
225 2327 245 2358 a
280 2298 463 2357 relevatione
498 2312 528 2359 ct
561 2300 626 2382 lege
655 2311 759 2360 nostra
788 2298 908 2358 assidue
938 2302 1073 2382 cogitare
1107 2301 1248 2376 debere,
1280 2304 1335 2361 sint

210 2442 212 2446 .
248 2442 251 2447 ,
279 2385 505 2467 scriptumest:
529 2385 640 2446 Beatus
668 2385 727 2462 vir,
751 2384 805 2465 qui
825 2383 989 2445 meditatim
1010 2388 1044 2445 in
1071 2384 1141 2470 lege
1162 2386 1283 2447 Domini
1296 2384 1334 2443 die

281 2489 317 2528 ae
337 2480 436 2528 nocte.

106 2571 186 2630 canon
204 2580 234 2618 ιο.
306 2601 307 2605 ,
365 2550 502 2612 VERBA
527 2574 591 2613 cau.
616 2566 664 2621 18.
689 2551 793 2614 Nicen.
821 2553 935 2629 Synod.
970 2558 1057 2630 (teste
1079 2550 1168 2615 lulio
1190 2554 1218 2616 I.
1248 2564 1337 2636 capt

105 2621 259 2713 liffssf'ffssffiff'
282 2639 312 2698 in
331 2636 466 2720 Rescrip.
499 2650 578 2697 cont.
605 2637 750 2698 Oriental.
781 2660 838 2720 pro
862 2637 1024 2698 Athanasio
1056 2650 1086 2699 et
1115 2642 1260 2715 cacteris)
1281 2639 1336 2697 bare

105 2719 261 2809 'flffiffijffjffi
283 2734 374 2782 sunt:
399 2723 511 2784 Omnes
533 2722 693 2805 Episcopi,
722 2724 775 2803 qui
801 2725 832 2783 in
856 2722 1038 2804 quibusdam
1063 2724 1262 2805 gravioribus
1284 2722 1336 2805 pal·

104 2781 272 2904 decapitata:
283 2820 388 2867 santur
412 2806 458 2866 vel
480 2809 676 2867 criminantur
698 2809 813 2884 causis,
837 2808 956 2888 quoties
979 2827 1103 2867 necesse
1127 2808 1243 2884 luerit,
1265 2808 1336 2867 libert

104 2869 269 2973 librili?
283 2891 488 2974 Apostolicam
518 2891 668 2973 appellent
690 2891 812 2967 sedem,
835 2904 926 2972 atque
953 2892 992 2951 ad
1015 2913 1079 2952 eam
1108 2895 1201 2973 quasi
1232 2893 1272 2952 ad
1291 2912 1335 2951 nt·

105 2964 257 3054 mmm,
280 2987 358 3035 trem
388 2975 583 3058 confugiant,
606 2987 642 3034 ut
659 2973 698 3034 ab
717 2997 751 3034 ca
771 2978 860 3050 (sieut
883 2996 1000 3059 semper
1020 2977 1089 3051 luit)
1108 2978 1161 3058 pic
1181 2976 1335 3045 fulciantur,

105 3018 240 3103 l.l.'.¹1‘¹.l''..'¹.¹¹
282 3060 483 3119 defendantur
503 3072 533 3119 et
551 3059 726 3119 liberentur.
770 3060 867 3139 Cujus
887 3060 1075 3143 dispositioni
1098 3082 1211 3123 omnes
1227 3065 1334 3144 majona
1378 3086 1381 3155 g

103 3109 268 3202 {illidii
280 3144 506 3203 Ecclesiasticus
526 3163 652 3221 causas,
676 3155 707 3204 et
728 3143 949 3226 Episcoporum
965 3146 1099 3226 judicia,
1124 3148 1257 3229 antiqua
1274 3149 1334 3227 Apu·
1379 3176 1381 3229 ἐ

106 3218 143 3248 ⁸⁰¹
278 3229 426 3288 stolorum
453 3249 618 3308 eorumque
647 3249 855 3288 successorum
884 3242 976 3311 atque
1009 3249 1163 3289 canonum
1191 3233 1336 3291 auctoritas

278 3316 459 3373 reservavit:
500 3315 653 3388 Quoniam
686 3312 847 3395 culpantur
878 3314 1041 3396 Episcopi,
1080 3316 1136 3393 qui
1163 3314 1260 3376 aliter
1284 3330 1338 3394 erp
1379 3290 1381 3359 i

278 3398 389 3458 fratres
407 3399 543 3480 egerint,
563 3418 653 3478 quam
675 3397 812 3475 ejusdem
831 3397 910 3456 sedis
934 3397 1036 3480 Papae
1056 3395 1125 3457 fieri
1148 3399 1310 3481 placuerit.

362 3481 540 3542 canonis
565 3493 665 3540 autem
685 3482 746 3540 sive
770 3482 892 3563 capituli
919 3483 1099 3541 deciminoni
1125 3484 1255 3559 (eodem
1277 3484 1341 3544 lulio

103 3584 182 3627 canan
197 3596 228 3633 n.
237 3586 267 3630 a·
277 3576 370 3642 teste,
391 3568 489 3649 eapite
506 3568 596 3626 tertio
615 3564 752 3647 ejusdem
776 3566 935 3649 Rescripti)
956 3565 1031 3626 haec
1054 3579 1127 3626 sunt
1141 3568 1264 3630 verba:
1286 3568 1342 3631 Pb-

104 3635 191 3677 '⁸⁴⁰²‘
278 3652 362 3727 cuit,
384 3662 419 3709 ut
441 3663 598 3717 accusatus
625 3650 672 3709 vel
690 3649 844 3727 judicatus
866 3671 882 3710 a
904 3649 1218 3733 comprovincialibus
1247 3657 1280 3714 in
1301 3652 1341 3712 al·

277 3754 338 3813 qua
365 3754 454 3794 causa
475 3736 661 3817 Episcopus,
682 3733 807 3793 licenter
832 3733 969 3816 appelletg
987 3748 1018 3796 et
1039 3734 1130 3796 adeat
1154 3735 1345 3823 Apostolicet

275 3817 355 3876 sedis
375 3816 574 3894 Pontificem,
602 3821 655 3901 qui
684 3830 737 3877 aut
759 3839 815 3900 per
841 3840 892 3894 se,
924 3831 977 3879 aut
1004 3830 1064 3903 'per
1092 3822 1234 3881 vicarios
1266 3842 1348 3883 suos.

276 3903 344 3979 ejus
369 3903 526 3963 retractari
554 3904 709 3987 negotium
735 3915 891 3985 procuret.
934 3904 975 3964 Et
996 3906 1070 3965 dum
1094 3907 1213 3966 iterato
1242 3907 1351 3990 jndicio

274 3983 416 4045 Pontifex
446 4008 565 4047 causam
588 4008 673 4048 suam
699 3986 805 4061 audit,
827 3988 928 4046 nullus
953 3988 1029 4049 alins
1056 3990 1084 4048 iu
1110 3992 1182 4069 ejus
1206 3991 1281 4053 loeo
1301 4012 1354 4074 po·

274 4081 366 4129 natur
383 4082 436 4129 aut
453 4073 612 4132 ordinetur
628 4071 818 4153 Episcopus:
841 4072 994 4149 Quoniam
1019 4074 1210 4154 quamquam
1228 4098 1247 4137 a
1271 4098 1353 4137 com-

274 4152 509 4299 provincialibus
530 4157 690 4239 Episcopis
720 4158 852 4215 accusati
889 4177 1009 4218 causam
1036 4152 1197 4241 pontificis
1226 4161 1355 4227 scrutari

287 4260 296 4301 ι

298 4247 381 4315 cent,
410 4258 471 4302 non
506 4251 605 4304 tamen
634 4239 772 4316 deliniri,
807 4242 978 4306 inconsulto
1005 4243 1144 4305 Romano
1175 4242 1358 4318 Pontifiee,
