2768 4762
401 398 770 465 artemo-s
1041 400 1120 472 18⁰

45 590 175 652 rainerus
191 582 258 649 ¹lta
290 584 497 671 recapitulans
517 590 549 649 in
579 609 611 649 se
631 585 728 648 Adam
747 589 814 672 ipse
831 580 963 646 verbum
991 580 1142 644 eristens'

49 694 87 736 et
103 673 221 747 Maria,
244 692 324 753 quae
353 671 456 733 adhuc
474 685 539 733 erat
558 675 671 756 virgo,
695 685 779 732 recte
798 667 969 754 accipiebat
994 686 1123 751 genera-

53 759 169 818 tionem
195 755 281 816 Adae
316 756 592 838 recapitulationis.
637 755 671 816 Si
695 759 790 840 igitur
809 756 927 841 primus
947 752 1046 813 Adam
1065 750 1124 810 ba-

52 839 123 900 buit
142 853 261 922 patrem
279 840 436 901 hominem
448 884 457 916 ,
489 855 576 901 etex
598 843 711 901 semine
734 842 791 899 viri
812 851 901 900 natus
923 850 987 910 est,
1010 838 1123 897 merito

51 924 191 985 dicerent
217 938 248 984 et
271 924 438 984 secundum
456 924 552 984 Adam
577 947 611 985 ex
637 924 840 1008 loseplr'esse
860 933 1046 1006 generatum.
1090 919 1123 978 Si

51 1020 153 1069 autem
174 1006 289 1068 ille'de
310 1022 395 1069 terra
418 1009 542 1090 quidem
558 1022 697 1092 sumptus
717 1020 771 1084 est,
795 1020 825 1068 et
848 1006 945 1068 verbo
963 1007 1020 1065 Dei
1039 1003 1125 1087 plas-

50 1104 150 1154 matus
183 1105 246 1169 est,
286 1090 455 1175 oportebat
492 1093 523 1151 id
552 1096 652 1176 ipsum
680 1092 808 1152 verbum
839 1089 1125 1172 recapitulationem

51 1175 138 1239 Adae
159 1179 192 1236 in
223 1190 318 1237 semet
338 1179 440 1260 ipsum
461 1177 590 1254 faciens,
626 1177 763 1258 ejusdem
784 1176 988 1259 generationis
1010 1172 1125 1233 hebere

51 1259 295 1323 similitudinem.
335 1324 338 1332 ι

138 1357 168 1412 3.
212 1345 278 1405 ET
298 1367 324 1406 e.
355 1359 430 1414 ωε
464 1344 553 1404 Sicut
574 1344 638 1405 Eva
660 1341 865 1403 inobaudiens
886 1337 989 1415 facta,
1019 1349 1050 1398 et
1067 1336 1126 1398 sibi

53 1438 85 1487 et
103 1431 252 1490 universo
288 1433 393 1513 generi
424 1428 560 1488 humano
590 1448 680 1488 causa
703 1427 782 1487 sucta
804 1437 851 1485 est
876 1426 1002 1484 mortis:
1032 1424 1128 1481 sicet

53 1513 155 1572 Maria
177 1512 302 1573 ‘habens
334 1512 596 1595 praedestinatum
630 1513 751 1587 virum,
784 1522 884 1569 tamn
917 1511 1005 1589 virgo
1028 1501 1303 1592 chau-effimffi'ffl'

53 1595 161 1671 diens,
197 1609 227 1655 et
261 1597 375 1655 sibiet
406 1597 551 1655 universo
573 1597 676 1678 generi
710 1593 844 1653 humano
867 1612 958 1653 causa
980 1591 1062 1650 sacta
1083 1601 1128 1648 est

29 1678 176 1741 'salutis
219 1679 303 1738 Evae
332 1679 559 1739 inobedientiae
583 1679 685 1739 nodus
714 1678 902 1738 solutionem
927 1675 1045 1756 accepit
1070 1680 1304 1766 perunivp10353

57 1760 267 1821 obedientiam
288 1763 418 1822 Mariae:
445 1762 533 1846 quod
555 1765 635 1823 enim
652 1762 787 1846 alligavit
806 1763 895 1843 virgo
916 1760 981 1820 Eva
1001 1779 1058 1841 per
1078 1738 1305 1833 indigladia-

61 1843 293 1922 credulitatem,
316 1845 379 1906 hoe
400 1848 488 1929 virgo
510 1847 609 1907 Maria
628 1846 721 1908 solvit
767 1866 801 1904 er
821 1842 923 1905 fidem.
1139 1828 1267 1872 '⁸¹⁸¹”²“'

145 1941 177 1995 lt.
219 1929 491 1991 HIERONYMUS
514 1930 635 2013 Epat.
657 1930 696 1992 ad
749 1928 871 1989 ustoch.
888 1926 926 1988 de
940 1937 1019 1988 cust.
1031 1927 1126 2008 virga

57 2007 146 2070 Exiet
179 2015 264 2095 virga
294 2012 333 2074 de
354 2014 458 2075 radice
478 2014 576 2092 Jesse,
607 2027 638 2075 et
661 2012 720 2076 llos
742 2013 781 2073 de
802 2011 907 2072 radice
927 2013 995 2093 ejus
1017 1998 1297 2096 men-ididl'dia.

57 2091 120 2154 det.
164 2095 277 2180 Virga,
306 2109 403 2159 mater
429 2110 476 2159 est
505 2099 654 2176 Domini,
685 2096 834 2181 simplex,
889 2116 963 2172 ura,
997 2097 1127 2170 sincera,

56 2179 144 2240 nullo
179 2184 362 2244 extrinsecus
396 2185 531 2266 germine
556 2182 765 2258 cohaerente,
787 2195 818 2243 et
835 2117 888 2242 ad
896 2181 1128 2241 similitudinem

26 2344 30 2349 .
54 2263 114 2323 Dei
146 2269 260 2326 unione
288 2267 451 2328 foecunda.
511 2268 622 2349 Virgae
651 2265 728 2340 llos,
750 2265 894 2326 Christus
916 2279 978 2343 est,
1000 2265 1107 2326 dicens
1120 2288 1127 2322 ε
1140 2255 1268 2347 ξζξ’2ῗ’,ξζ

59 2347 128 2429 Ego
146 2344 203 2408 llos
226 2351 346 2429 campi,
370 2349 520 2409 etlilium
543 2350 738 2411 convallium.
794 2351 858 2424 Qui
884 2352 966 2409 etin
993 2349 1054 2411 alio
1079 2348 1220 2408 lodbr'ul
1239 2356 1306 2391 Μ’·

58 2451 98 2491 co
119 2430 196 2510 lapis
216 2431 416 2511 praedicatur
434 2431 585 2491 abscissus
610 2433 648 2491 de
670 2444 777 2491 monte
797 2434 862 2490 sine
882 2433 1038 2492 manibus:
1066 2408 1186 2514 sig-⁸⁹u

59 2509 227 2594 nigficante
255 2511 434 2593 Propheta,
467 2514 616 2595 virginem
639 2516 829 2574 nasciturum
853 2533 916 2574 esse
939 2516 977 2574 de
1001 2517 1130 2597 virgine.

61 2598 172 2656 Manus
195 2596 312 2680 quippe
330 2597 527 2680 accipiuntur
552 2617 613 2679 pro
635 2617 730 2680 opere
751 2599 939 2678 nuptiarum.
982 2598 1018 2657 In
1038 2598 1132 2657 dolo·

63 2680 153 2740 ribus
180 2681 298 2763 jugiter
323 2680 388 2742 Eva
418 2670 632 2764 parturiebat:
666 2692 831 2765 postquam
850 2700 926 2740 vero
946 2683 1034 2764 virgo
1057 2701 1133 2740 con·

60 2766 146 2848 cepit
167 2765 200 2823 in
223 2777 332 2842 utero,
368 2777 399 2826 et
419 2777 543 2850 peperit
563 2763 657 2828 nobis
678 2786 831 2848 puerum,
861 2766 952 2847 eujus
973 2766 1308 2857 principa-lvitssmflff·

60 2861 114 2910 tus
134 2850 166 2907 in
184 2849 329 2910 humeros
349 2852 436 2930 ejus,
468 2851 586 2927 Deum,
609 2850 750 2926 fortemp
788 2863 882 2911 utrem
904 2851 1005 2910 futuri
1026 2827 1247 2910 saecu-„rial”
1300 2835 1309 2848 '

26 2989 31 2999 ,
62 2932 105 2993 li:
136 2932 239 2995 soluta
268 2933 445 2997 maledictio
479 2945 533 2996 est.
575 2935 663 2996 Mors
686 2955 745 3019 per
765 2871 879 3011 huam,
901 2937 964 2995 vita
987 2955 1045 3019 per
1067 2934 1137 2993 Ma·

60 3019 148 3078 riam
190 3017 330 3101 Ideoque
351 3031 383 3078 et
403 3018 497 3079 ditius
519 3021 704 3104 virginitatis
726 3019 843 3080 donum
861 3017 950 3079 fluxit
972 3022 1006 3080 iu
1023 3018 1136 3080 foemi-

63 3121 139 3177 nas,
169 3104 242 3183 quia
265 3103 369 3183 coepit
394 3103 577 3165 sicamina.

149 3198 178 3253 5.
220 3184 501 3248 INNOCENTIUS
522 3187 579 3248 ΙΙΙ.
607 3186 704 3248 Serm.
727 3202 756 3254 2.
791 3187 820 3249 d.
843 3200 988 3272 assumpt.
1010 3187 1053 3246 M.
1075 3185 1136 3250 Va
1198 3246 1209 3257 ,

68 3264 262 3351 Oportebat,
285 3281 322 3329 ut
345 3271 425 3330 sicut
451 3290 508 3352 per
527 3271 690 3349 foeminam
709 3276 794 3332 mo‘rs
814 3274 942 3334 intravit
960 3274 992 3331 in
1017 3270 1134 3346 orbem,

65 3354 112 3412 ita
144 3373 201 3435 per
234 3353 399 3414 foeminam
429 3356 491 3415 uita
525 3356 642 3415 rediret
669 3359 702 3416 iu
725 3356 853 3418 orbemt
879 3369 918 3417 et
934 3357 1027 3432 ideo,
1049 3355 1135 3438 quod
1148 3348 1296 3442 „ffissf”

64 3435 220 3499 damnarit
243 3438 318 3514 Eva,
340 3438 468 3517 salvarit
487 3439 601 3513 Maria,
621 3450 670 3512 nt,
690 3441 773 3500 unde
793 3461 877 3502 mors
894 3439 1065 3517 oriebatur,
1088 3442 1137 3499 in·

66 3521 108 3581 de
128 3522 192 3582 rita
210 3534 392 3605 resurgeret.
433 3519 493 3583 llla
520 3524 674 3584 consensit
690 3523 817 3585 diabolo
830 3568 854 3601 ,.
873 3536 904 3585 et
925 3526 1054 3587 vetitum
1073 3543 1138 3607 po·

65 3625 151 3666 mum
177 3606 329 3683 comedit,
363 3606 533 3667 secundnm
557 3606 654 3668 illud:
675 3608 762 3669 Tulit
779 3607 818 3669 de
835 3608 962 3685 fructu,
984 3619 1016 3670 et
1034 3628 1138 3669 come-
1150 3596 1269 3644 ‘'M’‘

66 3689 133 3768 dit,
156 3688 305 3771 deditque
321 3692 407 3750 viros
430 3692 493 3751 Ista
515 3693 648 3752 credidit
665 3713 703 3753 an
725 3691 794 3770 elo,
828 3689 977 3753 etlilium
1003 3687 1271 3776 promis-lm·

65 3794 137 3835 sum
165 3794 262 3859 conce
286 3775 329 3850 it,
362 3775 532 3836 secundum
569 3775 667 3835 illud:
699 3714 780 3853 dece
803 3778 960 3860 concipies
990 3788 1021 3837 et
1060 3779 1139 3837 aries

66 3855 176 3919 lilium.
231 3795 289 3918 ltla
318 3858 466 3919 comedit.
480 3880 607 3941 pomum
625 3860 664 3921 ad
693 3873 841 3937 mortem,
863 3861 951 3942 juxta
970 3797 1059 3942 quod
1074 3861 1140 3921 sue-
1208 3924 1211 3931 ,

71 3941 185 4005 rutilii
197 3941 413 4031 praedictum:
436 3942 632 4024 Quaecunque
651 3944 701 4004 die
728 3944 919 4022 comederis,
951 3957 1053 4006 morte
1072 3943 1281 4005 rho-⁰024*

75 4025 174 4088 rieris.
218 4027 280 4088 Ista
298 4029 441 4109 concepit
461 4025 558 4089 filium
576 4027 615 4088 ad
635 4028 780 4104 salutem,
801 4031 884 4089 sicut
902 4030 930 4088 ei
945 4029 1047 4090 fuerat
1083 4050 1142 4090 rae-

76 4121 236 4170 notatums
271 4109 409 4172 Voeabis
435 4130 547 4175 nomen
566 4114 633 4193 ejus
656 4112 807 4172 JESUMs
834 4111 906 4195 Ipse
927 4115 1008 4173 enim
1027 4051 1143 4174 salvum
1153 4114 1306 4163 mma·

73 4191 167 4256 faciet
185 4193 339 4279 populum
353 4214 474 4257 souma
518 4198 628 4258 eocatis
647 4217 764 4257 eorum.
804 4194 865 4258 llla
885 4199 1008 4281 peperit
1028 4199 1060 4257 in
1084 4198 1145 4257 do·

78 4277 169 4358 lora,
188 4279 357 4343 secundum
373 4278 470 4341 illuds
531 4279 715 4364 ultiplieabo
736 4300 896 4344 aerumnas
910 4293 996 4359 tuas,
1027 4293 1058 4342 et
1066 4301 1144 4344 con-
1155 4287 1242 4376 ἕπῃ
1248 4295 1319 4374 μ
