2768 4762
331 372 782 479 'ecsscnrfflsrsn
1028 389 1109 464 aar
1181 415 1184 423 ·

39 577 136 644 nullis
161 574 510 662 intejeetisrsimttiter
527 587 559 640 et
579 573 796 660 esupradictis
814 572 959 637 Patribus
985 584 1033 639 est
1053 572 1283 675 deuorare-s

39 665 166 733 finitum
186 674 399 739 consonanter,
427 674 473 741 ut,
488 664 514 723 si
537 663 697 745 quisquam
715 661 953 744 Episcoporum,
974 671 1028 721 ant
1040 660 1110 719 Me-
1119 637 1286 745 {llllilu’a'l'

42 749 276 834 neapolitanum,
298 756 353 808 adt
369 745 659 830 Comprovinciales,
679 743 727 806 vel
740 745 860 826 judiees
879 755 1035 830 suspectos
1051 735 1269 828 liu-:ffim‘

43 826 163 909 buerit,
184 845 313 894 vernam
332 843 465 892 sanctam
485 832 650 892 Romanam
665 833 710 890 int
766 828 836 890 cllet
852 830 973 908 sedem,
997 829 1047 890 cui
1071 827 1111 889 ab

39 920 115 1005 ipso
130 918 263 978 Domino
286 927 421 999 potestas
439 915 552 1000 ligandi
570 935 607 976 oc
624 850 764 976 solverllll
783 914 903 996 speciali
926 926 971 976 est
986 912 1114 999 privile-r

67 1005 76 1016 '
124 1020 217 1087 super
246 999 320 1063 alios
352 1020 503 1062 concessa.
543 1000 614 1084 Ipsa
647 1003 726 1061 enim
749 995 971 1066 firmamentum
1000 1018 1018 1058 a
1043 997 1113 1073 Deo

69 1107 140 1147 rum
160 1098 192 1149 et
214 1083 368 1147 immobile
384 1086 542 1169 percepit,
560 1086 704 1167 quoniam
723 1087 817 1167 ipsam
838 1076 965 1149 formam
984 1083 1115 1163 ⁴unirer-

42 1191 151 1232 sorum
166 1170 330 1231 titulorum
355 1168 569 1230 lucidissimam
593 1169 742 1230 Dominus
766 1167 891 1229 JESUS
915 1164 1112 1228 CHRISTUS

42 1267 177 1317 vestram
197 1252 402 1338 Apostolicam
426 1256 583 1314 constitnit
603 1254 715 1316 sedem.
756 1253 827 1337 Ipsa
845 1252 924 1313 enim
940 1261 1024 1313 sacer
1040 1272 1113 1313 rere

42 1351 114 1416 tex,
144 1341 176 1398 in
203 1359 267 1420 quo
290 1358 392 1398 omnes
413 1334 569 1399 Ecclesiae
589 1351 765 1414 vertuntur,
786 1347 1009 1414 sustentantur,
1030 1334 1113 1398 nale-r

41 1422 191 1485 nantun'
234 1420 277 1482 Et
295 1424 377 1482 sicut
397 1423 429 1482 in
450 1421 626 1486 CHRISTO
645 1424 825 1496 Christiani,
848 1432 878 1481 et
898 1423 930 1481 in
949 1420 1041 1482 Petra
1069 1416 1140 1515 (idL
1169 1424 1212 1515 εἱ

43 1520 113 1583 est,
141 1505 273 1582 Christo)
302 1504 434 1582 Petrus,
464 1506 550 1568 Petri
577 1520 762 1568 renovantur
796 1504 959 1587 Ecclesiae.
1011 1504 1061 1563 Tu
1081 1484 1262 1584 esvllo'lrf'lt

42 1593 126 1654 enim
155 1591 244 1665 (sicut
267 1588 402 1652 divinum
423 1592 572 1652 veraciter
590 1603 721 1653 testatur
745 1590 909 1672 eloquium)
933 1589 1059 1661 Petrus,
1082 1572 1287 1663 εῒξξῗὲξὲζῗξῖ·

41 1694 138 1758 super
151 1668 497 1752 fundamentum'tuum,
518 1675 673 1737 Ecclesiae
685 1674 861 1751 columnae,
883 1673 916 1734 id
935 1684 997 1748 est,
1020 1670 1287 1760 Εῃὶε-ἶζξὶιῑῑῖᾖιῑξ

42 1760 136 1841 copi,
159 1759 212 1838 qui
230 1758 397 1820 Ecclesiam
421 1763 590 1837 sustinere,
625 1771 656 1821 et
680 1761 812 1845 propriis
835 1757 968 1841 humeris
989 1767 1112 1840 portare
1122 1746 1206 1812 rouo'.
1218 1744 1288 1808 ηιοῖ

42 1843 179 1915 debent,
199 1840 256 1901 tibi
271 1854 343 1905 sunt
359 1841 573 1920 confirmatae,
598 1844 719 1927 tibique
738 1845 835 1905 claves
857 1844 942 1927 regni
959 1839 1112 1901 caelorum
1122 1817 1259 1928 {ffilllffl‘

42 1926 216 1999 commisit,
250 1938 344 2007 atquc
363 1927 457 2011 ligare
478 1936 509 1990 ct
531 1927 647 1990 solvere
666 1931 862 2013 potestative,
885 1947 963 2010 quae
977 1926 1008 1985 in
1020 1936 1111 2001 terra,
1121 1915 1233 2018 fflfflq,
1247 1977 1288 2008 ee.

41 2017 78 2068 et
103 2028 182 2087 quae
207 2010 237 2068 in
264 2009 352 2069 caelis
379 2023 468 2087 sunt,
494 2011 707 2095 promulgavit.
738 2013 799 2095 ¹Tu
818 2012 1015 2095 profanarum
1035 2007 1265 2074 baee¹¹=¹.····⁰·

40 2090 157 2155 retium
178 2103 209 2150 ct
229 2094 450 2174 impetitorum,
483 2106 576 2176 atque
601 2098 737 2157 o'mnium
759 2094 1009 2157 infestantiumd
1049 2065 1288 2173 osi-llldfbonrt.

41 2184 109 2249 tor,
137 2185 174 2234 ut
194 2176 334 2259 princeps
365 2189 396 2238 et
415 2180 553 2256 Doctor,
583 2192 737 2264 caputque
765 2183 901 2241 omnium
927 2114 1289 2252 orthodoxaefissflss‘sxg,

43 2256 216 2334 doctrinae,
238 2271 269 2318 et
293 2262 500 2324 immaculatae
523 2260 597 2323 lidei
618 2266 727 2325 existis.
769 2265 870 2349 Igitur
891 2285 930 2326 ne
954 2262 1111 2346 despicias¹
1123 2273 1174 2301 Μ
1185 2273 1264 2314 ‘'t'‘-

42 2353 152 2425 pater,
183 2352 308 2400 tuorum
326 2355 447 2424 petrum
468 2347 611 2427 pietatem
628 2347 802 2429 bonamque
824 2351 1028 2411 intentionem.
1071 2305 1289 2419 Ellllliiotnpa

1123 2414 1194 2450 natos
1204 2412 1275 2451 rasn-
1331 2443 1336 2454 .

41 2427 127 2484 sicut
163 2422 207 2481 illi
226 2435 327 2506 patres
354 2436 386 2484 et
412 2426 659 2508 praedecessores
686 2442 808 2492 nostrus
839 2432 978 2496 amnltis
999 2429 1178 2499 libera-,ar

43 2515 158 2564 verunt
180 2507 426 2588 oppressionibus
449 2520 479 2571 et
501 2513 663 2591 orrgtutiis,
684 2515 727 2573 ita
746 2534 801 2574 nos
821 2513 952 2576 liberare
971 2515 1113 2596 digneris.

42 2587 126 2653 llam
145 2587 206 2648 suit
221 2610 339 2674 semper
355 2604 471 2654 vestroe
492 2605 613 2654 sanctae
636 2607 666 2656 et
687 2595 880 2680 Apostolicae
899 2597 964 2658 sedi
982 2596 1113 2674 licentia,

44 2674 163 2754 injuste
182 2673 339 2737 damnatos
356 2677 404 2738 rcl
428 2681 700 2742 excommunicatos
720 2683 901 2764 potestative
927 2701 981 2742 sua
1005 2692 1115 2740 aueto-

43 2760 137 2820 ritatc
156 2761 334 2839 restituere,
356 2773 388 2822 et
404 2782 460 2824 sua
479 2764 522 2823 cis
542 2765 642 2825 omnia
660 2763 808 2844 reddere²
831 2777 862 2826 ct
881 2765 966 2842 illos,
988 2765 1041 2847 qui
1063 2783 1114 2824 eos

43 2842 341 2922 condemnaverunt,
363 2859 416 2906 aut
438 2842 794 2927 excommunicaverunt„
809 2848 985 2935 Apostolico
1006 2850 1116 2932 punire

42 2926 222 3013 privilegio,
253 2930 333 2989 sieut
362 2933 451 2992 etiam
479 2935 591 2995 nostris
627 2945 658 2996 et
687 2936 889 2997 anterioribus
919 2957 955 2996 co
977 2937 1115 2995 novimus

41 3022 149 3100 actum
169 3012 368 3094 temporibus.
418 3017 518 3080 Porro
540 3030 572 3079 et
594 3019 652 3101 ipsi
676 3017 845 3098 Primates,
870 3023 923 3103 qui
944 2958 1116 3103 dpiseopo-

33 3114 117 3175 'rum
137 3106 168 3155 et
190 3116 376 3158 summorum
398 3099 680 3176 Ecclesiasticorum
702 3107 892 3190 negotiorum
911 3105 1015 3165 causas
1030 3102 1033 3107 ’
1047 3104 1117 3162 sus'-

43 3180 150 3275 cipere
178 3178 310 3260 debent,
342 3183 374 3243 in
398 3183 530 3268 praefixa
551 3187 664 3249 Niceoa
686 3190 804 3266 synodo
823 3201 896 3251 sunt
916 3188 1114 3263 dinumerati,

41 3283 87 3324 nc
116 3283 146 3321 m
167 3276 323 3345 posterum
353 3272 505 3330 contentio
534 3291 569 3331 cx
595 3270 655 3332 hoc
682 3276 823 3340 oricum.
881 3274 1117 3337 Osanctissime

34 3357 134 3433 rpater
159 3360 303 3428 patrum,
334 3349 478 3414 abscinde
504 3353 726 3437 blasphemias,
747 3370 778 3420 et
801 3360 976 3440 jactantiam
999 3356 1117 3417 vanilo-

42 3451 180 3514 quorum
208 3444 239 3493 et
259 3434 464 3497 insidiantium
482 3439 702 3519 infestationes,
730 3463 786 3513 nos
811 3455 842 3503 et
863 3441 973 3504 fratres
994 3453 1115 3503 nostros

41 3517 281 3599 opprimentium
304 3531 396 3602 atque
422 3524 552 3605 perdere
573 3524 756 3607 volentium,
785 3529 839 3609 qui
866 3527 905 3588 ad
929 3547 1004 3604 ros,
1028 3525 1116 3609 quasi

41 3601 87 3661 ad
118 3612 211 3683 eaput
237 3601 445 3689 confugimus,
476 3620 513 3673 nt
534 3621 635 3670 vestro
659 3610 775 3675 suffulti
797 3610 907 3673 auxilio
931 3610 1115 3687 liberemur,

43 3696 78 3745 et
102 3684 189 3744 robis
220 3686 370 3769 nobisque
400 3694 571 3753 commissas
601 3693 764 3764 CHRISTI
802 3718 891 3773 ores,
925 3717 943 3757 a
971 3696 1115 3780 luporum

42 3788 114 3843 orc,
135 3768 267 3830 Domino
292 3774 546 3854 adminiculante,
569 3789 732 3860 antequam
756 3780 981 3863 deglutiantur,
1002 3782 1115 3864 eripia·.

42 3871 121 3911 mus.
163 3853 227 3913 Nee
247 3857 326 3914 enim
346 3857 392 3916 fas
414 3873 478 3936 est,
497 3861 669 3945 supplicum
689 3862 883 3951 Apostolicac
896 3858 978 3942 sedis
998 3867 1115 3948 scripto

45 3946 100 3995 aut
122 3936 188 4035 aine
208 3941 321 4022 scripto
336 3961 442 4024 preces
462 3944 579 4006 oblatos
600 3947 769 4032 despicere:
803 3949 864 4009 Sed
889 3955 936 4027 (ut
956 3948 1112 4025 condecet,
1124 3956 1260 4046 praetem

44 4019 287 4106 etannlegium
316 4037 433 4088 vesuae
457 4030 537 4091 sedis
563 4034 618 4108 est)
649 4044 680 4094 et
701 4052 757 4101 nos
780 4032 877 4095 atilli
901 4031 1114 4094 canonicaliter
1124 4019 1276 4108 dxiiii„

42 4122 264 4184 convocemur,
290 4119 322 4168 et
347 4123 417 4172 ante
440 4133 495 4174 ros
524 4114 563 4176 de
586 4118 698 4178 nostris
721 4116 949 4201 objectionibus
972 4118 1115 4180 canonice

41 4208 115 4249 cum
146 4192 227 4251 omni
253 4192 409 4275 probitate
433 4213 659 4282 concertemus,
680 4202 768 4275 *sicut
787 4204 1034 4289 praedecessores
1055 4220 1116 4262 no·

38 4274 95 4333 stri
119 4293 213 4358 penes
239 4288 355 4340 vestrm
388 4280 528 4355 feceruut
554 4299 779 4367 mtecessorcs,
808 4300 840 4354 et
869 4290 950 4353 sicut
969 4287 1115 4351 canonica
