2768 4762
394 84 844 199 .nccnns1as2
1067 117 1147 191 nn
1210 138 1213 147 ·

71 300 206 393 tendit,
226 294 447 373 traditiones
471 310 510 369 rt
533 292 815 371 observationes
839 292 1019 395 quasdam
1033 297 1151 371 eccle·
1190 386 1194 399 Ι

74 428 245 504 siasticas
280 445 363 493 esse
406 445 483 491 non
517 422 702 520 scriptas,
752 446 849 519 quae
880 422 1142 521 nonpossint,

70 551 147 624 nisi
178 551 224 621 ab
257 543 476 633 Haereticie,
504 544 706 642 repudiari.
757 546 798 617 Si
824 546 905 638 quis
931 556 1062 617 cutem
1089 549 1146 617 vi·

69 676 183 746 detur
208 671 460 744 contentiosus
486 692 579 752 esse,
605 676 661 756 (ut
685 667 848 747 Paulinis
884 670 1039 743 ⁸rerbia
1064 687 1272 787 uta-ppos„
1289 709 1322 749 n,

65 806 191 884 mur),
229 817 296 867 nos
341 793 458 863 talem
497 796 805 867 consuetudinem
843 815 920 864 non
946 795 1145 884 habemus,

66 945 187 1017 neque
210 918 376 992 Ecclesia
401 919 487 988 Dc.

378 1150 833 1226 Faunus,

155 1319 192 1383 d
234 1317 440 1381 IRENAEUS
461 1319 496 1379 L.
519 1318 575 1380 1v.
600 1333 702 1381 contr.
723 1316 809 1379 haer.
831 1339 858 1378 c.
880 1329 948 1386 aa:
982 1316 1322 1401 Obsedit-eonsensum·

70 1417 200 1490 oportet
223 1405 413 1487 presbyteris
435 1403 610 1482 Ecclesiae,
646 1406 701 1486 qui
719 1406 943 1464 successionem
961 1401 1078 1466 habent
1103 1403 1143 1464 ab
1154 1402 1177 1432 ¹¹
1190 1388 1308 1457 ‘¹⁴¹⁸'ss

69 1488 250 1571 Apostolis,
273 1494 326 1570 qui
359 1492 429 1547 cuni
465 1488 673 1571 Episcopatus
692 1488 885 1548 successione
912 1485 1063 1548 charisma
1091 1510 1145 1548 ve-

71 1575 173 1633 ritatis
202 1586 317 1632 certum
343 1571 512 1633 secundum
535 1573 684 1657 placitum
705 1570 806 1631 Patris
821 1582 1016 1652 acceperunt.
1057 1572 1145 1633 Reli-

69 1678 150 1737 quos
182 1678 278 1732 vero,
307 1661 361 1739 qui
385 1656 539 1718 absistunt
563 1680 581 1718 a
604 1654 773 1739 principali
791 1657 984 1715 successione
1009 1667 1040 1715 et
1062 1678 1144 1737 quo-

67 1761 193 1821 cunque
215 1740 286 1801 loeo
308 1740 518 1823 colliguntur,
539 1753 700 1823 suspectos
723 1737 856 1814 habere,
883 1738 941 1821 rel·
955 1741 1041 1820 quasi
1067 1739 1142 1817 haef

66 1826 183 1883 reticos
205 1837 235 1883 et
261 1823 356 1884 maine
385 1824 571 1901 sententiae,
604 1822 652 1883 rel
682 1825 769 1904 quasi
789 1819 964 1882 scindentes
989 1836 1020 1882 et
1037 1822 1144 1901 eletos,

65 1919 98 1967 et
120 1907 179 1968 sibi
202 1907 379 1989 placentes:
400 1919 454 1967 aut
473 1927 582 1969 rursus
605 1952 615 1984 ‚
638 1919 673 1967 ut
692 1906 891 1990 hypocritas,
912 1919 1057 1990 quaestus
1072 1928 1145 1994 gra·

64 1994 111 2052 tia
131 2004 162 2052 et
182 2013 276 2052 rause
301 1994 419 2075 gloriae
436 1990 499 2050 hoc
525 2003 699 2077 operantes.

566 2213 635 2291 IX.

224 2426 334 2533 -Age
360 2448 487 2523 vcro,
532 2416 632 2533 quid
660 2433 722 2499 est
747 2413 955 2500 Ecclesia?

165 2605 211 2675 Δ.
260 2602 432 2676 Ecclesia
476 2621 534 2677 est
576 2603 739 2675 omnium
770 2599 983 2676 ¹xCHRlSTI
1031 2597 1319 2723 fidenisopmps's.

53 2701 179 2822 ⁸atque
215 2725 423 2798 doctrinam
450 2726 703 2828 profitentium
741 2725 988 2813 universitas,
1029 2688 1275 2823 ςυειηιξὲξὲᾖέξ
1296 2688 1320 2823 Ξ

64 2849 243 2949 princeps
283 2866 475 2947 pastorum
502 2850 742 2924 CHRISTUS
775 2868 851 2923 tum
889 2852 1001 2923 Petro
1035 2826 1319 2946 apo-E.¹l;li.²'²⁵·

67 2971 189 3053 stolo,
231 2988 308 3043 tum
343 2973 454 3071 hujus
490 2974 796 3048 ¹suecessoribus
820 2971 1049 3076 pascendam
1066 2983 1316 3080 tra·;?fi¹2‘.⁷‚2⁰;„¹:

1148 3082 1213 3125 detio
1223 3082 1315 3124 concil.

67 3090 162 3164 didit
187 3110 304 3192 atque⁸
316 3094 607 3192 gubernandam,
1145 3132 1317 3175 simne„-

1067 3200 1070 3205 ¹
1146 3181 1214 3223 nard.
1228 3181 1245 3221 Ι.
1261 3178 1317 3225 td·

162 3242 205 3310 B.
259 3241 384 3340 Quare
422 3269 559 3317 nomen
593 3242 785 3341 Ecclesiae
827 3266 905 3312 non
934 3229 1319 3336 merentur‚,⁰.⁰:ssffl.⁸⁴¹³²'

64 3359 134 3433 sed
158 3361 281 3437 ²lalso
317 3383 494 3464 arrogant
529 3365 602 3439 sibi
625 3365 812 3437 Haeretici
838 3382 876 3437 st
901 3363 1315 3460 Schismaticiffgstlggiffif·

66 3508 219 3562 omnes:
256 3488 321 3585 qui
348 3490 419 3561 etsi
443 3486 553 3561 fidem
578 3507 689 3587 etque
716 3489 922 3561 doctrinam
942 3486 1136 3573 CHRISTI
1146 3467 1317 3592 illidi*

66 3604 232 3703 profiteri
269 3612 465 3686 ridentur:
504 3629 628 3684 tamen
652 3613 786 3685 summi
805 3611 965 3710 pastoris
987 3635 1031 3683 ac
1050 3632 1138 3707 pon·

68 3726 195 3809 tificis‚
220 3759 330 3831 quem
356 3736 596 3809 CHRISTUS
622 3734 710 3811 ovili
735 3735 930 3813 Ecclesiae
953 3734 1040 3805 loco
1068 3758 1136 3802 suo

65 3854 271 3949 praefecit,
310 3876 348 3931 ct
380 3877 566 3960 perpetua
600 3854 615 3897 ⁸
631 3858 875 3933 successione
908 3858 948 3929 in
971 3861 1318 3972 Romanenrnpns.

66 3976 383 4080 scelestamque
406 3982 658 4075 conservarit,
695 4006 785 4057 ores
812 4004 898 4055 esse
920 3979 1138 4054 detrectant
