<?xml version="1.0" encoding="UTF-8"?>
<!DOCTYPE html PUBLIC "-//W3C//DTD XHTML 1.0 Transitional//EN"
    "http://www.w3.org/TR/xhtml1/DTD/xhtml1-transitional.dtd">
<html xmlns="http://www.w3.org/1999/xhtml" xml:lang="en" lang="en">
 <head>
  <title>
</title>
<meta http-equiv="Content-Type" content="text/html;charset=utf-8" />
  <meta name='ocr-system' content='tesseract 3.04.00' />
  <meta name='ocr-capabilities' content='ocr_page ocr_carea ocr_par ocr_line ocrx_word'/>
</head>
<body>
  <div class='ocr_page' id='page_1' title='image "./summadoctrinaec00kanigoog_0416.png"; bbox 0 0 2768 4762; ppageno 0'>
   <div class='ocr_carea' id='block_1_1' title="bbox 407 370 1146 489">
    <p class='ocr_par' dir='ltr' id='par_1_1' title="bbox 407 370 1146 489">
     <span class='ocr_line' id='line_1_1' title="bbox 407 370 1146 489; baseline 0.003 -24"><span class='ocrx_word' id='word_1_1' title='bbox 407 392 802 466; x_wconf 62' lang='lat' dir='ltr'><strong>nn&#39;canooo.</strong></span> <span class='ocrx_word' id='word_1_2' title='bbox 956 370 958 375; x_wconf 77' lang='grc'>’</span> <span class='ocrx_word' id='word_1_3' title='bbox 1062 400 1146 489; x_wconf 70' lang='lat' dir='ltr'><strong>aas</strong></span> 
     </span>
    </p>
   </div>
   <div class='ocr_carea' id='block_1_2' title="bbox 40 571 1220 2914">
    <p class='ocr_par' dir='ltr' id='par_1_2' title="bbox 40 571 1220 2178">
     <span class='ocr_line' id='line_1_2' title="bbox 146 571 1148 672; baseline -0.003 -17"><span class='ocrx_word' id='word_1_4' title='bbox 146 584 266 655; x_wconf 86' lang='lat' dir='ltr'><strong>Eccl.</strong></span> <span class='ocrx_word' id='word_1_5' title='bbox 297 583 373 652; x_wconf 80' lang='lat' dir='ltr'><strong>IX.=</strong></span> <span class='ocrx_word' id='word_1_6' title='bbox 411 584 459 653; x_wconf 81' lang='lat' dir='ltr'><strong>lle</strong></span> <span class='ocrx_word' id='word_1_7' title='bbox 484 588 634 672; x_wconf 71' lang='lat' dir='ltr'>respicias</span> <span class='ocrx_word' id='word_1_8' title='bbox 661 586 822 651; x_wconf 84' lang='lat' dir='ltr'><strong>mulierem</strong></span> <span class='ocrx_word' id='word_1_9' title='bbox 852 571 1059 665; x_wconf 66' lang='lat' dir='ltr'><strong>multivolam,⁴</strong></span> <span class='ocrx_word' id='word_1_10' title='bbox 1100 598 1148 653; x_wconf 79' lang='lat' dir='ltr'><strong>na</strong></span> 
     </span>
     <span class='ocr_line' id='line_1_3' title="bbox 65 693 1144 776; baseline -0.007 -12"><span class='ocrx_word' id='word_1_11' title='bbox 65 702 151 764; x_wconf 79' lang='lat' dir='ltr'><strong>forte</strong></span> <span class='ocrx_word' id='word_1_12' title='bbox 177 695 292 759; x_wconf 81' lang='lat' dir='ltr'><strong>incidas</strong></span> <span class='ocrx_word' id='word_1_13' title='bbox 317 696 350 756; x_wconf 94' lang='lat' dir='ltr'><strong>iu</strong></span> <span class='ocrx_word' id='word_1_14' title='bbox 373 693 502 776; x_wconf 89' lang='lat' dir='ltr'><strong>laqueos</strong></span> <span class='ocrx_word' id='word_1_15' title='bbox 522 694 616 757; x_wconf 87' lang='lat' dir='ltr'><strong>illius.</strong></span> <span class='ocrx_word' id='word_1_16' title='bbox 670 693 747 754; x_wconf 88' lang='lat' dir='ltr'><strong>Cum</strong></span> <span class='ocrx_word' id='word_1_17' title='bbox 766 693 921 756; x_wconf 70' lang='lat' dir='ltr'><strong>saltatrice</strong></span> <span class='ocrx_word' id='word_1_18' title='bbox 941 714 982 754; x_wconf 88' lang='lat' dir='ltr'><strong>ne</strong></span> <span class='ocrx_word' id='word_1_19' title='bbox 1001 694 1144 756; x_wconf 78' lang='lat' dir='ltr'><strong>assiduus</strong></span> 
     </span>
     <span class='ocr_line' id='line_1_4' title="bbox 66 792 1143 887; baseline -0.006 -16"><span class='ocrx_word' id='word_1_20' title='bbox 66 813 128 871; x_wconf 82' lang='lat' dir='ltr'><strong>sis:</strong></span> <span class='ocrx_word' id='word_1_21' title='bbox 157 826 213 867; x_wconf 91' lang='lat' dir='ltr'><strong>nec</strong></span> <span class='ocrx_word' id='word_1_22' title='bbox 243 802 351 864; x_wconf 85' lang='lat' dir='ltr'><strong>audias</strong></span> <span class='ocrx_word' id='word_1_23' title='bbox 373 799 473 879; x_wconf 88' lang='lat' dir='ltr'><strong>illam,</strong></span> <span class='ocrx_word' id='word_1_24' title='bbox 509 823 547 864; x_wconf 90' lang='lat' dir='ltr'><strong>ne</strong></span> <span class='ocrx_word' id='word_1_25' title='bbox 582 802 665 865; x_wconf 81' lang='lat' dir='ltr'><strong>forte</strong></span> <span class='ocrx_word' id='word_1_26' title='bbox 690 792 798 887; x_wconf 79' lang='lat' dir='ltr'><strong>pereas</strong></span> <span class='ocrx_word' id='word_1_27' title='bbox 831 803 1022 864; x_wconf 85' lang='lat' dir='ltr'><strong>inefficacia</strong></span> <span class='ocrx_word' id='word_1_28' title='bbox 1045 801 1143 864; x_wconf 86' lang='lat' dir='ltr'><strong>illius.</strong></span> 
     </span>
     <span class='ocr_line' id='line_1_5' title="bbox 64 908 1144 999; baseline -0.006 -21"><span class='ocrx_word' id='word_1_29' title='bbox 64 916 225 999; x_wconf 80' lang='lat' dir='ltr'><strong>Virginem</strong></span> <span class='ocrx_word' id='word_1_30' title='bbox 244 931 284 971; x_wconf 88' lang='lat' dir='ltr'><strong>ne</strong></span> <span class='ocrx_word' id='word_1_31' title='bbox 315 909 509 991; x_wconf 87' lang='lat' dir='ltr'><strong>conspicias,</strong></span> <span class='ocrx_word' id='word_1_32' title='bbox 546 925 591 970; x_wconf 85' lang='lat' dir='ltr'><strong>ne·</strong></span> <span class='ocrx_word' id='word_1_33' title='bbox 615 911 699 972; x_wconf 79' lang='lat' dir='ltr'><strong>sorte</strong></span> <span class='ocrx_word' id='word_1_34' title='bbox 729 908 983 971; x_wconf 83' lang='lat' dir='ltr'><strong>scandalizeris</strong></span> <span class='ocrx_word' id='word_1_35' title='bbox 975 931 1008 971; x_wconf 90' lang='grc' dir='ltr'><strong>ιιι</strong></span> <span class='ocrx_word' id='word_1_36' title='bbox 1028 908 1144 971; x_wconf 89' lang='lat' dir='ltr'><strong>decore</strong></span> 
     </span>
     <span class='ocr_line' id='line_1_6' title="bbox 64 1009 1220 1100; baseline -0.01 -15"><span class='ocrx_word' id='word_1_37' title='bbox 64 1016 161 1086; x_wconf 88' lang='lat' dir='ltr'><strong>illlus.</strong></span> <span class='ocrx_word' id='word_1_38' title='bbox 204 1019 250 1083; x_wconf 86' lang='lat' dir='ltr'><strong>Ne</strong></span> <span class='ocrx_word' id='word_1_39' title='bbox 273 1015 327 1077; x_wconf 89' lang='lat' dir='ltr'><strong>des</strong></span> <span class='ocrx_word' id='word_1_40' title='bbox 349 1015 526 1078; x_wconf 89' lang='lat' dir='ltr'><strong>fornicariis</strong></span> <span class='ocrx_word' id='word_1_41' title='bbox 546 1021 675 1079; x_wconf 87' lang='lat' dir='ltr'><strong>animam</strong></span> <span class='ocrx_word' id='word_1_42' title='bbox 692 1031 776 1078; x_wconf 84' lang='lat' dir='ltr'><strong>tuam</strong></span> <span class='ocrx_word' id='word_1_43' title='bbox 800 1019 832 1076; x_wconf 92' lang='lat' dir='ltr'><strong>in</strong></span> <span class='ocrx_word' id='word_1_44' title='bbox 857 1009 946 1077; x_wconf 86' lang='lat' dir='ltr'><strong>ullo:</strong></span> <span class='ocrx_word' id='word_1_45' title='bbox 979 1038 1017 1076; x_wconf 91' lang='lat' dir='ltr'><strong>ne</strong></span> <span class='ocrx_word' id='word_1_46' title='bbox 1030 1016 1143 1100; x_wconf 87' lang='lat' dir='ltr'><strong>perdas</strong></span> <span class='ocrx_word' id='word_1_47' title='bbox 1216 1065 1220 1072; x_wconf 88' lang='grc'><em>,</em></span> 
     </span>
     <span class='ocr_line' id='line_1_7' title="bbox 65 1123 1145 1208; baseline -0.008 -15"><span class='ocrx_word' id='word_1_48' title='bbox 65 1144 120 1208; x_wconf 87' lang='lat' dir='ltr'><strong>te,</strong></span> <span class='ocrx_word' id='word_1_49' title='bbox 152 1142 183 1192; x_wconf 87' lang='lat' dir='ltr'><strong>et</strong></span> <span class='ocrx_word' id='word_1_50' title='bbox 206 1123 427 1188; x_wconf 86' lang='lat' dir='ltr'><strong>haereditatem</strong></span> <span class='ocrx_word' id='word_1_51' title='bbox 450 1136 545 1185; x_wconf 90' lang='lat' dir='ltr'><strong>tuam.</strong></span> <span class='ocrx_word' id='word_1_52' title='bbox 587 1125 662 1186; x_wconf 89' lang='lat' dir='ltr'><strong>Noli</strong></span> <span class='ocrx_word' id='word_1_53' title='bbox 689 1124 926 1206; x_wconf 83' lang='lat' dir='ltr'><strong>circumspicere</strong></span> <span class='ocrx_word' id='word_1_54' title='bbox 946 1125 979 1184; x_wconf 86' lang='lat' dir='ltr'><strong>iu</strong></span> <span class='ocrx_word' id='word_1_55' title='bbox 998 1126 1073 1185; x_wconf 83' lang='lat' dir='ltr'><strong>vicis</strong></span> <span class='ocrx_word' id='word_1_56' title='bbox 1097 1125 1145 1184; x_wconf 85' lang='lat' dir='ltr'><strong>ci-</strong></span> 
     </span>
     <span class='ocr_line' id='line_1_8' title="bbox 66 1230 1145 1317; baseline -0.003 -19"><span class='ocrx_word' id='word_1_57' title='bbox 66 1238 188 1312; x_wconf 85' lang='lat' dir='ltr'><strong>vitatis,</strong></span> <span class='ocrx_word' id='word_1_58' title='bbox 221 1254 278 1294; x_wconf 88' lang='lat' dir='ltr'><strong>nec</strong></span> <span class='ocrx_word' id='word_1_59' title='bbox 308 1232 545 1294; x_wconf 86' lang='lat' dir='ltr'><strong>oberraveris</strong></span> <span class='ocrx_word' id='word_1_60' title='bbox 537 1253 569 1294; x_wconf 89' lang='grc' dir='ltr'><strong>ιιι</strong></span> <span class='ocrx_word' id='word_1_61' title='bbox 596 1232 706 1317; x_wconf 83' lang='lat' dir='ltr'><strong>plateis</strong></span> <span class='ocrx_word' id='word_1_62' title='bbox 741 1230 834 1291; x_wconf 87' lang='lat' dir='ltr'><strong>illius.</strong></span> <span class='ocrx_word' id='word_1_63' title='bbox 888 1230 1002 1290; x_wconf 84' lang='lat' dir='ltr'><strong>Averte</strong></span> <span class='ocrx_word' id='word_1_64' title='bbox 1034 1230 1145 1295; x_wconf 77' lang='lat' dir='ltr'><strong>faciem</strong></span> 
     </span>
     <span class='ocr_line' id='line_1_9' title="bbox 64 1334 1146 1424; baseline -0.006 -20"><span class='ocrx_word' id='word_1_65' title='bbox 64 1355 153 1404; x_wconf 88' lang='lat' dir='ltr'><strong>tuam</strong></span> <span class='ocrx_word' id='word_1_66' title='bbox 187 1363 203 1402; x_wconf 92' lang='lat' dir='ltr'><strong>a</strong></span> <span class='ocrx_word' id='word_1_67' title='bbox 224 1338 353 1402; x_wconf 78' lang='lat' dir='ltr'><strong>muliere</strong></span> <span class='ocrx_word' id='word_1_68' title='bbox 378 1353 524 1424; x_wconf 87' lang='lat' dir='ltr'><strong>compta,</strong></span> <span class='ocrx_word' id='word_1_69' title='bbox 563 1351 593 1400; x_wconf 90' lang='lat' dir='ltr'><strong>et</strong></span> <span class='ocrx_word' id='word_1_70' title='bbox 613 1360 652 1400; x_wconf 87' lang='lat' dir='ltr'><strong>ne</strong></span> <span class='ocrx_word' id='word_1_71' title='bbox 664 1338 893 1421; x_wconf 81' lang='lat' dir='ltr'><strong>circumspicias</strong></span> <span class='ocrx_word' id='word_1_72' title='bbox 914 1338 1046 1420; x_wconf 87' lang='lat' dir='ltr'><strong>speciem</strong></span> <span class='ocrx_word' id='word_1_73' title='bbox 1070 1334 1146 1398; x_wconf 79' lang='lat' dir='ltr'><strong>alie-</strong></span> 
     </span>
     <span class='ocr_line' id='line_1_10' title="bbox 66 1441 1146 1532; baseline -0.006 -21"><span class='ocrx_word' id='word_1_74' title='bbox 66 1472 149 1511; x_wconf 90' lang='lat' dir='ltr'><strong>nam.</strong></span> <span class='ocrx_word' id='word_1_75' title='bbox 190 1450 329 1532; x_wconf 84' lang='lat' dir='ltr'><strong>Propter</strong></span> <span class='ocrx_word' id='word_1_76' title='bbox 348 1449 481 1532; x_wconf 87' lang='lat' dir='ltr'><strong>speciem</strong></span> <span class='ocrx_word' id='word_1_77' title='bbox 502 1447 641 1509; x_wconf 88' lang='lat' dir='ltr'><strong>mulieris</strong></span> <span class='ocrx_word' id='word_1_78' title='bbox 660 1446 750 1508; x_wconf 90' lang='lat' dir='ltr'><strong>multi</strong></span> <span class='ocrx_word' id='word_1_79' title='bbox 769 1445 947 1530; x_wconf 76' lang='lat' dir='ltr'><strong>perierunts</strong></span> <span class='ocrx_word' id='word_1_80' title='bbox 977 1455 1065 1505; x_wconf 75' lang='lat' dir='ltr'><strong>etex</strong></span> <span class='ocrx_word' id='word_1_81' title='bbox 1084 1441 1146 1505; x_wconf 87' lang='lat' dir='ltr'><strong>hoc</strong></span> 
     </span>
     <span class='ocr_line' id='line_1_11' title="bbox 69 1539 1147 1640; baseline -0.006 -22"><span class='ocrx_word' id='word_1_82' title='bbox 69 1559 327 1639; x_wconf 88' lang='lat' dir='ltr'><strong>concupiscentia</strong></span> <span class='ocrx_word' id='word_1_83' title='bbox 360 1557 449 1637; x_wconf 89' lang='lat' dir='ltr'><strong>quasi</strong></span> <span class='ocrx_word' id='word_1_84' title='bbox 484 1558 564 1640; x_wconf 78' lang='lat' dir='ltr'><strong>ignis</strong></span> <span class='ocrx_word' id='word_1_85' title='bbox 591 1539 768 1616; x_wconf 81' lang='lat' dir='ltr'><strong>exardescit.</strong></span> <span class='ocrx_word' id='word_1_86' title='bbox 839 1552 980 1638; x_wconf 84' lang='lat' dir='ltr'><strong>Speciem</strong></span> <span class='ocrx_word' id='word_1_87' title='bbox 1008 1549 1147 1613; x_wconf 86' lang='lat' dir='ltr'><strong>mulieris</strong></span> 
     </span>
     <span class='ocr_line' id='line_1_12' title="bbox 40 1639 1148 1747; baseline -0.008 -21"><span class='ocrx_word' id='word_1_88' title='bbox 40 1733 42 1736; x_wconf 8' lang='lat' dir='ltr'>y</span> <span class='ocrx_word' id='word_1_89' title='bbox 70 1665 189 1726; x_wconf 88' lang='lat' dir='ltr'><strong>alienae</strong></span> <span class='ocrx_word' id='word_1_90' title='bbox 212 1662 301 1723; x_wconf 88' lang='lat' dir='ltr'><strong>multi</strong></span> <span class='ocrx_word' id='word_1_91' title='bbox 334 1663 477 1726; x_wconf 89' lang='lat' dir='ltr'><strong>admirati</strong></span> <span class='ocrx_word' id='word_1_92' title='bbox 487 1693 502 1744; x_wconf 84' lang='lat'><strong>,·</strong></span> <span class='ocrx_word' id='word_1_93' title='bbox 537 1661 668 1747; x_wconf 85' lang='lat' dir='ltr'><strong>reprobi</strong></span> <span class='ocrx_word' id='word_1_94' title='bbox 695 1639 772 1724; x_wconf 78' lang='lat' dir='ltr'><strong>lacti</strong></span> <span class='ocrx_word' id='word_1_95' title='bbox 806 1673 888 1725; x_wconf 88' lang='lat' dir='ltr'><strong>sunt.</strong></span> <span class='ocrx_word' id='word_1_96' title='bbox 944 1658 1148 1742; x_wconf 90' lang='lat' dir='ltr'><strong>Colloquium</strong></span> 
     </span>
     <span class='ocr_line' id='line_1_13' title="bbox 69 1757 1149 1856; baseline -0.005 -25"><span class='ocrx_word' id='word_1_97' title='bbox 69 1773 153 1831; x_wconf 87' lang='lat' dir='ltr'><strong>enim</strong></span> <span class='ocrx_word' id='word_1_98' title='bbox 183 1769 266 1830; x_wconf 89' lang='lat' dir='ltr'><strong>illius</strong></span> <span class='ocrx_word' id='word_1_99' title='bbox 287 1773 374 1853; x_wconf 87' lang='lat' dir='ltr'><strong>quasi</strong></span> <span class='ocrx_word' id='word_1_100' title='bbox 405 1773 483 1856; x_wconf 78' lang='lat' dir='ltr'><strong>ignis</strong></span> <span class='ocrx_word' id='word_1_101' title='bbox 510 1770 688 1832; x_wconf 78' lang='lat' dir='ltr'><strong>exardescit.</strong></span> <span class='ocrx_word' id='word_1_102' title='bbox 733 1769 811 1830; x_wconf 90' lang='lat' dir='ltr'><strong>Cum</strong></span> <span class='ocrx_word' id='word_1_103' title='bbox 831 1769 935 1850; x_wconf 86' lang='lat' dir='ltr'><strong>¹aliena</strong></span> <span class='ocrx_word' id='word_1_104' title='bbox 958 1757 1149 1828; x_wconf 82' lang='lat' dir='ltr'><strong>mulieraria</strong></span> 
     </span>
     <span class='ocr_line' id='line_1_14' title="bbox 70 1873 1150 1974; baseline -0.002 -37"><span class='ocrx_word' id='word_1_105' title='bbox 70 1875 176 1937; x_wconf 84' lang='lat' dir='ltr'><strong>sedeas</strong></span> <span class='ocrx_word' id='word_1_106' title='bbox 194 1879 342 1941; x_wconf 84' lang='lat' dir='ltr'><strong>&#39;omniuo</strong></span> <span class='ocrx_word' id='word_1_107' title='bbox 353 1924 364 1959; x_wconf 88' lang='lat'>‚</span> <span class='ocrx_word' id='word_1_108' title='bbox 395 1900 454 1941; x_wconf 89' lang='lat' dir='ltr'><strong>nec</strong></span> <span class='ocrx_word' id='word_1_109' title='bbox 477 1877 639 1941; x_wconf 89' lang='lat' dir='ltr'><strong>accumbas</strong></span> <span class='ocrx_word' id='word_1_110' title='bbox 658 1899 730 1959; x_wconf 83' lang='lat' dir='ltr'><strong>cum</strong></span> <span class='ocrx_word' id='word_1_111' title='bbox 753 1899 787 1938; x_wconf 89' lang='lat' dir='ltr'><strong>ea</strong></span> <span class='ocrx_word' id='word_1_112' title='bbox 807 1897 905 1969; x_wconf 87' lang='lat' dir='ltr'><strong>super</strong></span> <span class='ocrx_word' id='word_1_113' title='bbox 922 1873 1086 1974; x_wconf 77' lang='lat' dir='ltr'><strong>cubiturus</strong></span> <span class='ocrx_word' id='word_1_114' title='bbox 1117 1884 1150 1935; x_wconf 90' lang='lat' dir='ltr'><strong>et</strong></span> 
     </span>
     <span class='ocr_line' id='line_1_15' title="bbox 67 1982 1149 2060; baseline 0.001 -17"><span class='ocrx_word' id='word_1_115' title='bbox 67 2003 135 2043; x_wconf 88' lang='lat' dir='ltr'><strong>non</strong></span> <span class='ocrx_word' id='word_1_116' title='bbox 170 1982 327 2047; x_wconf 87' lang='lat' dir='ltr'><strong>alterceris</strong></span> <span class='ocrx_word' id='word_1_117' title='bbox 364 2006 437 2049; x_wconf 85' lang='lat' dir='ltr'><strong>cum</strong></span> <span class='ocrx_word' id='word_1_118' title='bbox 454 1985 523 2056; x_wconf 71' lang='lat' dir='ltr'><strong>,illa</strong></span> <span class='ocrx_word' id='word_1_119' title='bbox 556 2007 588 2047; x_wconf 92' lang='grc' dir='ltr'><strong>ιιι</strong></span> <span class='ocrx_word' id='word_1_120' title='bbox 618 1987 713 2060; x_wconf 83' lang='lat' dir='ltr'><strong>vino,</strong></span> <span class='ocrx_word' id='word_1_121' title='bbox 746 2004 786 2044; x_wconf 92' lang='lat' dir='ltr'><strong>ne</strong></span> <span class='ocrx_word' id='word_1_122' title='bbox 818 1983 902 2045; x_wconf 87' lang='lat' dir='ltr'><strong>sorte</strong></span> <span class='ocrx_word' id='word_1_123' title='bbox 936 1982 1072 2060; x_wconf 84' lang='lat' dir='ltr'><strong>declinet</strong></span> <span class='ocrx_word' id='word_1_124' title='bbox 1091 2000 1149 2044; x_wconf 84' lang='lat' dir='ltr'><strong>cor</strong></span> 
     </span>
     <span class='ocr_line' id='line_1_16' title="bbox 69 2090 1061 2178; baseline -0.003 -26"><span class='ocrx_word' id='word_1_125' title='bbox 69 2102 159 2152; x_wconf 86' lang='lat' dir='ltr'><strong>tuum</strong></span> <span class='ocrx_word' id='word_1_126' title='bbox 175 2090 327 2170; x_wconf 88' lang='lat' dir='ltr'><strong>inillam,</strong></span> <span class='ocrx_word' id='word_1_127' title='bbox 349 2105 381 2172; x_wconf 79' lang='lat' dir='ltr'><strong>et</strong></span> <span class='ocrx_word' id='word_1_128' title='bbox 399 2095 546 2178; x_wconf 77' lang='lat' dir='ltr'><strong>sanguiue</strong></span> <span class='ocrx_word' id='word_1_129' title='bbox 576 2105 633 2164; x_wconf 85' lang='lat' dir='ltr'><strong>tuo</strong></span> <span class='ocrx_word' id='word_1_130' title='bbox 654 2091 770 2154; x_wconf 87' lang='lat' dir='ltr'><strong>labaris</strong></span> <span class='ocrx_word' id='word_1_131' title='bbox 785 2093 818 2153; x_wconf 92' lang='lat' dir='ltr'><strong>iu</strong></span> <span class='ocrx_word' id='word_1_132' title='bbox 840 2091 1061 2176; x_wconf 78' lang='lat' dir='ltr'><strong>perditionem.</strong></span> 
     </span>
    </p>

    <p class='ocr_par' dir='ltr' id='par_1_3' title="bbox 70 2188 1153 2914">
     <span class='ocr_line' id='line_1_17' title="bbox 155 2188 1150 2286; baseline 0.002 -29"><span class='ocrx_word' id='word_1_133' title='bbox 155 2197 173 2257; x_wconf 87' lang='lat' dir='ltr'>J</span> <span class='ocrx_word' id='word_1_134' title='bbox 181 2196 243 2259; x_wconf 91' lang='lat' dir='ltr'><strong>ob.</strong></span> <span class='ocrx_word' id='word_1_135' title='bbox 268 2198 404 2261; x_wconf 74' lang='lat' dir='ltr'><strong>xxxi:</strong></span> <span class='ocrx_word' id='word_1_136' title='bbox 451 2201 562 2286; x_wconf 79' lang='lat' dir='ltr'><strong>Pepigi</strong></span> <span class='ocrx_word' id='word_1_137' title='bbox 595 2199 708 2263; x_wconf 89' lang='lat' dir='ltr'><strong>foedus</strong></span> <span class='ocrx_word' id='word_1_138' title='bbox 743 2188 828 2258; x_wconf 82' lang='grc' dir='ltr'><strong>οιιιιιΙ</strong></span> <span class='ocrx_word' id='word_1_139' title='bbox 845 2198 944 2260; x_wconf 91' lang='lat' dir='ltr'><strong>oculis</strong></span> <span class='ocrx_word' id='word_1_140' title='bbox 972 2201 1071 2276; x_wconf 87' lang='lat' dir='ltr'><strong>meis,</strong></span> <span class='ocrx_word' id='word_1_141' title='bbox 1111 2208 1150 2260; x_wconf 87' lang='lat' dir='ltr'><strong>ut</strong></span> 
     </span>
     <span class='ocr_line' id='line_1_18' title="bbox 70 2291 1153 2393; baseline 0.001 -28"><span class='ocrx_word' id='word_1_142' title='bbox 70 2323 109 2365; x_wconf 86' lang='lat' dir='ltr'><strong>nc</strong></span> <span class='ocrx_word' id='word_1_143' title='bbox 132 2306 299 2387; x_wconf 75' lang='lat' dir='ltr'><strong>cogitarem</strong></span> <span class='ocrx_word' id='word_1_144' title='bbox 319 2291 446 2393; x_wconf 83' lang='lat' dir='ltr'><strong>quidem</strong></span> <span class='ocrx_word' id='word_1_145' title='bbox 470 2300 555 2366; x_wconf 86' lang='lat' dir='ltr'><strong>de</strong></span> <span class='ocrx_word' id='word_1_146' title='bbox 527 2310 657 2390; x_wconf 79' lang='lat' dir='ltr'><strong>virgine.</strong></span> <span class='ocrx_word' id='word_1_147' title='bbox 697 2306 800 2382; x_wconf 86' lang='lat' dir='ltr'><strong>Quam</strong></span> <span class='ocrx_word' id='word_1_148' title='bbox 814 2309 895 2367; x_wconf 90' lang='lat' dir='ltr'><strong>enim</strong></span> <span class='ocrx_word' id='word_1_149' title='bbox 911 2319 1032 2390; x_wconf 89' lang='lat' dir='ltr'><strong>partem</strong></span> <span class='ocrx_word' id='word_1_150' title='bbox 1051 2303 1153 2366; x_wconf 85' lang='lat' dir='ltr'><strong>habe-</strong></span> 
     </span>
     <span class='ocr_line' id='line_1_19' title="bbox 70 2409 1151 2497; baseline 0.004 -28"><span class='ocrx_word' id='word_1_151' title='bbox 70 2422 123 2470; x_wconf 89' lang='lat' dir='ltr'><strong>ret</strong></span> <span class='ocrx_word' id='word_1_152' title='bbox 152 2412 184 2469; x_wconf 91' lang='lat' dir='ltr'><strong>in</strong></span> <span class='ocrx_word' id='word_1_153' title='bbox 209 2429 257 2469; x_wconf 85' lang='lat' dir='ltr'><strong>me</strong></span> <span class='ocrx_word' id='word_1_154' title='bbox 280 2409 390 2468; x_wconf 86' lang='lat' dir='ltr'>DEUS</span> <span class='ocrx_word' id='word_1_155' title='bbox 414 2410 564 2492; x_wconf 85' lang='lat' dir='ltr'><strong>desuper,</strong></span> <span class='ocrx_word' id='word_1_156' title='bbox 600 2423 631 2472; x_wconf 89' lang='lat' dir='ltr'><strong>et</strong></span> <span class='ocrx_word' id='word_1_157' title='bbox 648 2410 869 2472; x_wconf 84' lang='lat' dir='ltr'><strong>haereditatem</strong></span> <span class='ocrx_word' id='word_1_158' title='bbox 889 2410 1102 2497; x_wconf 79' lang='lat' dir='ltr'><strong>Omnipotens</strong></span> <span class='ocrx_word' id='word_1_159' title='bbox 1111 2414 1151 2483; x_wconf 86' lang='lat' dir='ltr'><strong>de</strong></span> 
     </span>
     <span class='ocr_line' id='line_1_20' title="bbox 74 2513 1153 2602; baseline 0.006 -27"><span class='ocrx_word' id='word_1_160' title='bbox 74 2513 223 2575; x_wconf 78' lang='lat' dir='ltr'><strong>excelsis?</strong></span> <span class='ocrx_word' id='word_1_161' title='bbox 264 2513 300 2574; x_wconf 85' lang='lat' dir='ltr'><strong>si</strong></span> <span class='ocrx_word' id='word_1_162' title='bbox 337 2513 501 2598; x_wconf 89' lang='lat' dir='ltr'><strong>deceptum</strong></span> <span class='ocrx_word' id='word_1_163' title='bbox 540 2527 586 2577; x_wconf 88' lang='lat' dir='ltr'><strong>est</strong></span> <span class='ocrx_word' id='word_1_164' title='bbox 616 2536 795 2576; x_wconf 89' lang='lat' dir='ltr'><strong>cormeum</strong></span> <span class='ocrx_word' id='word_1_165' title='bbox 822 2539 917 2602; x_wconf 88' lang='lat' dir='ltr'><strong>super</strong></span> <span class='ocrx_word' id='word_1_166' title='bbox 941 2521 1091 2599; x_wconf 83' lang='lat' dir='ltr'><strong>muliere,</strong></span> <span class='ocrx_word' id='word_1_167' title='bbox 1122 2532 1153 2581; x_wconf 91' lang='lat' dir='ltr'><strong>et</strong></span> 
     </span>
     <span class='ocr_line' id='line_1_21' title="bbox 72 2622 1152 2719; baseline 0.002 -35"><span class='ocrx_word' id='word_1_168' title='bbox 72 2624 101 2684; x_wconf 91' lang='lat' dir='ltr'><strong>si</strong></span> <span class='ocrx_word' id='word_1_169' title='bbox 127 2622 167 2682; x_wconf 93' lang='lat' dir='ltr'><strong>ad</strong></span> <span class='ocrx_word' id='word_1_170' title='bbox 193 2623 309 2683; x_wconf 85' lang='lat' dir='ltr'><strong>ostium</strong></span> <span class='ocrx_word' id='word_1_171' title='bbox 338 2624 428 2683; x_wconf 86' lang='lat' dir='ltr'><strong>amici</strong></span> <span class='ocrx_word' id='word_1_172' title='bbox 453 2624 512 2685; x_wconf 92' lang='lat' dir='ltr'><strong>mei</strong></span> <span class='ocrx_word' id='word_1_173' title='bbox 542 2622 705 2719; x_wconf 86' lang='lat' dir='ltr'><strong>insidiatus</strong></span> <span class='ocrx_word' id='word_1_174' title='bbox 738 2643 820 2682; x_wconf 80' lang='lat' dir='ltr'><strong>sume</strong></span> <span class='ocrx_word' id='word_1_175' title='bbox 856 2639 995 2686; x_wconf 88' lang='lat' dir='ltr'><strong>scortum</strong></span> <span class='ocrx_word' id='word_1_176' title='bbox 1026 2626 1152 2692; x_wconf 82' lang='lat' dir='ltr'><strong>alterius</strong></span> 
     </span>
     <span class='ocr_line' id='line_1_22' title="bbox 73 2728 1153 2828; baseline 0.006 -37"><span class='ocrx_word' id='word_1_177' title='bbox 73 2731 115 2791; x_wconf 90' lang='lat' dir='ltr'><strong>sit</strong></span> <span class='ocrx_word' id='word_1_178' title='bbox 144 2728 225 2791; x_wconf 81' lang='lat' dir='ltr'><strong>uior</strong></span> <span class='ocrx_word' id='word_1_179' title='bbox 260 2750 330 2792; x_wconf 85' lang='lat' dir='ltr'><strong>mea</strong></span> <span class='ocrx_word' id='word_1_180' title='bbox 354 2743 414 2791; x_wconf 84' lang='lat' dir='ltr'><strong>etc.</strong></span> <span class='ocrx_word' id='word_1_181' title='bbox 478 2731 548 2792; x_wconf 88' lang='lat' dir='ltr'><strong>Hoc</strong></span> <span class='ocrx_word' id='word_1_182' title='bbox 585 2731 666 2828; x_wconf 80' lang='lat' dir='ltr'><strong>enim</strong></span> <span class='ocrx_word' id='word_1_183' title='bbox 703 2730 788 2791; x_wconf 82' lang='lat' dir='ltr'><strong>nefas</strong></span> <span class='ocrx_word' id='word_1_184' title='bbox 824 2744 891 2810; x_wconf 88' lang='lat' dir='ltr'><strong>est,</strong></span> <span class='ocrx_word' id='word_1_185' title='bbox 931 2746 963 2797; x_wconf 89' lang='lat' dir='ltr'><strong>et</strong></span> <span class='ocrx_word' id='word_1_186' title='bbox 1004 2736 1153 2817; x_wconf 82' lang='lat' dir='ltr'><strong>iniquitas</strong></span> 
     </span>
     <span class='ocr_line' id='line_1_23' title="bbox 72 2838 213 2914; baseline 0.008 -17"><span class='ocrx_word' id='word_1_187' title='bbox 72 2838 213 2914; x_wconf 75' lang='lat' dir='ltr'><strong>maxima.</strong></span> 
     </span>
    </p>
   </div>
   <div class='ocr_carea' id='block_1_3' title="bbox 159 2966 1046 3073">
    <p class='ocr_par' dir='ltr' id='par_1_4' title="bbox 159 2966 1046 3073">
     <span class='ocr_line' id='line_1_24' title="bbox 159 2966 1046 3073; baseline 0.001 -40"><span class='ocrx_word' id='word_1_188' title='bbox 159 2968 284 3033; x_wconf 75' lang='lat' dir='ltr'><strong>Prot.</strong></span> <span class='ocrx_word' id='word_1_189' title='bbox 308 2967 385 3032; x_wconf 72' lang='lat' dir='ltr'><strong>vi:</strong></span> <span class='ocrx_word' id='word_1_190' title='bbox 424 2970 605 3073; x_wconf 80' lang='lat' dir='ltr'><strong>Utsupra‚</strong></span> <span class='ocrx_word' id='word_1_191' title='bbox 641 2966 702 3035; x_wconf 85' lang='lat' dir='ltr'><strong>hac</strong></span> <span class='ocrx_word' id='word_1_192' title='bbox 727 2971 833 3035; x_wconf 88' lang='lat' dir='ltr'><strong>eadem</strong></span> <span class='ocrx_word' id='word_1_193' title='bbox 856 2970 1046 3058; x_wconf 76' lang='lat' dir='ltr'><strong>quaestione.</strong></span> 
     </span>
    </p>
   </div>
   <div class='ocr_carea' id='block_1_4' title="bbox 72 3099 1227 4377">
    <p class='ocr_par' dir='ltr' id='par_1_5' title="bbox 72 3099 1227 4267">
     <span class='ocr_line' id='line_1_25' title="bbox 161 3099 1153 3190; baseline 0.005 -29"><span class='ocrx_word' id='word_1_194' title='bbox 161 3103 306 3161; x_wconf 80' lang='lat' dir='ltr'><strong>Genea.</strong></span> <span class='ocrx_word' id='word_1_195' title='bbox 330 3099 405 3162; x_wconf 66' lang='lat' dir='ltr'><strong>lxi</strong></span> <span class='ocrx_word' id='word_1_196' title='bbox 436 3101 513 3163; x_wconf 88' lang='lat' dir='ltr'><strong>Cum</strong></span> <span class='ocrx_word' id='word_1_197' title='bbox 533 3103 658 3165; x_wconf 86' lang='lat' dir='ltr'><strong>vidisset</strong></span> <span class='ocrx_word' id='word_1_198' title='bbox 681 3104 775 3167; x_wconf 87' lang='lat' dir='ltr'><strong>Gham</strong></span> <span class='ocrx_word' id='word_1_199' title='bbox 795 3119 884 3190; x_wconf 83' lang='lat' dir='ltr'><strong>pater</strong></span> <span class='ocrx_word' id='word_1_200' title='bbox 907 3104 1068 3184; x_wconf 75' lang='lat' dir='ltr'><strong>chanaan,</strong></span> <span class='ocrx_word' id='word_1_201' title='bbox 1099 3124 1153 3166; x_wconf 84' lang='lat' dir='ltr'><strong>ve·</strong></span> 
     </span>
     <span class='ocr_line' id='line_1_26' title="bbox 72 3207 1154 3290; baseline 0.002 -19"><span class='ocrx_word' id='word_1_202' title='bbox 72 3208 173 3272; x_wconf 89' lang='lat' dir='ltr'><strong>renda</strong></span> <span class='ocrx_word' id='word_1_203' title='bbox 189 3207 309 3268; x_wconf 88' lang='lat' dir='ltr'><strong>scilicet</strong></span> <span class='ocrx_word' id='word_1_204' title='bbox 326 3211 425 3290; x_wconf 88' lang='lat' dir='ltr'><strong>patris</strong></span> <span class='ocrx_word' id='word_1_205' title='bbox 447 3212 494 3273; x_wconf 85' lang='lat' dir='ltr'><strong>stri</strong></span> <span class='ocrx_word' id='word_1_206' title='bbox 515 3232 579 3271; x_wconf 82' lang='lat' dir='ltr'><strong>esse</strong></span> <span class='ocrx_word' id='word_1_207' title='bbox 598 3211 734 3290; x_wconf 80' lang='lat' dir='ltr'><strong>nudata,</strong></span> <span class='ocrx_word' id='word_1_208' title='bbox 761 3207 918 3274; x_wconf 78' lang='lat' dir='ltr'><strong>nunciavit</strong></span> <span class='ocrx_word' id='word_1_209' title='bbox 940 3211 1067 3274; x_wconf 82' lang='lat' dir='ltr'><strong>duobus</strong></span> <span class='ocrx_word' id='word_1_210' title='bbox 1088 3213 1154 3273; x_wconf 82' lang='lat' dir='ltr'><strong>ira·</strong></span> 
     </span>
     <span class='ocr_line' id='line_1_27' title="bbox 72 3315 1155 3405; baseline 0.001 -25"><span class='ocrx_word' id='word_1_211' title='bbox 72 3316 178 3380; x_wconf 81' lang='lat' dir='ltr'><strong>tribus</strong></span> <span class='ocrx_word' id='word_1_212' title='bbox 210 3315 274 3375; x_wconf 88' lang='lat' dir='ltr'><strong>suis</strong></span> <span class='ocrx_word' id='word_1_213' title='bbox 305 3315 399 3376; x_wconf 81' lang='lat' dir='ltr'><strong>foras.</strong></span> <span class='ocrx_word' id='word_1_214' title='bbox 451 3315 494 3378; x_wconf 87' lang='lat' dir='ltr'><strong>At</strong></span> <span class='ocrx_word' id='word_1_215' title='bbox 514 3340 587 3380; x_wconf 86' lang='lat' dir='ltr'><strong>vero</strong></span> <span class='ocrx_word' id='word_1_216' title='bbox 612 3319 687 3379; x_wconf 84' lang='lat' dir='ltr'><strong>Sem‘</strong></span> <span class='ocrx_word' id='word_1_217' title='bbox 706 3335 737 3381; x_wconf 90' lang='lat' dir='ltr'><strong>et</strong></span> <span class='ocrx_word' id='word_1_218' title='bbox 757 3319 869 3405; x_wconf 88' lang='lat' dir='ltr'><strong>Japhet</strong></span> <span class='ocrx_word' id='word_1_219' title='bbox 898 3319 1027 3404; x_wconf 87' lang='lat' dir='ltr'><strong>pallium</strong></span> <span class='ocrx_word' id='word_1_220' title='bbox 1049 3322 1155 3404; x_wconf 86' lang='lat' dir='ltr'><strong>impu·</strong></span> 
     </span>
     <span class='ocr_line' id='line_1_28' title="bbox 74 3420 1152 3523; baseline 0.001 -36"><span class='ocrx_word' id='word_1_221' title='bbox 74 3429 207 3487; x_wconf 84' lang='lat' dir='ltr'><strong>suerunt</strong></span> <span class='ocrx_word' id='word_1_222' title='bbox 231 3420 379 3483; x_wconf 80' lang='lat' dir='ltr'><strong>humeris·¹</strong></span> <span class='ocrx_word' id='word_1_223' title='bbox 395 3425 476 3499; x_wconf 83' lang='lat' dir='ltr'><strong>suis,</strong></span> <span class='ocrx_word' id='word_1_224' title='bbox 515 3439 546 3486; x_wconf 89' lang='lat' dir='ltr'><strong>et</strong></span> <span class='ocrx_word' id='word_1_225' title='bbox 575 3427 749 3489; x_wconf 85' lang='lat' dir='ltr'><strong>incedentes</strong></span> <span class='ocrx_word' id='word_1_226' title='bbox 776 3441 973 3506; x_wconf 83' lang='lat' dir='ltr'><strong>retrorsum,</strong></span> <span class='ocrx_word' id='word_1_227' title='bbox 1016 3440 1152 3523; x_wconf 67' lang='lat' dir='ltr'><strong>operae*</strong></span> 
     </span>
     <span class='ocr_line' id='line_1_29' title="bbox 74 3529 1227 3618; baseline 0.003 -23"><span class='ocrx_word' id='word_1_228' title='bbox 74 3545 153 3595; x_wconf 88' lang='lat' dir='ltr'><strong>runt</strong></span> <span class='ocrx_word' id='word_1_229' title='bbox 181 3529 315 3591; x_wconf 79' lang='lat' dir='ltr'><strong>verenda</strong></span> <span class='ocrx_word' id='word_1_230' title='bbox 346 3533 444 3614; x_wconf 86' lang='lat' dir='ltr'><strong>patris</strong></span> <span class='ocrx_word' id='word_1_231' title='bbox 470 3534 538 3593; x_wconf 88' lang='lat' dir='ltr'><strong>sui:</strong></span> <span class='ocrx_word' id='word_1_232' title='bbox 573 3531 727 3618; x_wconf 83' lang='lat' dir='ltr'><strong>faciesque</strong></span> <span class='ocrx_word' id='word_1_233' title='bbox 761 3552 869 3596; x_wconf 81' lang='lat' dir='ltr'><strong>eorum</strong></span> <span class='ocrx_word' id='word_1_234' title='bbox 897 3553 1018 3599; x_wconf 82' lang='lat' dir='ltr'><strong>aversae</strong></span> <span class='ocrx_word' id='word_1_235' title='bbox 1052 3538 1151 3616; x_wconf 52' lang='lat' dir='ltr'><strong>erautj</strong></span> <span class='ocrx_word' id='word_1_236' title='bbox 1223 3577 1227 3583; x_wconf 78' lang='lat'><em>,</em></span> 
     </span>
     <span class='ocr_line' id='line_1_30' title="bbox 74 3638 1153 3728; baseline 0.006 -27"><span class='ocrx_word' id='word_1_237' title='bbox 74 3652 107 3701; x_wconf 85' lang='lat' dir='ltr'><strong>et</strong></span> <span class='ocrx_word' id='word_1_238' title='bbox 140 3640 239 3724; x_wconf 85' lang='lat' dir='ltr'><strong>patris</strong></span> <span class='ocrx_word' id='word_1_239' title='bbox 266 3638 369 3699; x_wconf 83' lang='lat' dir='ltr'><strong>virilia</strong></span> <span class='ocrx_word' id='word_1_240' title='bbox 394 3658 458 3700; x_wconf 90' lang='lat' dir='ltr'><strong>non</strong></span> <span class='ocrx_word' id='word_1_241' title='bbox 495 3641 652 3710; x_wconf 63' lang='lat' dir='ltr'><strong>viderunt*</strong></span> <span class='ocrx_word' id='word_1_242' title='bbox 702 3640 858 3728; x_wconf 79' lang='lat' dir='ltr'><strong>Evigilana</strong></span> <span class='ocrx_word' id='word_1_243' title='bbox 891 3657 992 3705; x_wconf 85' lang='lat' dir='ltr'><strong>antem</strong></span> <span class='ocrx_word' id='word_1_244' title='bbox 1022 3643 1098 3706; x_wconf 74' lang='lat' dir='ltr'><strong>Not</strong></span> <span class='ocrx_word' id='word_1_245' title='bbox 1116 3660 1153 3707; x_wconf 70' lang='lat' dir='ltr'><strong>ex</strong></span> 
     </span>
     <span class='ocr_line' id='line_1_31' title="bbox 74 3746 1151 3833; baseline 0.006 -25"><span class='ocrx_word' id='word_1_246' title='bbox 74 3750 164 3824; x_wconf 84' lang='lat' dir='ltr'><strong>vino,</strong></span> <span class='ocrx_word' id='word_1_247' title='bbox 201 3767 271 3806; x_wconf 83' lang='lat' dir='ltr'><strong>cuni</strong></span> <span class='ocrx_word' id='word_1_248' title='bbox 306 3746 480 3824; x_wconf 87' lang='lat' dir='ltr'><strong>didicisset,</strong></span> <span class='ocrx_word' id='word_1_249' title='bbox 514 3766 593 3832; x_wconf 86' lang='lat' dir='ltr'><strong>quae</strong></span> <span class='ocrx_word' id='word_1_250' title='bbox 628 3751 743 3812; x_wconf 82' lang='lat' dir='ltr'><strong>lecerat</strong></span> <span class='ocrx_word' id='word_1_251' title='bbox 773 3755 800 3812; x_wconf 81' lang='lat' dir='ltr'><strong>ei</strong></span> <span class='ocrx_word' id='word_1_252' title='bbox 829 3750 910 3814; x_wconf 86' lang='lat' dir='ltr'><strong>lilius</strong></span> <span class='ocrx_word' id='word_1_253' title='bbox 938 3770 1013 3816; x_wconf 86' lang='lat' dir='ltr'><strong>suus</strong></span> <span class='ocrx_word' id='word_1_254' title='bbox 1031 3755 1151 3833; x_wconf 87' lang='lat' dir='ltr'><strong>minor,</strong></span> 
     </span>
     <span class='ocr_line' id='line_1_32' title="bbox 77 3848 1153 3932; baseline 0.006 -18"><span class='ocrx_word' id='word_1_255' title='bbox 77 3856 135 3914; x_wconf 85' lang='lat' dir='ltr'><strong>ait:</strong></span> <span class='ocrx_word' id='word_1_256' title='bbox 170 3855 356 3916; x_wconf 82' lang='lat' dir='ltr'><strong>Maledictus</strong></span> <span class='ocrx_word' id='word_1_257' title='bbox 389 3848 550 3932; x_wconf 86' lang='lat' dir='ltr'><strong>Chanaan‚</strong></span> <span class='ocrx_word' id='word_1_258' title='bbox 586 3877 693 3921; x_wconf 86' lang='lat' dir='ltr'><strong>servus</strong></span> <span class='ocrx_word' id='word_1_259' title='bbox 719 3877 880 3922; x_wconf 84' lang='lat' dir='ltr'><strong>serrorum</strong></span> <span class='ocrx_word' id='word_1_260' title='bbox 915 3861 975 3922; x_wconf 88' lang='lat' dir='ltr'><strong>erit</strong></span> <span class='ocrx_word' id='word_1_261' title='bbox 1001 3857 1153 3921; x_wconf 70' lang='lat' dir='ltr'><strong>fratribus</strong></span> 
     </span>
     <span class='ocr_line' id='line_1_33' title="bbox 79 3963 1156 4047; baseline 0.006 -25"><span class='ocrx_word' id='word_1_262' title='bbox 79 3963 150 4023; x_wconf 86' lang='lat' dir='ltr'><strong>suis.</strong></span> <span class='ocrx_word' id='word_1_263' title='bbox 190 3965 375 4047; x_wconf 84' lang='lat' dir='ltr'><strong>·Dixitque:</strong></span> <span class='ocrx_word' id='word_1_264' title='bbox 416 3963 600 4026; x_wconf 86' lang='lat' dir='ltr'><strong>Benedictus</strong></span> <span class='ocrx_word' id='word_1_265' title='bbox 649 3967 801 4028; x_wconf 86' lang='lat' dir='ltr'><strong>Dominus</strong></span> <span class='ocrx_word' id='word_1_266' title='bbox 839 3968 949 4031; x_wconf 83' lang='lat' dir='ltr'>DEUS</span> <span class='ocrx_word' id='word_1_267' title='bbox 976 3969 1073 4046; x_wconf 69' lang='lat' dir='ltr'><strong>Sem,⁴</strong></span> <span class='ocrx_word' id='word_1_268' title='bbox 1114 3973 1156 4029; x_wconf 81' lang='lat' dir='ltr'><strong>sit</strong></span> 
     </span>
     <span class='ocr_line' id='line_1_34' title="bbox 79 4064 1157 4161; baseline 0.007 -34"><span class='ocrx_word' id='word_1_269' title='bbox 79 4064 224 4131; x_wconf 83' lang='lat' dir='ltr'><strong>Chanaau</strong></span> <span class='ocrx_word' id='word_1_270' title='bbox 261 4091 366 4132; x_wconf 83' lang='lat' dir='ltr'><strong>servus</strong></span> <span class='ocrx_word' id='word_1_271' title='bbox 397 4074 475 4153; x_wconf 87' lang='lat' dir='ltr'><strong>ejus.</strong></span> <span class='ocrx_word' id='word_1_272' title='bbox 526 4066 644 4133; x_wconf 87' lang='lat' dir='ltr'><strong>Dilatet</strong></span> <span class='ocrx_word' id='word_1_273' title='bbox 673 4072 784 4135; x_wconf 87' lang='lat' dir='ltr'><strong>DEUS</strong></span> <span class='ocrx_word' id='word_1_274' title='bbox 810 4072 945 4161; x_wconf 72' lang='lat' dir='ltr'><strong>saphet,</strong></span> <span class='ocrx_word' id='word_1_275' title='bbox 976 4087 1008 4138; x_wconf 87' lang='lat' dir='ltr'><strong>et</strong></span> <span class='ocrx_word' id='word_1_276' title='bbox 1034 4074 1157 4138; x_wconf 77' lang='lat' dir='ltr'><strong>habitet</strong></span> 
     </span>
     <span class='ocr_line' id='line_1_35' title="bbox 77 4174 990 4267; baseline 0.013 -35"><span class='ocrx_word' id='word_1_277' title='bbox 77 4174 112 4233; x_wconf 91' lang='lat' dir='ltr'><strong>in</strong></span> <span class='ocrx_word' id='word_1_278' title='bbox 144 4175 351 4238; x_wconf 88' lang='lat' dir='ltr'><strong>tabernaculis</strong></span> <span class='ocrx_word' id='word_1_279' title='bbox 375 4177 464 4256; x_wconf 88' lang='lat' dir='ltr'><strong>Sem,</strong></span> <span class='ocrx_word' id='word_1_280' title='bbox 485 4177 588 4262; x_wconf 86' lang='lat' dir='ltr'><strong>aitque</strong></span> <span class='ocrx_word' id='word_1_281' title='bbox 610 4179 755 4241; x_wconf 89' lang='lat' dir='ltr'><strong>Chanaan</strong></span> <span class='ocrx_word' id='word_1_282' title='bbox 779 4200 884 4245; x_wconf 80' lang='lat' dir='ltr'><strong>servus</strong></span> <span class='ocrx_word' id='word_1_283' title='bbox 912 4185 990 4267; x_wconf 85' lang='lat' dir='ltr'><strong>ejus.</strong></span> 
     </span>
    </p>

    <p class='ocr_par' dir='ltr' id='par_1_6' title="bbox 160 4282 1160 4377">
     <span class='ocr_line' id='line_1_36' title="bbox 160 4282 1160 4377; baseline 0.004 -33"><span class='ocrx_word' id='word_1_284' title='bbox 160 4282 278 4348; x_wconf 84' lang='lat' dir='ltr'><strong>Dent.</strong></span> <span class='ocrx_word' id='word_1_285' title='bbox 306 4282 430 4354; x_wconf 79' lang='lat' dir='ltr'><strong>XXV.&#39;=</strong></span> <span class='ocrx_word' id='word_1_286' title='bbox 464 4285 501 4349; x_wconf 82' lang='lat' dir='ltr'><strong>si</strong></span> <span class='ocrx_word' id='word_1_287' title='bbox 529 4282 699 4350; x_wconf 84' lang='lat' dir='ltr'><strong>habuerint</strong></span> <span class='ocrx_word' id='word_1_288' title='bbox 729 4288 812 4353; x_wconf 80' lang='lat' dir='ltr'><strong>inter</strong></span> <span class='ocrx_word' id='word_1_289' title='bbox 834 4306 878 4354; x_wconf 80' lang='lat' dir='ltr'><strong>-ee</strong></span> <span class='ocrx_word' id='word_1_290' title='bbox 914 4287 1057 4377; x_wconf 76' lang='lat' dir='ltr'><strong>jurgium</strong></span> <span class='ocrx_word' id='word_1_291' title='bbox 1097 4285 1160 4351; x_wconf 78' lang='lat' dir='ltr'><strong>riri</strong></span> 
     </span>
    </p>
   </div>
   <div class='ocr_carea' id='block_1_5' title="bbox 0 0 1404 4762">
    <p class='ocr_par' dir='ltr' id='par_1_7' title="bbox 0 0 1404 4762">
     <span class='ocr_line' id='line_1_37' title="bbox 0 0 1404 4762; baseline 0 0"><span class='ocrx_word' id='word_1_292' title='bbox 0 0 1404 4762; x_wconf 95' lang='lat' dir='ltr'><strong> </strong></span> 
     </span>
    </p>
   </div>
  </div>
 </body>
</html>
