2768 4762
280 372 362 451 ata
545 380 549 387 «
587 356 953 446 ιιι...οιιιιιι.ιιι
983 357 1051 440 ur

280 547 453 645 fiduciam
486 542 710 647 singularem
732 546 985 645 precantibus
1012 549 1188 689 suggerit
1237 553 1360 655 Maxi

104 647 342 806 ,lapxllfftma
379 697 471 746 vero
509 673 723 763 Caritas,
743 676 915 743 virtutum
947 671 1110 744 omnium
1148 676 1329 780 princepe
1342 733 1356 773 ‚

24 812 31 823 ’
105 795 253 890 {5³32
247 808 379 896 ¹1¹¹quae
406 795 556 869 modum
587 794 768 904 linemque
799 795 939 881 nescit,
978 766 1049 867 dee
1070 798 1270 874 morientes
1291 803 1360 875 de-

104 895 215 1036 ΞΞοιῃιῑιΕ
135 899 261 1030 abilin
233 901 270 938 ⁶
246 922 394 1030 hserit,
427 938 544 994 morte
569 918 651 1019 ipsa
675 918 829 1002 fortior,
856 943 930 1014 qua
958 916 1039 991 aine
1057 919 1168 994 Fides
1194 940 1231 996 et
1255 921 1356 1025 Spes

105 1051 185 1137 333¹}
180 992 269 1143 ΞΞΞΞ
283 1044 491 1118 Christiano
516 1043 709 1156 quidem
699 1070 847 1132 messa,
873 1042 941 1116 aed
966 1042 1014 1114 ad
1041 1042 1138 1117 bene
1163 1044 1353 1145 beateque

103 1159 184 1251 'dir‘
160 1211 186 1250 Ξ
186 1158 270 1254 330³
282 1163 513 1240 vivendum⁶
529 1152 698 1241 sulficere
720 1167 869 1238 minime
890 1182 1060 1265 possunt.
1110 1167 1219 1281 Unde
1242 1194 1265 1242 a
1289 1173 1356 1245 Jo-

103 1316 376 1415 automaanne
417 1258 555 1363 dietum
593 1310 667 1364 est.
713 1293 819 1391 ⁶Qui
854 1315 930 1362 non
954 1291 1099 1386 diligit,
1147 1304 1277 1364 monet
1310 1298 1353 1367 in

280 1424 417 1505 morte,
460 1416 625 1512 quam'via
649 1412 798 1486 interim
830 1412 958 1485 eredat
994 1436 1038 1483 ae
1057 1414 1281 1512 sparmalle,
1307 1436 1351 1491 ut

102 1533 403 1677 ΞΙΞΞΞΞΞὟαωαο
435 1539 597 1636 virginee
632 1539 671 1657 iu
706 1535 932 1655 lEvangelio
962 1535 1073 1610 nobis
1094 1539 1262 1640 exemplo
1287 1566 1349 1614 ea·

101 1631 267 1774 {illiberit-
280 1688 320 1737 ao
347 1679 518 1764 possunt,

596 1927 1028 2003 SCRIPTURAE.

360 2136 389 2193 1.
411 2122 502 2186 Cor.
524 2121 631 2184 XHI.=
662 2118 755 2185 Nube
775 2135 898 2187 manent
917 2121 995 2187 fidet
1006 2166 1017 2204 ,
1044 2143 1134 2210 apes,
1155 2122 1267 2187 caritas
1287 2137 1348 2188 ete.

273 2230 336 2297 vid.
356 2243 431 2293 text.

358 2337 482 2400 Ibide
505 2338 538 2400 Si
559 2338 672 2424 linguis
695 2337 853 2401 hominum
875 2336 989 2420 loquar
1010 2348 1041 2398 et
1060 2335 1255 2420 angelorum,
1289 2356 1346 2399 ea-

273 2447 396 2508 ritatem
420 2458 521 2506 autern
553 2454 621 2507 noh·
638 2446 783 2524 habeam,
820 2447 918 2506 factus
940 2466 1008 2506 sum
1041 2445 1126 2506 velut
1147 2466 1195 2505 aes
1216 2466 1341 2523 sonans,

272 2565 328 2615 aut
348 2552 522 2630 cymbalum
542 2555 685 2614 tinniens.
718 2553 761 2614 Et
781 2555 806 2615 si
828 2552 967 2614 habuero
990 2551 1196 2637 prophetiam,
1209 2565 1342 2614 etnove·

271 2664 332 2721 rim
351 2662 497 2736 mysteria
520 2662 622 2721 omnia
644 2672 676 2722 et
698 2680 817 2721 omnem
838 2663 1011 2723 scientiam:
1033 2674 1064 2722 et
1083 2663 1108 2720 si
1125 2659 1263 2721 habuero
1273 2681 1342 2722 om·

270 2789 340 2829 nem
360 2765 472 2845 fidem,
493 2769 537 2828 ita
558 2779 596 2829 ut
615 2780 735 2828 montes
758 2768 958 2846 transferam,
980 2768 1136 2830 caritatem
1156 2781 1255 2828 autem
1275 2786 1343 2829 nou

269 2866 436 2952 habuero,
468 2873 546 2934 nihil
563 2896 645 2965 aum.
687 2874 730 2934 Et
749 2876 775 2935 ai
798 2875 988 2937 distribuero
1011 2876 1042 2935 in
1066 2874 1153 2934 cibos
1166 2895 1341 2958 pauperum

270 3003 374 3044 omnes
399 2982 559 3043 facultates
580 3003 679 3058 meas,
714 2980 792 3040 etsi
821 2983 980 3043 tradidero
1005 3003 1119 3064 eorpus
1140 3002 1261 3058 meum,
1285 2984 1341 3060 ita,

268 3099 306 3153 ut
320 3088 456 3162 ardeam,
478 3091 635 3151 caritatem
648 3100 748 3149 autem
758 3110 822 3149 non
835 3088 987 3168 habuero,
1007 3089 1086 3150 nihil
1109 3088 1185 3149 mihi
1197 3088 1340 3172 prodeat.

282 3270 286 3277 .
352 3220 480 3280 Mare.
516 3220 590 3282 XL:
627 3218 745 3280 Habete
781 3218 874 3281 fidem
909 3221 984 3281 Dei:
1019 3217 1115 3278 Amen
1144 3218 1215 3280 dico
1236 3216 1342 3296 vohis,

268 3327 343 3409 quia
371 3327 552 3412 quicunque
571 3326 683 3388 dixerit
697 3326 772 3389 huie
801 3331 920 3390 monti:
957 3325 1082 3387 Tollere
1104 3337 1135 3387 et
1161 3327 1284 3385 mittere
1307 3327 1342 3385 iu

266 3454 370 3512 mare,
406 3446 437 3494 et
467 3454 531 3494 non
560 3433 755 3496 haesitaverit
786 3438 818 3496 in
847 3436 943 3497 corde
971 3456 1048 3512 auo,
1080 3434 1134 3497 aed
1156 3431 1339 3510 crediderit,

267 3544 341 3625 quia
363 3541 574 3625 quodcunque
594 3540 722 3620 dixerit,
746 3540 817 3603 liat:
847 3541 900 3603 fiet
923 3546 961 3604 ei.

349 3672 497 3735 Matth.
521 3671 612 3732 vlt:
645 3672 715 3734 Non
738 3673 853 3753 omnis,
886 3675 940 3755 qui
966 3671 1042 3733 dicit
1063 3668 1161 3733 mihi:
1191 3668 1341 3746 Domine,

152 3815 154 3819 <
263 3760 406 3858 Domine,
420 3778 549 3843 intrabit
562 3780 729 3863 inregnum
741 3780 898 3840 caelorum
908 3780 977 3841 :aed
991 3781 1045 3862 qui
1060 3779 1135 3839 lacit
1144 3775 1338 3838 voluntatem

262 3884 364 3949 Patris
383 3889 452 3964 mei,
478 3889 532 3970 qui
552 3889 584 3948 in
605 3886 695 3948 caelis
705 3898 759 3964 est,
773 3889 837 3970 ipse
846 3885 975 3948 intrabit
986 3887 1017 3946 in
1027 3905 1155 3970 regnum
1170 3882 1340 3945 caelorum.

261 3992 354 4054 Multi
367 3993 471 4053 dicent
486 3992 561 4053 mihi
573 3996 604 4053 iu
615 3993 891 4071 illadiezllomiue,
904 3995 1056 4074 Domine,
1069 4013 1173 4085 noune
1182 3993 1214 4052 in
1233 3993 1340 4052 uomi-

259 4118 299 4160 ne
325 4111 383 4160 tuo
412 4100 688 4189 prophetavimus,
715 4113 747 4163 et
778 4102 810 4161 iu
835 4105 961 4166 nomine
994 4117 1050 4166 tuo
1079 4093 1240 4164 daemonia
1272 4101 1344 4182 eje-

258 4206 365 4283 cimus,
389 4217 422 4269 et
439 4208 472 4269 iu
492 4210 619 4272 nomine
639 4221 697 4274 tuo
718 4209 846 4272 virtutos
859 4210 972 4275 multat
994 4209 1144 4299 scemari
1186 4208 1229 4297 Et
1258 4219 1340 4269 tune
