2768 4762
253 300 257 309 ’
379 340 596 435 emmone
624 338 842 406 onumen.
1071 314 1153 415 lto

558 532 664 614 xlv.
780 548 783 555 '

134 718 251 822 Quae
289 730 352 803 est
393 742 555 798 summa
593 707 791 799 orationis
816 705 1092 795 Dominicae‘3

176 901 221 971 A.
272 878 486 975 Formulam
508 896 717 974 absolutam
741 895 908 969 continet
926 921 1005 970 non
1031 893 1153 970 solum

76 1020 211 1094 orandi
246 1049 291 1098 ao
329 1019 545 1125 postulandi
578 1022 700 1103 bona,
736 1045 863 1092 verum
885 1018 996 1093 etiam
1018 1018 1153 1121 depre-

82 1142 193 1242 candi
211 1170 255 1219 ao
277 1144 446 1245 fugiendi
463 1143 563 1219 mala
579 1143 781 1244 quaelibet.
834 1163 839 1169 ·
882 1206 889 1217 .

177 1292 221 1366 Β.
271 1296 373 1366 Inter
389 1290 507 1364 .bona
533 1313 622 1363 vero
654 1290 815 1391 primum
841 1302 898 1359 est
933 1283 1029 1357 illud
1044 1310 1155 1384 expe·

79 1412 256 1512 tendum,
282 1432 324 1488 ut
359 1430 467 1515 pater
487 1409 660 1485 caelestis
687 1411 741 1484 ab
768 1408 940 1503 omnibus
957 1434 1105 1510 semper
1120 1425 1158 1482 et

80 1537 223 1635 ubique
263 1535 515 1635 glorificetur:
552 1532 688 1607 deinde
720 1521 831 1623 vero,
858 1551 908 1611 ‚ut
931 1530 1032 1604 illius
1052 1531 1160 1630 regni

19 1682 24 1695 ¹
81 1658 289 1758 participes
314 1656 539 1731 efficiamur:
579 1673 657 1729 tum
678 1672 721 1729 ut
737 1682 782 1729 ea
800 1654 909 1728 nobis
934 1646 1160 1728 adminicula

81 1795 303 1878 suppetant,
332 1779 468 1879 quibua
497 1778 546 1853 ad
567 1805 723 1878 regnum
741 1780 826 1852 DEl
851 1774 1046 1853 commode
1070 1756 1158 1880 por·

84 1902 240 1973 venitur.
293 1902 413 2004 Quale
437 1920 496 1977 eat
519 1929 564 1977 er
590 1920 698 2005 parte
721 1902 874 2002 quidem
902 1902 1048 2008 animae
1070 1926 1161 1977 nos·

82 2038 189 2104 trae,
214 2024 393 2098 voluntati
418 2022 564 2100 divinae
587 2020 838 2112 conformat
863 2024 908 2099 ex
930 2043 1040 2128 parte
1067 2024 1157 2102 vero
1187 2046 1194 2057 ’

83 2148 274 2248 corporis,
306 2149 448 2233 viotmn
473 2150 613 2226 habere
633 2153 903 2229 necessarium.

135 2330 139 2337 ·
183 2293 239 2367 C.·
276 2295 383 2393 Quae
406 2310 528 2367 autem
549 2262 721 2371 seeundo
739 2299 826 2372 loco
845 2295 894 2369 ml
909 2292 1159 2406 finemutqua

84 2413 202 2488 totius
233 2414 464 2513 precationis
494 2414 702 2495 adduntur,
751 2418 924 2490 affectum
953 2421 1161 2518 exprimunt

87 2537 189 2611 mala
208 2533 478 2635 deprecantis,
500 2552 544 2607 ut
561 2538 646 2611 DEI
669 2539 785 2632 gratia
805 2555 842 2609 et
866 2537 1000 2610 virtute
1024 2558 1087 2613 aut
1100 2567 1163 2639 pe·

87 2660 188 2734 nitus
208 2658 280 2731 ¹illa
297 2675 576 2744 removeantur,
613 2673 770 2760 peccata
789 2660 962 2731 nimirum
977 2658 1164 2732 honorum

89 2782 255 2857 omnium
277 2781 540 2882 corruptelae,
577 2799 616 2856 et
639 2782 883 2881 reliquorum·
898 2781 1027 2856 lernae
1046 2781 1164 2856 malo·

88 2902 193 2991 rum,
220 2921 285 2978 aut
301 2904 436 2979 eadem
456 2905 513 2981 sis
538 2923 810 3008 temperantur,
837 2933 885 2980 ne
905 2933 974 2981 sua
992 2906 1033 2980 ri
1053 2902 1166 3009 saluti

92 3028 381 3131 consequendae
406 3026 558 3106 officere
577 3032 737 3133 possint
787 3030 983 3132 Ejusmodi
1002 3046 1090 3102 sunt
1108 3014 1166 3103 rai

92 3153 171 3224 riae
190 3153 242 3257 οἰιι,
276 3155 351 3229 hoe
372 3153 512 3228 mundo
538 3154 782 3243 tentationes,
812 3173 850 3229 et
873 3155 1066 3256 quaelibet
1087 3171 1166 3229 tum

93 3278 325 3376 praesentia,
366 3295 445 3351 tum
468 3278 615 3353 futurae
642 3280 739 3353 vitae
760 3279 1000 3353 calamitates.

197 3401 243 3470 D.
295 3381 457 3502 Reliqua
485 3402 534 3475 (le
563 3404 741 3478 Oratione
768 3402 1058 3490 tractanda,‘in
1082 3424 1169 3475 eum

93 3521 383 3596 reservabuntur
404 3524 556 3619 losum,
586 3529 652 3627 qui
675 3529 860 3604 bonorum
882 3554 1036 3633 operum
1055 3550 1168 3631 geno·

97 3671 140 3721 ra
165 3646 331 3748 triplicia
355 3646 573 3727 declarabit.
608 3717 612 3725 .
