2768 4762
412 410 446 475 D
466 406 639 481 Elidis
660 408 688 473 0
712 411 740 473 G
763 407 802 471 Ο.
833 424 843 435 ’
1068 412 1148 482 296

74 603 165 686 quius
185 597 344 673 Andreae,
376 596 478 657 Lucae
504 608 536 659 et
567 594 723 657 Timothei
746 592 904 661 transtulit
925 591 1322 683 Constantino-flssgqffiffssg

75 688 190 772 polim,
214 682 297 767 apud
318 701 395 763 quas
417 681 580 741 daemones
601 682 753 763 rugiunt,
784 691 815 738 et
842 676 1065 737 inhabitatores
1088 676 1144 738 Vi·
1157 653 1257 760 turult.

75 772 214 855 gilautii,
237 752 420 829 illorum'se
442 766 555 825 sentire
576 777 779 848 praesentiam
800 760 1008 823 confitentur?
1042 762 1147 824 Sacri-

72 855 161 941 legus
189 851 340 917 dicendus
367 862 413 910 est
437 861 468 909 et
490 870 574 909 nunc
592 849 748 932 Augustus
770 846 961 925 Archadius,
997 848 1052 930 qui
1076 868 1147 910 ossa

71 939 156 1001 beati
183 937 331 999 Samuelis
365 934 460 1018 longo
481 945 555 1016 post
574 944 714 1016 tempore
737 931 774 991 de
797 930 913 993 ludaca
934 931 1093 993 transtulit
1113 934 1147 993 iu

71 1023 253 1087 Thraciam?
304 1020 416 1083 Omnes
446 1018 595 1101 Episcopi
627 1039 691 1079 uon
722 1015 822 1079 solum
844 1018 1006 1102 sacrilegi,
1039 1017 1146 1078 sedet

71 1109 152 1172 fatui
185 1105 369 1190 judicandi,
405 1103 459 1185 qui
493 1123 558 1162 rem
579 1101 753 1163 vilissimam
784 1113 816 1161 et
834 1102 952 1161 eineres
975 1100 1144 1163 dissolutos

70 1194 103 1253 in
123 1194 225 1254 serico
259 1204 289 1250 et
319 1209 389 1249 vase
411 1207 507 1247 aureo
528 1185 756 1269 portaverunt?
807 1183 903 1245 Stulti
925 1189 1060 1246 omnium
1085 1186 1145 1247 uc·

70 1277 235 1339 elesiarum
257 1272 394 1357 populi,
408 1273 464 1353 qui
485 1282 692 1333 occurrerunt
711 1270 823 1330 sanctis
846 1269 1008 1350 reliquiis,
1030 1282 1060 1329 et
1073 1283 1144 1330 tau·

67 1374 101 1423 ta
125 1361 260 1436 laetitia,
299 1378 387 1441 quasi
419 1368 609 1437 praesentem
636 1358 847 1434 viventemque
867 1352 1054 1435 prophetam
1075 1375 1144 1412 cer-

67 1459 201 1521 nerent,
231 1453 452 1525 susceperuut,
487 1452 524 1498 ut
544 1439 582 1498 de
603 1438 776 1499 Palaestina
796 1458 894 1517 usquc
917 1437 1143 1497 Chalcedonam

68 1532 276 1612 jungerentur
306 1525 499 1608 populorum
521 1524 674 1596 examina,
697 1533 728 1582 et
746 1523 779 1581 in
800 1521 917 1580 Christi
940 1521 1060 1581 laudem
1081 1542 1142 1582 una

69 1634 148 1673 voce
179 1608 379 1672 resonarent?
421 1606 576 1668 Videlicet
606 1606 779 1667 adorabant
803 1605 988 1681 Sarutrelem,
1021 1619 1053 1666 et
1076 1626 1139 1666 nou
1152 1589 1317 1688 ,θ’ξᾟῇξζζη,

67 1696 244 1769 Christum,
272 1696 364 1775 cujus
394 1690 517 1753 Samuel
551 1705 582 1754 et
602 1693 707 1754 Levita
727 1703 759 1751 et
786 1689 954 1772 prophetes
976 1690 1055 1750 suist
1098 1684 1328 1777 Etffi’fffl*

69 1779 256 1860 quibusdam
284 1779 497 1861 interpositis:
530 1776 744 1838 Causabantur
760 1774 919 1857 quondam
937 1787 969 1834 et
982 1774 1137 1856 Apostoli,
1149 1799 1191 1826 nee
1210 1763 1316 1827 bnassu·

69 1862 160 1942 quod
189 1865 305 1946 periret
327 1867 537 1944 unguentum,
571 1860 625 1920 sed
646 1858 774 1921 Domini
800 1879 875 1920 voce
896 1862 1035 1942 correpti
1055 1870 1137 1919 suut.
1148 1840 1276 1931 illidii:
1294 1888 1313 1927 ⁷·

65 1946 175 2026 Neque
203 1948 283 2005 enim
315 1944 456 2007 Christus
487 1944 647 2027 indigebat
677 1956 853 2026 unguento,
896 1963 952 2002 uec
987 1943 1181 2018 martyrea¹²·

64 2029 178 2091 lumine
210 2050 385 2091 cereorum:
420 2041 571 2089 ettamen
601 2028 655 2089 illa
682 2028 793 2089 mulier
822 2026 999 2088 inhonore
1022 2026 1138 2087 Christi
1210 2036 1215 2047 '

63 2112 127 2173 hoc
151 2114 242 2190 lecit,
263 2113 458 2196 ,devotioque
478 2114 588 2174 mentis
611 2114 678 2193 ejus
699 2113 871 2195 recipitur:
905 2114 1138 2194 etquicunque
1180 2128 1188 2139 “

27 2204 30 2213 ’
62 2197 233 2259 accendunt
252 2218 379 2272 cereos,
411 2199 581 2259 secundum
600 2194 694 2258 fidem
713 2218 799 2258 suam
818 2195 935 2257 habeut
955 2197 1136 2273 mercedem,
1148 2187 1312 2273 nfflflfsss'm

63 2281 185 2342 dicente
208 2283 382 2364 Apostolos
419 2283 641 2362 Unusquisque
661 2284 693 2341 in
721 2302 778 2341 suo
800 2286 890 2341 sensti
913 2280 1060 2346 abundet.
1104 2281 1288 2373 l-partffl,

61 2365 234 2425 dololatras
256 2363 392 2445 appellas
413 2363 595 2442 hujusmodi
616 2364 774 2424 homiuesl
794 2365 865 2425 Non
887 2365 1042 2443 dill'rteor,
1064 2388 1132 2426 om·
1146 2345 1200 2427 0le
1215 2380 1254 2432 qur
1275 2383 1313 2416 as-

61 2470 117 2508 nes
141 2469 220 2523 nos,
254 2449 360 2527 quiin
382 2445 539 2505 Christum
560 2447 723 2521 credimus,
744 2447 783 2506 de
805 2412 1001 2509 idolthatriae
1024 2470 1132 2511 errore
1143 2430 1311 2522 ξξξζιῖἔὶξζᾷ.

61 2533 189 2590 venisse.
231 2530 302 2590 Nou
324 2531 403 2589 enim
419 2550 591 2603 nascimur,
611 2530 665 2589 sed
685 2530 874 2589 renascimur
895 2530 1079 2593 Christiani:
1103 2547 1134 2595 et
1144 2542 1196 2618 ’ξιξ
1211 2530 1296 2575 nutv·

63 2617 137 2695 quia
174 2614 330 2695 qnondam
359 2612 535 2673 colebamus
569 2612 674 2688 idola,
709 2634 793 2673 nuuc
817 2614 919 2673 Deum
945 2616 1049 2676 colere
1070 2592 1157 2677 ιιοι]1
1198 2606 1204 2618 ’

61 2699 232 2774 debemus,
253 2720 292 2758 ue
312 2697 404 2758 simili
427 2719 494 2756 eum
516 2697 675 2759 videamur
695 2719 765 2759 cum
787 2697 880 2758 idolis
900 2697 1023 2760 honore
1043 2722 1137 2760 vene
1168 2736 1173 2763 t

61 2781 150 2844 rarii
192 2779 392 2843 Illudfiebat
418 2782 520 2857 idolis,
545 2782 716 2844 etidcirco
739 2782 951 2843 detestandum
973 2798 1037 2866 est:
1072 2784 1134 2847 hoc

60 2865 100 2929 fit
125 2858 334 2944 martyribuQ
370 2879 400 2935 et
431 2868 550 2927 idcirco
573 2868 783 2948 recipiendum
815 2881 870 2928 est.
913 2869 990 2929 Nam
1013 2881 1044 2929 et
1065 2869 1138 2929 abs·

60 2973 123 3034 que
142 2965 310 3026 martyrum
336 2950 392 3011 reli
418 2953 476 3010 uiis
497 2971 554 3032 per
577 2963 657 3011 totas
685 2952 820 3013 Orientis
848 2952 1008 3029 ecclesias,
1039 2974 1135 3036 quan·

59 3037 103 3097 do
136 3035 299 3119 legendum
320 3049 366 3097 est
387 2973 608 3118 hagellum,
642 3034 852 3096 accenduntur·
883 3036 1045 3099 luminaria
1070 3041 1082 3119 j
1106 3031 1310 3125 mffiljffifllr'

57 3120 125 3183 solc
154 3120 319 3196 rutilante,
351 3140 415 3180 non
447 3122 553 3202 utique
585 3118 625 3180 ad
658 3121 805 3204 fugandas
828 3122 987 3199 tenebras,
1018 3123 1072 3185 sed
1094 3121 1132 3185 ad
1142 3131 1307 3224 pq'pqaqu

58 3207 180 3288 signum
217 3204 350 3266 laetitiae
384 3205 666 3265 demonstrandum.
718 3205 806 3264 Unde
833 3220 864 3265 et
896 3209 1028 3290 virgines
1061 3206 1194 3276 illac-³,

55 3289 258 3372 Evangelicae
288 3311 408 3372 semper
436 3288 553 3350 habeut
577 3309 716 3349 accensas
744 3290 896 3373 lampades
918 3313 1007 3353 suas:
1041 3305 1072 3352 et
1092 3293 1131 3352 ad
1141 3284 1308 3374 ξζξρζῗὲῇξς,

55 3373 228 3455 Apostolos
258 3374 391 3434 dicitur:
428 3373 497 3433 Sint
524 3371 622 3432 lumbi
645 3375 736 3434 vestri
759 3377 945 3457 praecincti,
980 3388 1011 3436 ct
1033 3375 1130 3455 lueer-

55 3478 115 3517 nae
146 3459 286 3518 ardentes
318 3461 350 3518 iu
383 3458 524 3520 manibus
551 3459 669 3518 vestris.
712 3459 754 3518 Et
777 3459 815 3519 de
836 3461 954 3519 loanue
975 3460 1128 3543 Baptista:
1287 3524 1296 3536 ‚

55 3541 115 3601 lile
148 3555 215 3603 erat
250 3543 389 3609 lucerua,
410 3543 522 3602 ardeus
552 3555 582 3603 ct
612 3541 733 3603 lucens:
769 3556 803 3604 ut
824 3544 883 3602 sub
907 3558 983 3626 typo
1004 3532 1127 3606 luminis
1139 3522 1305 3623 biiiiffo'iii'?

54 3626 232 3708 corporalis
250 3627 302 3687 illa
323 3626 372 3687 lux
395 3627 590 3702 ostendatur,
613 3627 651 3686 de
675 3648 735 3708 qua
756 3629 787 3686 in
810 3629 963 3689 Psalterro
984 3625 1216 3712 legimusflgffl
1237 3629 1304 3657 ‘²⁰⁰'

54 3709 195 3771 Lucerna
219 3711 351 3791 pedibus
373 3713 446 3771 meis
467 3710 597 3771 verbum
623 3726 708 3773 tuum
734 3713 886 3789 Domine,
909 3727 939 3774 et
961 3713 1062 3774 lumen
1080 3719 1304 3803 εε-Τμωυῑῑᾞξ·

54 3788 137 3855 mitis
165 3797 249 3856 meis.
303 3795 384 3855 Male
410 3797 485 3856 facit
506 3818 580 3879 ergo
600 3797 754 3857 Romanus
786 3798 978 3880 Episcopus,
999 3803 1054 3880 qui
1076 3821 1128 3861 su·
1138 3780 1225 3862 illl:
1234 3781 1304 3854 '21:2-

55 3896 113 3959 per
140 3891 338 3941 mortuorum
358 3878 518 3941 hominum
550 3882 636 3943 Petri
673 3895 704 3942 et
728 3882 839 3958 Pauli,
872 3883 1041 3943 secuudum
1070 3872 1180 3947 uosm·

57 3981 126 4041 ossa
145 3965 341 4041 veneranda,
363 3965 532 4025 secundum
553 3979 583 4027 te
603 3966 694 4049 vilem
716 3967 932 4043 pulvisculum,
954 3968 1046 4029 offert
1060 3971 1129 4031 Do·

55 4046 140 4106 mino
165 4046 314 4116 sacrificia
342 4062 373 4109 et
387 4050 524 4113 tumulos
543 4072 649 4112 eorum
674 4050 790 4111 Christi
813 4051 986 4113 arbitratur
998 4054 1128 4113 altaria?

54 4128 100 4188 Et
132 4151 194 4193 uou
220 4131 322 4195 solum
349 4137 440 4196 unius
477 4135 587 4205 urbis,
626 4135 679 4194 sed
701 4138 799 4195 totius
825 4137 1013 4219 orbiscraut
1035 4137 1129 4218 Epis·

52 4216 149 4296 copi,
177 4219 232 4298 qui
255 4239 425 4301 cauponem
456 4218 657 4303 vigilantium
672 4231 926 4297 contemnentes,
946 4220 1128 4305 ingrediun-

53 4311 109 4361 tur
123 4298 268 4367 bssilicas
286 4316 501 4389 mortuorum,
534 4305 566 4365 in
589 4303 705 4388 quibus
727 4303 827 4393 pulsis
848 4305 1011 4369 vilissimus
1033 4318 1063 4367 et
1081 4304 1129 4372 la·
