2768 4762
144 386 146 391 ·
256 374 338 447 toa
514 312 1081 427 parassemus

260 551 382 617 reddita
401 547 542 625 ratione,
571 546 760 608 auctoritate
778 540 846 607 sola
866 558 922 606 tua
937 562 997 606 nos
1015 541 1153 606 voluisse
1165 541 1347 626 admonere,

259 660 300 700 ne
323 633 462 696 sabbato
491 633 726 714 jejunaremus,
748 627 932 689 subsecutus
950 642 1014 703 est,
1035 644 1065 690 et
1088 632 1132 690 ait
1152 629 1253 689 mibi:
1278 632 1350 694 Cum

260 724 389 785 Romam
406 720 517 794 venio,
538 718 649 797 jejuno
672 713 828 775 Sabbato:
852 733 921 773 eum
943 712 996 775 bic
1021 736 1105 790 sum,
1137 735 1205 775 non
1231 717 1349 797 jejuno.

263 808 317 868 Sic
339 807 428 865 etiam
452 816 507 879 tu,
529 802 568 860 ad
592 821 684 881 quam
709 800 792 859 forte
814 797 986 858 Ecclesiam
1008 800 1150 875 veneris,
1186 802 1264 881 ejus
1287 824 1350 864 mo·

262 886 329 951 rem
357 908 462 963 serva,
499 887 524 945 si
560 885 695 967 cuipiam
715 904 779 943 non
802 885 846 942 vis
869 904 933 943 esse
957 883 1125 959 scandalo,
1163 904 1227 944 nec
1245 908 1349 966 quent-

263 995 357 1055 quam
378 972 446 1032 tibi.
506 970 576 1029 Hoc
598 990 668 1028 cum
689 969 778 1027 matri
803 970 1046 1046 renuntiassem,
1069 968 1209 1028 libenter
1240 972 1352 1054 ample·

262 1079 300 1121 xa
324 1071 380 1121 est.
423 1055 492 1137 Ego
513 1074 588 1115 vero
612 1052 651 1113 de
674 1051 732 1113 hac
752 1054 902 1113 sententia
924 1056 1015 1117 etiam
1034 1065 1131 1134 atque
1153 1056 1254 1115 etiam
1271 1060 1352 1140 cogi.

263 1155 351 1218 tans,
386 1145 429 1200 ita
459 1159 579 1221 semper
607 1134 727 1217 habui,
769 1148 918 1219 tanquam
954 1158 1019 1199 eam
1056 1137 1184 1198 caelesti
1225 1143 1351 1204 oraculo

267 1246 465 1308 susceperim.

348 1344 378 1400 3.
420 1330 531 1390 IDEM
551 1327 742 1412 Augustinus
763 1330 796 1389 in
820 1349 868 1413 ep.
892 1341 944 1398 86.
963 1329 1003 1392 ad
1027 1328 1175 1395 Casulau.
1199 1333 1349 1421 presbyt,

265 1416 346 1481 idem
376 1417 490 1501 repetit
510 1416 545 1482 B.
566 1413 725 1475 Ambrosii
750 1434 943 1499 responsum.
1041 1464 1045 1469 .

758 1639 844 1721 Vll.

268 1820 379 1931 Quid
420 1850 521 1906 vero
563 1798 614 1905 de
643 1820 694 1904 iis
723 1818 1016 1927 judicandum,
1051 1819 1126 1935 qui
1146 1823 1348 1911 Ecclesiae

295 1960 536 2043 traditiones
554 1960 797 2075 repudiant,
823 1974 870 2043 ac
887 1992 962 2076 pro
983 1958 1116 2044 nihilo
1135 1961 1325 2048 babent?

251 2128 255 2133 ’
361 2116 407 2219 il.
457 2146 535 2218 Hos
572 2144 726 2218 verbum
765 2142 837 2214 Dei
869 2127 1064 2242 redarguit
1093 2170 1134 2218 ao
1166 2145 1348 2237 damnat,

89 2274 353 2377 pfflffgsscum
377 2267 600 2341 traditiones
626 2266 906 2340 ¹0bserrandas
938 2295 1024 2341 esse
1044 2268 1236 2355 decernit,
1267 2298 1342 2345 cum

90 2388 213 2499 {stema
227 2378 376 2495 rejubel
405 2396 418 2436 ²
435 2391 645 2465 Ecclesiam
675 2389 828 2476 audire,
866 2409 904 2464 et
925 2395 1202 2493 Apostolorum
1222 2397 1333 2469 Senio·

89 2490 202 2627 23:233}
224 2533 257 2571 ¹⁵·
269 2542 425 2615 rumque
447 2514 461 2560 ³
470 2531 672 2613 praecepta
704 2514 905 2588 custodire.
965 2518 1138 2594 Verbum
1177 2520 1251 2593 Dei
1279 2506 1339 2607 est,

87 2651 207 2744 pfflp
221 2654 256 2743 gg
268 2643 371 2741 quod
388 2640 541 2737 subjicit
560 2664 630 2749 upa
653 2636 931 2737 magistratibus
959 2666 1043 2713 eum
1055 2643 1341 2743 'politicistum

85 2757 581 2895 {laicam⁶ecclesiasticis,
621 2762 826 2836 modestis⁸
860 2760 964 2861 juxta
981 2761 1025 2837 'et
1050 2765 1228 2866 dyscolis
1244 2791 1342 2868 prop·

87 2908 148 2993 ,33¹-
162 2897 324 2960 ‘'t-*tar
341 2888 655 2961 ’conscientiam
689 2885 767 2959 vult
787 2882 937 2957 illorum
957 2888 1104 2986 legibus
1123 2909 1167 2965 et
1183 2916 1340 2965 reveren.

86 3052 238 3141 samm
265 3013 378 3085 tiam⁸
408 3029 445 3084 ct
474 3009 724 3085 obedientiam
747 3006 887 3081 deferri
917 3013 1124 3087 maximams
1187 3013 1339 3093 obedite,

101 3004 123 3043 7)
138 2994 203 3036 Rom.
223 3000 254 3038 tt.

84 3151 119 3238 p
140 3144 198 3183 ¹¹⁸³·
222 3135 405 3234 ¹³·i11quit‚
432 3140 444 3176 ⁹
458 3134 677 3228 praepositis
702 3135 854 3222 vestris,
883 3143 920 3207 et
945 3133 1136 3237 subjacete
1164 3136 1241 3207 eis:
1271 3139 1339 3209 Om-

82 3283 230 3383 2232¹¹¹²h
265 3261 351 3349 nia,
377 3265 652 3353 ¹⁰quuecunque
672 3255 839 3328 dixerint
852 3260 974 3338 vobis,
999 3269 1151 3332 servate
1168 3256 1337 3358 etfacite:

263 3384 472 3454 secundum
496 3406 609 3475 opera
632 3405 718 3453 vero
739 3405 869 3452 eorum
895 3383 1011 3453 nolite
1023 3376 1175 3478 jacere.

364 3507 406 3575 B.
458 3506 698 3606 Quapropter
734 3502 796 3575 isti
834 3528 912 3575 non
944 3521 1019 3576 tam
1042 3504 1227 3579 homines
1254 3527 1336 3608 aper·

207 3656 212 3668 ·
261 3645 376 3712 nunt,
401 3631 554 3729 “quain
600 3630 721 3699 Deum
758 3625 1104 3728 ipsumoptimum
1139 3631 1337 3711 maximum,

80 3770 373 3889 ¹'artiupiqopquem
406 3752 446 3823 in
481 3750 743 3851 ¹²Apostolis,
788 3774 991 3848 eorumque
1025 3755 1338 3827 ¹³successortta

80 3880 236 3967 ‘lilim
261 3876 391 3948 audire
427 3902 471 3951 ac
509 3874 669 3947 revereri
710 3898 801 3946 sune
828 3874 1039 3973 oportebat.
1091 3874 1222 3973 igitur
1247 3878 1341 3981 plant

78 3977 374 4079 il'e²la.¹li.¹⁸'rcrbo
410 3999 483 4071 Dei
530 3998 731 4081 resistunt,
781 3995 869 4067 dum
904 3997 1084 4097 potestati
1129 4015 1171 4073 et
1210 4004 1344 4077 ordina·

93 4079 102 4113 t
137 4070 169 4111 ci·
188 4079 246 4108 nan.

78 4076 354 4256 lllldlllss'lwni
392 4122 465 4192 Dei
497 4121 702 4205 resistunt,
750 4135 788 4191 et
830 4118 920 4192 hino
954 4119 1030 4195 sibi
1067 4118 1344 4203 damnationem

77 4225 116 4254 ani
155 4227 232 4275 uppa-

76 4264 207 4305 nunnmr
225 4243 477 4344 anquirunt,
515 4243 550 4318 ai
581 4242 699 4319 Paulo
719 4241 957 4319 “credimus

75 4317 109 4358 tt·
134 4313 233 4358 constit·
