2768 4762
271 366 350 469 aas
566 386 646 457 na·
668 386 927 459 enarrare
959 392 1025 467 nr

270 573 617 651 idolorum-dormiens,
638 573 696 635 ubi
717 579 821 641 stratis
842 577 976 661 pellibus
998 575 1171 641 hostisiam
1193 583 1344 647 incubare

143 714 145 718 ,
270 661 356 721 soliti
385 671 494 735 erant,
524 670 560 719 ut
591 661 718 722 somniis
754 663 863 724 futura
896 676 1118 746 cognoscerent
1143 678 1200 725 etc.
1245 667 1288 729 Et
1310 672 1343 731 in

91 747 391 849 v¹1¹4t¹ffi2tlsslngttantum
418 746 617 829 procacitatis
651 766 686 805 ae
719 747 884 829 superbiae
904 759 1066 830 augmenta
1088 738 1275 829 bnpiebant,
1308 768 1344 816 ut

90 847 260 908 rugianoru-
272 831 452 912 quicunque
472 851 538 891 nou
558 829 651 889 simili
674 829 840 893 duceretur
859 852 990 907 errore,
1020 853 1089 893 eum
1110 832 1342 905 arbitrarentur

87 904 216 1001 mm„
225 911 481 992 ¹¹1.imxuundum,
516 927 754 997 contactumque
787 918 856 998 ejus
886 917 1046 1001 lugerent:
1081 919 1342 998 quemadmodum

88 997 179 1086 32¹2ss
180 1008 260 1086 si‘iiss
271 1000 454 1060 Samaritani
486 1012 533 1061 et:
549 979 658 1059 luda'ei
688 1000 780 1063 nobis
814 1001 953 1079 faciunt,
986 1022 1154 1084 omnesque
1176 1003 1341 1068 baeretici:

86 1094 229 1149 graduum.
270 1083 376 1166 quales
398 1105 499 1166 nuper
520 1083 579 1144 sub
601 1086 748 1167 magistro
770 1084 936 1147 cerebroso
954 1087 986 1145 in
1009 1084 1110 1147 Gallia
1133 1087 1340 1170 pullularunt,

271 1172 326 1250 qni
347 1168 488 1231 basilicas
510 1174 679 1245 mai-tyrum
701 1169 906 1245 declinantes,
939 1190 1013 1247 nos,
1037 1173 1094 1252 qui·
1114 1171 1157 1231 ibi
1180 1177 1340 1236 orationes

90 1290 153 1347 aare
176 1273 304 1333 ,mex
324 1274 411 1314 more
433 1253 643 1329 celebramus,
667 1256 755 1335 quasi
777 1256 951 1315 immundos
973 1256 1105 1340 fugiunt.
1148 1256 1216 1316 Hoc
1239 1273 1341 1321 autem

87 1303 191 1427 {mtffllr
217 1341 242 1383 ta
266 1359 329 1398 non
366 1351 429 1399 tam
459 1338 506 1399 illi
536 1340 652 1399 faciunt
665 1383 674 1415 ‚
713 1360 803 1420 quam
834 1339 1006 1400 habitantes
1038 1341 1073 1398 iu
1099 1341 1141 1399 eis
1163 1340 1339 1420 daemones,

98 1395 183 1430 ’θυι
265 1423 481 1485 fortitudinem
500 1435 531 1483 ct
555 1422 672 1499 flagella
697 1426 793 1485 sancti
820 1426 930 1483 cineris
948 1445 1011 1485 non
1030 1423 1172 1485 serentes.

347 1520 378 1577 4.
421 1509 645 1569 SECUNDUM
667 1508 778 1567 concil.
810 1508 876 1568 Nic.
907 1506 1213 1575 act.7.Indes1nit
1239 1513 1337 1594 ipsius

264 1591 403 1668 Synod.:
433 1596 497 1670 Qui
527 1595 592 1653 ausi
625 1593 741 1653 suerint
769 1593 854 1653 aliud
874 1595 1007 1669 sentire,
1040 1606 1095 1653 aut
1124 1595 1260 1672 docere,
1280 1610 1336 1657 aut

109 1701 222 1760 inagna.
262 1697 349 1738 more
371 1681 537 1762 impiorum
559 1678 788 1737 haereticorum
811 1677 1027 1745 ecclesiastices
1057 1678 1240 1740 traditiones
1257 1701 1334 1740 con·

84 1755 252 1845 ξζξξζξξξξξξζ
262 1766 428 1841 taminare,
469 1776 524 1824 aut
555 1784 665 1824 novam
700 1762 853 1842 quandam
879 1761 1142 1844 vaniloquentiam
1175 1764 1330 1841 inducere,

82 1846 177 1929 “apiu-
261 1860 314 1908 aut
335 1847 565 1931 quidquamde
586 1850 772 1907 consecratis
794 1850 825 1906 in
848 1846 986 1907 Ecclesia
1007 1845 1161 1927 abjicere,
1192 1848 1336 1931 Evange-

260 1931 295 1992 lii
326 1938 451 2015 Inquam
485 1932 640 2015 depictum
671 1931 831 2007 codicem,
866 1944 920 1992 aut
951 1929 1082 2012 figuram
1114 1931 1246 2003 Crucis,
1280 1945 1337 1993 aut

260 2018 397 2099 imaginis
430 2016 562 2097 alicujus
590 2019 764 2097 picturam,
797 2028 855 2074 aut
872 2014 1017 2096 reliquias
1039 2017 1228 2090 Martyrum,
1253 2038 1335 2097 quas

259 2103 405 2161 sciverint
426 2122 489 2162 esse
523 2120 679 2182 germanas
713 2111 872 2174 etseras,
908 2112 962 2160 aut
983 2112 1090 2160 eontra
1111 2101 1167 2160 ista
1188 2100 1274 2159 vasre
1299 2115 1334 2161 et

259 2183 402 2266 improbe
424 2185 543 2267 aliquid
566 2185 757 2266 excogitare,
781 2183 867 2264 quod
886 2185 926 2244 sit
947 2197 1056 2251 contra
1074 2185 1333 2245 constitutionem

260 2268 511 2330 eeclesiasticam:
535 2285 588 2329 ant
611 2270 657 2327 uti
681 2281 826 2350 tanquam
848 2268 1071 2338 communibus,
1082 2269 1205 2328 sacratis
1226 2268 1329 2344 DEO,

258 2356 407 2435 repositis
438 2355 598 2437 pretiosis,
632 2366 685 2412 aut
714 2355 905 2413 monasteriis
939 2352 1131 2413 reverendis:
1163 2351 1327 2411 siluerint

257 2439 408 2521 Episcopi
437 2452 492 2500 aut
524 2439 657 2514 Clerici,
700 2438 923 2521 deponuntor,
958 2440 985 2498 si
1006 2436 1149 2497 monachi
1171 2448 1225 2495 aut
1247 2437 1328 2515 laici,

256 2527 474 2587 communione
496 2516 668 2606 privantci.

220 2672 223 2676 A
337 2608 381 2667 IN
402 2608 468 2669 ead.
492 2609 609 2684 Synod.
633 2619 690 2667 aet.
712 2621 742 2674 5.
766 2607 845 2667 lecta
875 2616 920 2663 est
942 2606 1030 2685 epist.
1052 2605 1172 2666 Orient.
1194 2602 1328 2686 Episco-

254 2711 325 2774 por.
348 2693 386 2752 ad
407 2693 534 2753 Tbaras.
559 2693 793 2775 Coxqstantinop.
828 2687 1121 2770 A1·cbicp.,1quam
1142 2704 1245 2749 sancta
1267 2689 1327 2764 Sy-

140 2849 165 2860 ..
254 2777 354 2836 nodus
387 2777 591 2860 approbavit,
624 2777 678 2835 ubi
708 2777 783 2834 baec
811 2773 905 2834 verba
929 2772 1093 2856 leguntur:
1129 2773 1326 2854 Apostolicas

78 2848 412 2921 Tratlltl⁰l1’‘'·Ecclesiae
436 2864 637 2935 traditiones,
661 2859 775 2941 quibus
808 2859 964 2920 veneratio
987 2848 1169 2939 culturaqu'e
1193 2858 1327 2919 Sancto·

78 2901 162 2938 stolica
189 2901 216 2938 do

77 2944 214 3008 ⁸³¹¹⁶¹⁰t¹¹¹¹¹
254 2966 322 3002 rum
347 2947 497 3022 docetur,
520 2948 685 3028 recipimus
708 2958 738 3004 et
758 2964 947 3004 veneramur.
1001 2943 1064 3002 Eos
1087 2955 1188 3002 autem
1210 2955 1246 3001 ut
1266 2965 1327 3001 mi·

74 3004 230 3046 'mmmm'
253 3032 378 3106 nistros,
402 3037 524 3105 amicos,
548 3043 578 3089 et
599 3030 679 3090 lilios
703 3029 777 3089 DEI
799 3031 968 3101 existentes,
984 3024 1189 3097 &inuramus
1212 3028 1326 3087 Honor

150 3140 158 3148 ·
252 3116 352 3190 enim,
376 3118 430 3196 qui
454 3136 470 3174 a
492 3117 646 3176 conservis
669 3113 748 3173 idem
770 3111 970 3174 sentientibus
998 3112 1127 3170 invicem
1149 3110 1323 3188 exhibetur,

72 3195 399 3288 'ffffgjffimindicium
439 3213 484 3261 est
524 3198 754 3258 benevolentiae
787 3219 857 3280 erga
891 3197 1068 3260 Dominum.
1130 3197 1210 3255 Sunt
1243 3199 1325 3255 enim

209 3275 216 3288 ⁶
250 3286 465 3365 promptuaria
487 3284 561 3342 DEI
593 3296 623 3342 et
645 3302 725 3364 pura
748 3281 909 3342 CHRISTI
937 3278 1133 3355 habitacula,
1169 3280 1326 3362 Spiritus-

251 3389 311 3448 que
333 3371 429 3428 sancti
452 3368 643 3426 immaculata
678 3366 811 3448 specula.
856 3367 941 3440 Quin
963 3368 1052 3425 etiam
1074 3368 1190 3424 animae
1213 3386 1325 3425 eorum

73 3456 199 3519 ⁸·r·s‚a.
251 3453 282 3510 in
304 3473 396 3510 manu
421 3453 495 3512 DEI
517 3455 670 3519 existunt,
704 3464 740 3510 ut
760 3454 912 3533 scriptum
932 3462 984 3508 est·
1030 3449 1138 3508 DEUS
1158 3451 1238 3508 enim
1260 3453 1324 3512 vita

70 3555 197 3617 rannus.
251 3537 401 3608 existens,
427 3558 497 3595 cum
518 3537 622 3595 Sancti
645 3538 675 3593 in
698 3535 772 3594 DEI
796 3556 887 3594 maim
909 3536 991 3602 sint,
1015 3533 1045 3591 in
1067 3531 1130 3594 rita
1150 3546 1181 3593 et
1207 3531 1324 3594 lumine

69 3607 227 3697 ,offfJ;‘¹¹¹J33,
250 3639 407 3679 necessum
428 3633 493 3696 est,
516 3632 552 3678 ut
575 3623 712 3680 existant.
755 3619 797 3679 Et
818 3620 861 3677 ob
885 3619 916 3676 id
939 3626 1076 3697 pretiosa
1096 3618 1129 3687 in
1150 3632 1324 3699 conspectu

70 3704 238 3795 fflffigngp·
249 3700 375 3762 Domini
408 3725 492 3765 mors
523 3704 708 3764 Sanctorum
744 3705 821 3784 ejus.
875 3701 915 3761 Hi
937 3703 1087 3777 viventes,
1120 3703 1152 3761 in
1175 3700 1322 3763 libertate

69 3786 337 3854 ‹saprasitmeDEO
359 3786 552 3849 adstiterunt.
596 3787 743 3848 Servator
763 3799 868 3847 noster
892 3785 1087 3846 CHRISTUS
1110 3786 1212 3846 sontes
1232 3786 1322 3846 salu·

248 3881 353 3945 tares,
393 3871 576 3934 Sanctorum
610 3873 755 3954 reliquias
784 3871 874 3933 nobis
904 3870 1051 3951 reliquit,
1087 3870 1190 3931 multis
1218 3872 1320 3933 modis

246 3950 395 4014 beneficia
417 3959 449 4016 in
474 3957 590 4018 debiles
613 3958 796 4034 fundentes,
816 3967 1007 4040 unguentum
1028 3953 1196 4016 redolentis
1215 3958 1321 4017 suavi-

65 4029 235 4135 ,ffllffilm
245 4040 317 4098 tatis
349 4044 559 4101 scaturientes.
623 4044 665 4102 Et
694 4054 730 4102 ut
762 4044 863 4122 inquit
895 4061 1020 4122 magnus
1041 4042 1181 4113 Doctor,
1204 4042 1255 4100 cni
1276 4039 1318 4101 ab

243 4124 473 4185 immortalitate
505 4146 616 4186 nomen
646 4139 708 4202 est,
747 4138 916 4201 martyrum
949 4147 1018 4189 ossa
1045 4124 1173 4186 morbos
1195 4125 1317 4207 fugant,

242 4205 373 4271 infirmis
394 4210 605 4286 medicantur,
629 4213 726 4272 caecis
747 4212 845 4270 visum
867 4212 1059 4290 impartiunt,
1085 4208 1185 4290 lepras
1208 4228 1320 4270 eruum

240 4292 342 4369 dant,
381 4298 565 4358 tentationes
597 4308 630 4358 et
667 4314 825 4358 moerores
863 4294 998 4358 solvunt.
1052 4293 1159 4378 Atque
1189 4293 1226 4357 id
1254 4310 1330 4380 per,
