2768 4762
257 386 335 469 ιω
479 324 1101 461 υΕωυΤΑτιοΝὲ

251 585 320 648 pro
353 566 420 648 ipsa
441 563 552 626 domus
573 565 673 647 exigat
697 563 866 646 pensione,
887 558 949 646 pro
971 563 1068 646 ipsius
1086 565 1167 625 uteri
1190 567 1337 635 mercede

83 673 145 715 asar.
164 667 212 717 aas,
226 676 246 714 s.
261 651 444 732 conquirat,
470 662 502 711 et
518 647 643 733 impleat
659 646 736 724 illud
760 646 957 730 Prophetae:
976 648 1060 708 Eece
1074 646 1249 729 haereditps
1264 652 1341 714 Do-

82 723 247 811 {fff'⁰''‘¹¹'
260 734 336 794 mini
358 731 434 810 filii,
456 752 574 794 merces
597 732 719 792 fructus
739 733 866 791 ventris.
908 731 1030 792 Deinde
1051 747 1139 793 serm.
1163 747 1258 803 m:
1292 737 1343 796 Ae·

261 819 306 903 git
334 838 404 879 eum
426 813 559 879 Malata
578 814 712 899 Angelus
735 814 774 875 de
794 815 908 890 salute,
930 819 1004 897 quia
1033 836 1103 877 cum
1121 818 1185 879 Eva
1211 819 1341 902 angelus

261 915 366 985 egerat
380 901 419 962 de
441 902 540 962 ruina.
583 899 664 960 Ante
681 920 801 960 eausam
817 899 949 983 dignitas
974 901 1102 984 virginis
1136 907 1341 965 annuntiatur

84 999 194 1048 usum.
262 1007 298 1047 eu
321 987 468 1051 nomine:
490 985 559 1047 nam
580 983 713 1043 MARIA
739 983 881 1044 Hebraeo
902 1005 1061 1062 sermone,
1094 985 1202 1046 Latine
1235 987 1342 1049 domi·

263 1090 303 1130 na
324 1062 538 1153 nuncupatur.¹
588 1066 631 1127 Et
656 1088 745 1142 serm.
778 1075 868 1140 Μῶα
898 1068 961 1129 Ave
984 1070 1082 1153 gratia
1110 1063 1211 1152 p'lena.
1256 1072 1343 1148 Quia

264 1155 311 1214 sin
356 1152 392 1213 lis
410 1155 508 1236 gratia
533 1173 565 1212 se
588 1163 635 1212 est
654 1149 764 1234 largita
784 1173 840 1234 per
861 1165 986 1234 partes,
1019 1151 1179 1213 MARIAE
1201 1175 1276 1217 vero
1297 1159 1344 1216 si-

86 1235 170 1275 ΨΜ·
184 1243 203 1282 ¹·
219 1175 383 1313 ¹⁶·muluse
405 1248 502 1297 totam
520 1232 607 1296 dedit
644 1237 738 1296 retiae
754 1235 929 1318 plenitudo.
974 1237 1098 1312 Omnes,
1120 1239 1152 1296 in
1176 1239 1344 1300 nitEvan-

264 1319 393 1406 gelista,
435 1319 473 1381 de
499 1256 691 1402 plenitudine
715 1321 784 1400 ejus
818 1321 1014 1402 accepimus:
1054 1319 1136 1380 Vere
1155 1261 1338 1401 benedicta,

263 1425 341 1487 qnae
374 1405 434 1465 fuit
463 1405 566 1485 major
593 1403 694 1479 caelo,
728 1404 846 1464 fortior
877 1418 980 1481 terra,
1017 1404 1094 1465 orbe
1117 1405 1239 1468 latior:
1267 1428 1341 1469 nam

261 1490 383 1562 Deum,
428 1510 519 1571 quem
549 1487 682 1547 mundus
720 1508 783 1548 non
812 1488 904 1569 capit,
938 1486 1020 1549 sola
1053 1491 1144 1572 cepit
1197 1490 1342 1553 Portavit

261 1574 381 1650 Deum,
413 1575 466 1655 qui
495 1584 604 1655 portat
621 1570 745 1632 orbem:
777 1573 884 1655 genuit
905 1573 1076 1658 genitorem
1101 1590 1211 1653 suum,
1232 1578 1340 1637 nutri-

159 1690 162 1695 >
262 1658 308 1718 vil
330 1659 467 1718 omnium
499 1657 887 1721 viventiummutritorem.

346 1755 375 1809 o.
419 1739 664 1801 BERNARDUS
691 1738 774 1798 hom.
801 1753 831 1807 ὅ.
850 1739 888 1800 de
911 1734 993 1802 laud.
1018 1737 1338 1827 Virg.sup.1lrang.

88 1838 169 1881 seror.
178 1841 227 1884 ss
263 1815 375 1891 Missus
391 1837 515 1900 estete,
529 1822 585 1882 ubi
598 1823 730 1906 explieat
741 1823 907 1906 angelicam
919 1822 1143 1902 salutationem,
1153 1839 1243 1907 atque
1258 1830 1340 1889 inter

264 1922 386 1971 caetera
417 1910 459 1968 ita
487 1909 616 1967 scribit:
658 1906 800 1990 Legimus
835 1910 867 1992 ip
901 1906 1021 1969 actibus
1052 1907 1277 1990 Apostolorum
1304 1925 1338 1972 et

89 2022 254 2077 pungne..
266 1989 456 2076 Stephanum
478 1990 603 2074 plenum
627 1993 747 2073 gratia,
771 2003 802 2051 et
816 1990 986 2074 Apostolos
1008 1992 1097 2052 luisse
1122 1992 1256 2076 repletos
1271 1998 1339 2078 spi-

218 2146 221 2155 ,
266 2079 331 2141 ritu
367 2087 498 2136 sancto:
528 2073 582 2134 sed
611 2074 704 2159 longe
740 2074 929 2135 dissimiliter
960 2074 1136 2141 aMAllIA.
1182 2077 1337 2160 Alioquin

265 2182 321 2221 nec
341 2163 371 2219 in
388 2158 443 2220 illo
465 2156 615 2219 habitavit
627 2159 790 2241 plenitudo
802 2159 971 2222 divinitatis
986 2160 1203 2242 corporaliter,
1227 2183 1339 2243 quem·

264 2245 431 2305 admodum
459 2245 491 2302 in
524 2245 644 2304 Maria:
671 2242 804 2304 necilli
826 2251 1037 2326 conceperunt
1058 2243 1095 2303 de
1111 2246 1224 2328 spiritu
1246 2267 1340 2306 sauc-

263 2342 320 2406 to,
350 2327 512 2412 quomodo
539 2327 647 2387 Maria.
697 2326 785 2405 Quid
822 2330 950 2404 mirum,
982 2329 1008 2387 si
1030 2329 1128 2412 gratia
1147 2327 1237 2411 plena
1255 2344 1334 2404 erat,

264 2430 333 2473 cunr
354 2433 416 2495 qua
441 2413 592 2472 Dominus
617 2411 706 2471 eratl
746 2409 910 2473 Praevenit
925 2432 1016 2472 suurn
1045 2418 1186 2473 nuntium
1210 2412 1248 2472 ad
1271 2417 1341 2473 vir-

262 2500 384 2583 ginem,
405 2517 497 2578 quam
524 2507 699 2572 amaverat,
722 2516 814 2578 quam
835 2495 895 2557 sibi
915 2494 1058 2581 elegerat,
1080 2495 1170 2578 cujus
1190 2497 1335 2560 decorem

262 2583 487 2664 concupieratt
508 2582 628 2641 Merito.
644 2591 746 2639 autem
766 2581 946 2663 concupivit
966 2601 1020 2641 reu
1035 2581 1178 2642 decorem
1197 2584 1337 2665 virginis.

262 2667 393 2728 Fecerat
402 2669 491 2740 enim,
518 2662 673 2745 quidquid
694 2662 786 2748 longe
805 2677 893 2726 antea
908 2666 1099 2747 praemonita
1122 2665 1257 2727 lucrata
1279 2687 1338 2748 pa-

88 2736 249 2801 ⁹l¹¹⁰·²⁸'¹¹·
261 2763 310 2810 tre
334 2771 392 2811 suo
410 2747 530 2823 David,
561 2746 682 2808 dicente
699 2747 783 2808 sibi:
812 2747 894 2808 Audi
915 2744 994 2825 filia,
1013 2760 1048 2809 et
1068 2748 1154 2825 vide,
1177 2763 1209 2810 et
1223 2748 1338 2810 inclina

262 2855 368 2895 aurem
398 2844 502 2906 tuam,
539 2843 570 2892 et
589 2831 772 2893 obliviscere
790 2831 944 2918 populum
965 2826 1104 2894 tuum'et
1130 2833 1257 2893 domum
1281 2855 1340 2918 pa-

261 2920 319 2979 tris
351 2918 408 2977 tui.
462 2915 505 2975 Et
540 2918 565 2976 si
589 2914 651 2977 hoc
686 2916 817 3001 feceris,
866 2920 1064 2998 concupiscet
1100 2938 1153 2978 rex
1192 2917 1338 2979 decorem

210 3007 221 3031 ⁶
248 3014 373 3063 tuum:
394 2998 557 3060 Inclinarit
574 3020 677 3060 aurem
697 3020 783 3060 suam
802 2999 842 3060 ad
860 2999 1083 3078 obedientiam,
1112 3014 1143 3062 et
1165 3022 1222 3063 cor
1246 3023 1339 3063 snum

263 3084 304 3146 ad
341 3082 554 3168 disciplinam,
589 3096 620 3144 et
655 3082 754 3144 oblita
790 3096 836 3146 est
864 3077 1018 3169 populum
1044 3106 1132 3146 suum
1157 3097 1195 3145 et·
1209 3085 1337 3146 domum

263 3170 360 3254 patris
384 3170 456 3228 sui:
490 3169 564 3249 quia
584 3186 639 3231 nec
664 3166 819 3250 populum
850 3190 945 3228 suurn>
960 3189 1071 3253 augere
1095 3168 1195 3251 prolis
1214 3191 1339 3231 succes-

262 3256 370 3328 sione,
399 3272 455 3311 nec
484 3251 590 3310 domui
613 3253 778 3333 patrissui
806 3252 984 3336 relinquere
1012 3255 1132 3314 curarit
1150 3252 1337 3314 haeredem:

263 3336 318 3399 sed
342 3334 498 3418 quidquid
515 3332 646 3394 honoris
666 3337 698 3394 iu
719 3336 862 3419 populo,
893 3338 1048 3420 quidquid
1070 3337 1108 3397 de
1129 3350 1258 3420 paterna
1276 3338 1338 3398 do-

263 3442 315 3500 mo
334 3440 437 3481 rerum
456 3430 649 3479 terrenarum
671 3417 787 3481 habere
799 3423 972 3506 potuisset,
994 3422 1097 3482 omnia
1122 3420 1270 3482 arbitrata
1291 3434 1339 3481 est

263 3518 299 3567 ut
317 3515 473 3579 stercora,
495 3510 531 3562 ut
554 3501 712 3565 Christum
735 3505 943 3565 lucrifaceret.
985 3504 1049 3566 Nec
1073 3504 1185 3567 fefellit
1205 3526 1270 3565 eam
1287 3508 1339 3564 in-

264 3589 382 3662 tentio,
405 3585 532 3668 quando
551 3599 582 3647 ct
600 3585 758 3647 Christum
779 3586 839 3647 sibi
864 3587 964 3649 filium
983 3588 1166 3665 vendicavit,
1190 3604 1247 3650 nec
1259 3611 1339 3673 pro-

263 3674 400 3757 positum
423 3668 592 3753 pudicitiae
605 3669 742 3731 violavit
785 3671 867 3732 Bene
885 3675 982 3757 igitur
1001 3676 1100 3757 gratia
1123 3673 1234 3756 plena,
1261 3696 1339 3755 quac
1376 3702 1380 3709 ¹

152 3821 159 3835 .
265 3768 295 3817 et
314 3756 497 3840 virginitatis
515 3759 643 3839 gratiam
667 3766 785 3833 tenuat,
821 3769 851 3818 et
878 3754 1006 3841 insuper
1026 3756 1340 3840 foecunditatisglo-

89 3821 252 3915 fffi¹¹¹⁸⁴'‘
265 3842 342 3901 riam
357 3840 528 3922 aequisivit
544 3838 614 3899 Non
627 3838 704 3899 dixit
716 3863 724 3897 ε
736 3839 890 3903 Dominus
898 3843 934 3902 in
948 3853 988 3918 te,
996 3841 1051 3903 sed
1061 3843 1214 3903 Dominus
1224 3855 1337 3903 tecum.

264 3926 350 3989 Deus
369 3927 470 4001 enim,
493 3925 547 4006 qui
571 3919 688 4003 ubique
705 3924 875 4007 aequaliter
892 3938 977 3987 totus
1003 3938 1059 4002 est,
1110 3948 1144 3987 er
1161 3946 1248 3988 suam
1264 3929 1340 3986 sim-

262 4009 375 4096 plicem
398 4007 617 4080 substantiam,
647 4005 737 4071 ahter
758 4021 859 4092 tameo
887 3948 1150 4072 inrationalibus
1175 4014 1340 4086 creaturis,

263 4116 356 4178 quam
379 4095 411 4153 in
434 4091 578 4167 caeteris,
601 4100 633 4149 et
653 4092 790 4176 ipsarum
815 4092 905 4154 aliter
920 4093 953 4153 in
974 4093 1082 4172 bouis,
1112 4116 1204 4179 quam
1223 4097 1255 4155 in
1273 4117 1342 4154 ma-

261 4177 300 4239 lis
327 4188 373 4240 est
402 4194 459 4256 per
482 4169 659 4240 efficaciam.
701 4177 750 4236 Ita
773 4195 845 4237 sanc
872 4188 919 4238 est
940 4178 973 4237 in
999 4177 1235 4241 irrationalibus
1251 4200 1343 4241 crea-

261 4263 340 4326 turis
352 4302 363 4340 ,
385 4268 421 4320 ut
436 4269 536 4319 umen
569 4277 634 4320 uon
654 4261 796 4344 capiatur
815 4257 856 4322 ab
882 4260 968 4346 ipsis.
1010 4261 1265 4329 Aratioualibus
1283 4284 1343 4340 au-

88 3395 229 3450 astrapen.
