2768 4762
401 393 733 464 srusonn.
1034 400 1127 473 ‚95

51 599 126 663 bum
138 595 223 657 ritae
250 597 392 652 aeternae
412 584 522 649 hebes:
553 594 585 649 ct
603 603 662 645 nos
682 560 838 643 credimus
859 590 891 645 et
915 581 1126 667 cognorimus,

57 682 203 769 qnoniam
220 688 257 739 tn
281 694 314 736 es
338 670 424 734 iilius
447 671 508 732 Dei
531 670 603 731 risi.
646 668 804 750 Loquitur
831 664 899 729 illic
919 666 1053 747 Petrus,
1073 686 1129 728 su-

55 788 110 854 per
132 783 228 851 quem
254 755 416 822 aedificata
433 756 537 818 fuerat
558 752 714 828 Ecclesia,
736 748 892 813 Ecclesiae
908 752 1043 830 nomine,
1066 751 1153 814 εἰσ-8
1183 753 1304 848 ,flfepgu

55 870 127 915 oens
147 860 180 910 et
199 841 388 919 ostendens,
410 841 485 923 quia
504 839 561 901 etsi
582 849 744 900 contumax
758 855 794 896 ac
819 835 955 921 superba
972 835 1126 899 obaudire
1136 813 1243 898 'deff'
1278 821 1301 850 ‘³'

56 933 231 998 nolentium
248 922 421 990 multitudo
440 923 594 1001 discedat,
614 919 753 983 Ecclesia
771 932 873 989 tamen
894 921 1125 993 aChristonon

57 1006 195 1081 recedit:
231 1027 262 1076 et
280 1012 328 1074 illi
354 1020 428 1072 sunt
448 1005 610 1085 Ecclesia,
630 1004 720 1090 plebs
743 1004 899 1066 sacerdoti
924 1005 1073 1084 adunata,
1096 1017 1127 1067 et

79 1103 181 1167 asturi
204 1118 261 1162 sno
290 1115 366 1184 grex
384 1091 564 1156 adhaerens.
616 1091 706 1151 Unde
723 1110 803 1151 scire
822 1088 915 1151 debes
934 1090 1126 1175 Episcopum
1138 1082 1303 1187 gfffflffgl·

58 1210 92 1249 su
121 1184 264 1247 Ecclesia
300 1200 381 1259 esse,
424 1190 455 1239 et
489 1174 659 1238 Ecclesiam
692 1176 724 1234 in
751 1174 927 1257 Episcopo:
968 1177 1043 1236 etsi
1069 1176 1202 1257 quisunt,
1221 1184 1245 1225 n
1259 1187 1303 1227 uo·

59 1292 133 1334 eum
153 1269 315 1353 Episcopo
332 1282 397 1325 non
422 1263 507 1341 sint,
539 1262 571 1320 in
591 1258 729 1320 Ecclesia
752 1278 815 1318 non
837 1278 921 1319 esse:
955 1270 985 1319 et
1010 1259 1127 1319 frustra
1138 1232 1210 1323 ll'di'
1230 1247 1278 1277 ⁸⁰¹¹

59 1355 122 1417 sibi
146 1352 284 1416 blandiri
304 1369 378 1426 eos,
414 1347 471 1430 qui
498 1365 605 1428 pacem
628 1364 698 1403 cum
728 1341 943 1404 sacerdotibus
978 1342 1037 1402 Dei
1064 1362 1127 1403 non

59 1438 208 1501 habentes
232 1435 401 1521 obrepunt,
433 1441 465 1490 et
485 1430 617 1490 latenter
637 1425 721 1511 apud
747 1426 899 1509 quosdam
922 1429 1131 1487 communica-

62 1544 150 1585 rese
171 1520 318 1583 credunt:
348 1515 476 1601 qnando
502 1512 656 1589 Ecclesia,
693 1532 772 1593 qnae
800 1510 961 1572 Catholica
989 1532 1051 1571 una
1074 1522 1129 1586 est,
1143 1492 1306 1586 ,ἦῗῗξξξξζ

59 1608 158 1669 scissa
171 1626 236 1665 nnn
258 1606 316 1679 sit,
336 1620 438 1683 neque
455 1599 570 1673 divisa,
594 1597 647 1657 scd
667 1598 707 1657 sit
730 1597 838 1676 utique
852 1616 1005 1672 connexa,
1027 1607 1058 1656 et
1075 1595 1285 1656 co-‘fflffi‘f‘n‘i-

59 1691 259 1753 haerentium
272 1686 330 1747 sibi
356 1686 486 1745 invicem
503 1680 699 1743 sacerdotum
727 1678 847 1763 glutino
872 1678 1024 1763 copulata.
1141 1643 1294 1750 353ἓῖ-

152 1785 183 1839 o
223 1768 425 1830 ricuinus
446 1769 481 1828 L.
508 1768 557 1827 111
591 1765 658 1826 aa..
685 1761 803 1829 haer...
821 1785 888 1848 cap.
908 1778 954 1832 s:
984 1762 1033 1824 aa
1050 1762 1130 1823 nane
1141 1741 1221 1781 ¹

65 1853 237 1918 Ecclesiam
273 1854 424 1915 romanam
459 1863 592 1935 propter
625 1852 836 1934 potentiorem
860 1847 1131 1933 principalitatem,
1143 1830 1209 1919 222¹·
1219 1830 1306 1932 ,22:22

67 1960 192 2001 necesse
213 1951 259 2000 est
278 1959 395 2000 omnem
414 1939 580 1998 convenire
603 1934 787 2011 Ecclesiam,
806 1932 869 1995 hoc
896 1944 958 2011 est,
981 1954 1053 2006 eos,
1077 1932 1133 2015 qni
1143 1933 1220 1983 ΡΜ·

63 2036 141 2087 sunt
161 2023 298 2107 undique
317 2021 434 2100 fideles,
446 2024 545 2105 inqua
555 2042 675 2105 semper
686 2018 724 2080 ab
734 2015 802 2092 his,
825 2019 880 2102 qui
897 2018 1133 2100 suntundique,

63 2121 241 2171 conservata
271 2124 317 2172 est
335 2130 388 2185 ea,
412 2128 493 2188 quae
518 2119 565 2168 est
584 2105 623 2168 ab
640 2102 802 2189 Apostolis
822 2104 963 2165 traditio.

144 2206 173 2262 1).
215 2190 491 2259 HIERONYMUS
511 2191 550 2252 ad
572 2191 694 2250 Damas.
710 2190 799 2272 epist
816 2201 887 2257 διε
917 2189 985 2273 Ego
1010 2185 1133 2251 nullum
1145 2191 1242 2270 „21”ss
1253 2191 1310 2267 902,

65 2276 218 2361 primum,
248 2279 309 2337 nisi
338 2274 496 2334 Christum
515 2293 663 2354 sequens,
691 2269 877 2333 beatitudini
907 2285 1001 2350 tuae,
1025 2272 1059 2334 id
1077 2278 1201 2349 est,2ilici
1227 2276 1311 2317 “ihu-

64 2360 231 2423 cathedrae
260 2360 364 2431 Petri,
397 2357 612 2414 communione
643 2359 826 2415 consocior:
858 2375 952 2441 super
978 2357 1062 2418 illam
1077 2336 1180 2440 pell.¹
1190 2327 1311 2422 'ilidii

62 2458 145 2506 tram
168 2437 362 2499 aedificatam
393 2436 561 2495 Ecclesiam
593 2438 668 2494 seio.
726 2438 852 2511 Quicun
877 2459 914 2497 ue
942 2453 1027 2500 extra
1054 2424 1312 2526 hanefflffsssssss'

61 2528 197 2589 domum
220 2540 330 2617 agnum
346 2516 537 2592 comederit,
564 2515 747 2598 prophanus
768 2529 823 2578 cst.
889 2522 899 2577 i
926 2525 994 2600 quis
1013 2524 1046 2580 in
1064 2542 1135 2582 arca
1146 2522 1276 2611 {mim

60 2610 135 2673 Noc
152 2625 216 2665 non
237 2603 347 2681 luerit,
366 2599 483 2685 peribit
504 2611 651 2685 regnante
669 2598 794 2661 diluvio.
839 2602 1026 2684 Quicunque
1035 2615 1137 2663 tecum
1149 2583 1280 2663 „iiiiii”

63 2715 131 2755 non
152 2687 292 2774 colligit,
321 2686 457 2774 spargite
481 2683 544 2747 hoc
563 2694 628 2763 est,
658 2686 714 2766 qui
738 2684 854 2747 Christi
874 2706 938 2747 non
964 2697 1028 2765 est,
1047 2683 1140 2747 Anti-

66 2777 177 2839 christi
196 2787 252 2840 cst.

154 2871 203 2928 1ο.
246 2856 352 2920 ITEM
374 2854 415 2919 ad
446 2854 539 2920 eund.
562 2855 686 2920 Damas.
713 2857 801 2942 epist.
826 2869 895 2927 ωε
921 2856 990 2943 Ego
1016 2855 1140 2916 interim

68 2944 214 3025 clamito,
235 2944 263 3004 si
286 2944 357 3025 quis
384 2939 550 3006 cathedrae
567 2944 655 3005 Petri
675 2944 833 3027 jungitur,
853 2962 939 3005 meus
958 2953 1012 3004 est.

154 3039 204 3096 11.
244 3026 329 3088 LEO
353 3027 396 3087 M.
414 3030 502 3110 epist.
522 3040 572 3098 89.
590 3028 630 3090 ad
649 3028 753 3110 Episc.
779 3026 868 3088 Vien.
895 3028 1053 3110 provinc:
1080 3024 1141 3084 Di·

68 3115 157 3175 vinae
184 3109 303 3172 cultum
339 3109 516 3195 religionis,
546 3133 638 3195 quem
665 3114 696 3172 in
713 3132 817 3174 omnes
840 3124 944 3196 gentes
973 3129 1141 3192 omnesque

68 3197 227 3270 nationes,
253 3195 314 3256 Dei
340 3193 444 3255 soluit
462 3199 560 3280 gratia
581 3218 765 3275 eoruscare,
791 3199 836 3257 ita
855 3197 1010 3257 Dominus
1033 3207 1142 3255 noster

68 3282 160 3341 Jesns
175 3275 314 3340 Christus
339 3276 466 3341 humani
486 3284 606 3365 generis
620 3280 762 3343 Salvator
783 3281 937 3360 instituit,
961 3291 996 3340 nt
1018 3280 1140 3351 veritas,

69 3381 153 3447 quae
180 3373 267 3423 antea
295 3362 369 3448 legis
390 3375 421 3424 et
451 3363 684 3449 Prophetarum
711 3367 880 3449 praeconio
911 3361 1141 3439 continebatur,

66 3468 128 3533 per
144 3442 357 3531 Apostolicarn
376 3447 484 3510 tubam
501 3451 533 3512 in
552 3449 681 3512 salutem
694 3451 901 3511 universitatis
921 3450 1033 3525 exiret,
1061 3448 1142 3509 sicut

66 3533 222 3614 scriptum
246 3543 307 3592 est:
331 3533 368 3593 In
386 3552 508 3595 omnem
543 3547 658 3596 terram
681 3537 773 3596 exirit
791 3555 887 3597 sonus
903 3554 1034 3611 eorum,
1064 3544 1095 3593 et
1108 3533 1140 3591 in

67 3615 144 3677 fines
167 3612 256 3676 orbis
280 3627 381 3677 terrae
405 3617 499 3680 rerba
528 3639 648 3681 eorum.
684 3619 747 3680 Sed
771 3617 868 3701 hujus
884 3620 1019 3679 muneris
1037 3636 1142 3678 sacru-

69 3712 205 3761 mentum
220 3701 264 3762 ita
285 3701 438 3764 Dominus
462 3703 501 3765 ad
518 3708 655 3766 omnium
676 3702 903 3786 Apostolorum
916 3702 1054 3765 officinm
1067 3721 1142 3785 per-

69 3787 167 3844 tinere
193 3784 316 3863 voluit,
356 3799 393 3849 ut
416 3790 450 3848 in
479 3787 655 3851 beatissimo
677 3787 794 3863 Petro,
821 3785 1047 3870 Apostolorum
1073 3772 1319 3876 om-{ffissffiffi

72 3869 156 3928 nium
184 3888 327 3945 summo,
355 3871 571 3957 principaliter
598 3871 787 3949 collocaret,
829 3883 866 3932 ut
887 3868 926 3931 ab
947 3872 1017 3955 ipso
1051 3870 1317 3965 quasiglffijgffiff·

1151 3600 1214 3644 Pul·
1221 3607 1254 3650 ¹82
1263 3608 1283 3648 b·

74 3952 207 4033 qundm
238 3957 362 4039 capite,
396 3956 479 4018 dona
499 3976 555 4017 sua
576 3956 662 4017 velut
683 3958 715 4016 in
737 3974 964 4040 corpnsomne
986 3952 1143 4015 dilluudc-

74 4046 143 4112 ret,
163 4050 198 4100 nt
218 4054 356 4102 exortem
377 4060 408 4101 se
428 4041 565 4117 mysterii
588 4040 686 4103 intelli
709 4052 775 4102 eret
794 4059 858 4102 esse
881 4039 997 4117 divini,
1017 4041 1072 4122 qui
1087 4059 1144 4100 au-

72 4138 127 4180 sus
148 4118 255 4186 fuisset
277 4145 295 4185 a
314 4124 403 4186 Petri
425 4123 583 4186 soliditate
608 4062 762 4187 recedere.
804 4124 897 4187 Hunc
919 4129 1000 4185 enim
1022 4125 1054 4184 in
1068 4144 1150 4184 con·

70 4204 212 4287 sortium·
233 4208 413 4271 individuae
445 4208 574 4273 unitatis
595 4222 807 4297 assumptum,
841 4206 895 4286 id,
917 4206 1006 4291 quod
1027 4209 1093 4292 ipse
1115 4226 1150 4267 e-

70 4299 145 4370 rat,
180 4290 283 4359 soluit
314 4294 489 4374 nominari,
530 4293 682 4361 dicendo:
709 4294 761 4366 Tu
783 4312 816 4359 es
835 4292 969 4371 Petrus,
1003 4290 1036 4356 e't
1054 4308 1149 4374 super
