2768 4762
361 372 796 489 mannassen
859 410 862 419 ·
1054 402 1135 477 sno

50 588 179 654 maxime
210 579 497 661 haemorrhoissae,
538 602 633 665 mam
654 582 760 644 maltis
782 576 993 664 scriptoribus
1014 580 1135 645 eonfia-
1144 584 1314 679 ,beggam

53 695 138 738 mare
162 690 334 756 possumus.
379 669 465 746 Quin
488 669 578 727 etiam
598 665 730 729 Basilius
747 666 899 752 Magnus,
922 667 1011 751 cujus
1032 671 1092 729 scri
1117 651 1312 743 annuas⁰⁸⁰

54 774 88 822 ta
111 778 166 842 per
198 775 302 816 oannes
336 766 439 814 terrae
460 747 537 812 fines
567 763 730 828 resonant,
759 753 792 812 in
815 751 944 813 dirersis
976 690 1133 836 opusculis

56 866 116 906 suis
144 843 330 900 mentionem
356 839 522 919 imaginum
551 836 635 897 facit.
692 838 862 919 Gregorius
881 839 972 899 etiam
997 839 1081 901 illins
1104 851 1137 901 et

56 947 147 989 carne
169 936 200 985 et
221 926 334 1007 spiritu
352 922 467 999 frater,
500 921 696 996 Nyssensiam
718 922 864 1003 praesul,
886 924 918 981 in
940 944 1081 984 sermone
1103 926 1136 986 in

55 1010 229 1084 Abraham,
271 1007 352 1066 idem
371 1006 473 1066 sentit.
515 1006 592 1066 Item
608 1006 686 1067 alter
709 1009 897 1088 Gregorius,
932 1008 987 1088 qai
1009 1008 1137 1069 atheo-

57 1097 140 1180 logia
174 1114 286 1153 nomen
318 1093 446 1151 sortitus
478 1101 543 1165 est,
587 1092 619 1149 in
646 1089 785 1150 versibus
807 1112 823 1149 a
842 1111 873 1150 se
894 1092 1048 1170 conditis,
1080 1096 1135 1176 qui

57 1183 96 1241 dc
114 1186 227 1239 virtute
248 1170 485 1250 inscribantur,
517 1177 650 1235 assentit.
694 1175 899 1250 EtJoannes,
925 1177 977 1258 qni
1001 1198 1035 1238 os
1057 1199 1135 1238 auro

58 1262 254 1347 splendidius
273 1272 304 1318 ct
328 1258 460 1318 lucidius
480 1272 663 1318 consecutus
691 1271 758 1336 est,
792 1261 824 1318 in
847 1261 988 1320 oratione
1012 1260 1137 1323 funebri

59 1350 217 1410 Melctium
239 1344 429 1427 Episcopum
457 1343 656 1419 Antiochiae,
694 1356 725 1403 et
752 1345 783 1403 in
809 1364 972 1422 sermone,
1007 1347 1067 1427 qui
1088 1349 1138 1406 in·

59 1433 234 1507 scribitur:x
251 1428 349 1503 Quod
368 1429 477 1488 veteris
505 1439 535 1486 et
560 1431 632 1487 novi
655 1431 827 1489 testamenti
854 1448 934 1488 unus
956 1431 997 1489 sit
1017 1429 1140 1512 legisla-

61 1532 122 1578 tor.
168 1513 303 1588 Cyrillas
324 1515 393 1572 item
413 1515 553 1593 expiator
574 1511 775 1574 Nestorianae
790 1513 943 1589 haeresis,
968 1515 1000 1572 in
1021 1517 1140 1596 episto·

62 1602 92 1661 la
117 1600 154 1660 ad
182 1599 330 1656 Acacium
365 1597 557 1680 Episcopum
577 1595 818 1680 scythopoleos.
861 1599 1037 1658 Anastasius
1061 1599 1140 1681 Epi·

63 1705 176 1766 scopus
196 1681 414 1763 Tlrcopoleos‚
445 1679 665 1761 Sophronias,
692 1683 850 1741 Maximus.
896 1681 957 1742 Sed
984 1683 1061 1764 quid
1080 1681 1138 1743 hos

65 1769 243 1830 nominatim
263 1766 416 1826 citnrnusl
459 1764 573 1826 Omnes
592 1768 671 1825 enim
695 1769 791 1827 sancti
809 1767 918 1828 Patres
939 1765 1039 1827 no'stri
1064 1761 1317 1855 ima-{ffilfflg

66 1856 149 1936 gincs
172 1863 365 1934 receperunt.
434 1874 442 1891 .
1147 1864 1172 1901 aa
1189 1875 1217 1904 a·
1232 1839 1319 1919 μυί

153 1973 181 2026 1.
202 1959 237 2019 a.
281 1955 464 2018 sasinus
487 1955 522 2014 1..
547 1955 585 2015 ae
608 1955 716 2038 spana.
737 1970 833 2018 sanct.
858 1978 926 2041 cap.
954 1970 1025 2043 ρῳ
1050 1912 1200 2036 noa-⁸²⁸

66 2056 164 2117 mata,
199 2061 276 2122 qaae
308 2045 339 2102 in
359 2040 496 2101 Ecclesia
511 2040 749 2120 praedicantur,
784 2051 934 2123 quaedam
954 2042 1139 2108 habemuse

65 2124 210 2189 doctriua
232 2135 308 2204 cto,
333 2126 404 2188 aide
425 2128 520 2210 supra
536 2126 718 2208 quaestione
736 2128 872 2190 secunda
898 2125 935 2187 A.

575 2351 641 2425 Vl.

76 2563 287 2665 Quantum
337 2548 462 2633 hodie
500 2548 605 2632 eirca
639 2549 877 2633 traditiones
908 2554 1147 2670 apostolicas

294 2710 336 2775 et
369 2688 656 2774 ecclesiasticas
691 2688 932 2774 aberratur?

174 2885 226 2955 A.-
269 2872 489 2964 Plurimum,
516 2878 602 2952 dum
620 2905 682 2951 eas
705 2880 876 2981 plerique
898 2899 1147 2975 contemnunt,

75 3008 139 3078 alii
166 3006 368 3102 negligunt,
394 3020 458 3078 ant
481 3021 581 3083 certe
607 3001 724 3103 pluris
752 3030 828 3074 non
858 3004 1010 3096 faciunt,
1040 3032 1149 3105 quarn

76 3129 318 3202 Politicorum
347 3128 648 3225 ¹magistratuum
671 3130 980 3205 constitutiones:
1005 3149 1042 3202 et
1057 3132 1148 3203 haec
1159 3135 1253 3238 ἕξω·
1266 3143 1297 3183 '³’
1315 3143 1328 3182 ¹

75 3253 244 3324 instituta
276 3250 359 3323 esde
393 3248 581 3324 hominum
608 3249 768 3350 fingunt,
800 3242 905 3351 nquae
936 3253 995 3327 rel
1021 3254 1151 3327 obser·

75 3401 184 3464 vare,
218 3375 276 3447 vel
300 3375 471 3447 omittere
501 3371 662 3463 liberum
695 3376 764 3460 sit,
801 3376 1050 3476 exiguaeque,
1071 3393 1153 3452 'ant
1188 3450 1192 3455 .

74 3498 214 3572 nullius
246 3499 398 3572 omnino
420 3497 575 3594 'fragis3
613 3496 686 3597 ipsi
711 3495 883 3594 ἀδιάφορα
907 3490 1078 3577 racana

176 3647 218 3747 ll.
273 3645 389 3729 Sunt,
407 3643 484 3746 *qui
498 3631 692 3717 universas
717 3643 798 3720 fere
817 3648 1036 3722 traditiones
1055 3646 1155 3747 ejus·

77 3767 163 3841 dem
190 3793 271 3841 esse
293 3766 473 3868 ponderis
496 3765 638 3853 volunt,
663 3786 773 3864 atqne
794 3769 889 3846 adeo
917 3750 1028 3863 foede
1054 3797 1154 3846 com·
1182 3867 1186 3873 1

77 3893 236 3966 miscent
268 3893 476 3992 scripturae
510 3889 621 3983 loca,
658 3894 817 3992 perinde
841 3923 884 3971 ac
907 3866 1007 3972 idem
1028 3897 1077 3971 sit
1095 3898 1153 3997 jn·

80 4013 217 4088 dicium
243 4015 289 4089 de
302 4016 566 4092 traditionibus
588 4018 837 4094 'Pharisaicia
858 4021 1352 4124 etspostolicisgtffgftga‘

80 4135 127 4210 de
161 4112 373 4214 aJudaicisK
395 4157 434 4215 et
472 4141 792 4229 ‘Ecclesiasticim
838 4143 887 4219 de
903 4145 1058 4246 priuatis
1085 4170 1185 4220 sauss
1204 4167 1331 4262 23¹?ss

75 4263 386 4362 particularibus,
418 4268 479 4338 ‘et
500 4264 570 4360 iis,
596 4292 693 4368 quae
709 4266 825 4347 totius
846 4270 1043 4347 amusim
1059 4246 1332 4366 em·,';‘}l;²,3‚·
1362 4268 1364 4277 '
