2752 4770
323 372 537 443 ORATIONE
568 373 787 464 nommm.
940 326 942 331 ’
1011 384 1087 455 14η

17 569 225 662 praedicans,
246 564 313 648 ipse
334 560 491 649 reprobus
512 558 636 624 efficiar.
679 562 793 628 Adbuc
813 567 919 644 timet,
953 570 1005 651 qui
1026 532 1094 650 jam¹
1123 560 1126 567 ’

20 660 55 722 sd
75 652 200 717 caelum
219 645 367 722 ducitur:
390 649 500 728 etjam
522 648 630 708 timere
653 668 717 711 non
738 650 823 728 vult,
855 653 910 734 qai
933 652 1037 714 adhuc
1055 655 1089 712 in

20 757 100 806 terra
121 731 349 798 conversatur?
388 728 551 814 Perpende
571 730 748 796 dulcissima
775 732 863 815 iilia,
878 762 880 769 ·
897 740 1089 820 quiamater
1113 734 1187 827 zm*
1199 740 1272 832 ’.ξιξ

22 821 222 911 negligentiae
253 815 334 878 solet
355 836 420 878 esse
440 816 597 877 securitas.
652 819 775 893 Habere
797 840 871 905 ergo
893 823 926 882 in
947 821 1006 884 bac
1027 787 1192 882 visinul·

21 933 80 974 nou
102 904 198 968 debes
217 903 422 976 securitatem,
444 918 613 983 perquam
634 904 792 988 negligens
807 905 962 969 reddaris:
982 906 1050 966 Scri
1101 885 1217 983 {212²}ss
1235 893 1271 981 ᾗ·

21 1009 83 1058 tum
113 1000 163 1053 est
193 988 292 1047 enim:
323 985 434 1045 Beatus
467 985 537 1060 vir,
571 985 626 1066 qui
660 1008 780 1072 semper
800 999 846 1050 est
865 990 1005 1073 pavidus.
1077 1001 1092 1049 t

23 1097 129 1140 mrem
145 1073 298 1154 scriptum
318 1081 380 1130 est:
403 1068 522 1128 Sernite
542 1068 679 1131 Domino
703 1074 735 1134 in
756 1074 890 1151 timore,
920 1087 952 1136 et
973 1072 1093 1134 exulta-

23 1177 48 1226 te
83 1162 113 1222 ei
146 1177 217 1218 cum
248 1166 394 1215 tremore.
444 1151 481 1211 ln
502 1172 604 1234 pauco
627 1175 702 1239 ergo
730 1155 827 1239 bajus
849 1160 929 1220 ritae
950 1170 1092 1240 tempore

24 1257 153 1309 mentem
179 1250 312 1301 vestram
340 1255 461 1298 neccsse
484 1249 551 1313 est,
585 1251 624 1299 ut
647 1252 766 1302 tremor
786 1253 908 1319 teneat,
941 1255 1090 1325 quatenus

24 1352 75 1416 pff
96 1325 269 1390 seem-itatis
311 1321 439 1382 audiam
456 1321 520 1380 sine
537 1316 600 1382 fine
618 1324 819 1405 postmodum
840 1326 964 1387 etaltet.
1206 1364 1209 1371 ·

104 1426 137 1482 3.
180 1406 289 1469 BERN
375 1404 426 1465 US
458 1409 490 1466 in
523 1405 620 1466 Serm.
656 1408 695 1469 de
726 1410 794 1471 sest
816 1407 848 1470 b.
868 1412 912 1471 M.
936 1406 1219 1494 Magdalrraqunaa
1236 1438 1275 1468 u.

23 1498 120 1562 Pedes
140 1496 284 1556 istasunt
314 1488 527 1553 misericordia
548 1502 579 1551 et
597 1492 768 1572 judiciam:
802 1515 939 1576 quorum
960 1473 1273 1576 atterumifflg‘lt

26 1587 86 1648 sine
115 1578 215 1642 altero
237 1574 371 1637 osculari
393 1573 441 1634 vel
462 1578 623 1637 temeraria
643 1579 792 1640 securitas
815 1591 881 1656 est,
917 1577 965 1639 vel
983 1578 1093 1659 despo-

24 1670 104 1730 ratio
125 1660 280 1747 fugienda.
334 1659 412 1737 Quis
433 1657 512 1718 enim
541 1659 600 1720 Dei
622 1662 866 1724 misericordiam
886 1663 1095 1725 indesinenter

24 1748 204 1822 attendens,
244 1764 306 1805 uon
332 1745 434 1805 statim
463 1743 628 1826 tepidioris
661 1748 742 1807 vitae
781 1751 917 1892 lumem
948 1744 1094 1829 exoptet?

23 1837 105 1898 cum
122 1831 203 1892 euim
222 1831 365 1914 recogitat
385 1830 592 1889 universitatis
604 1830 773 1892 Dominum
799 1826 916 1893 ormam
937 1832 1017 1893 servi
1029 1848 1091 1913 pro
1133 1828 1274 1882 nuc-ptem

24 1919 125 1981 mk
151 1913 318 1996 ‘mip‘fet
349 1915 480 1996 “ibinus
506 1925 536 1975 el
555 1913 671 1976 'tribus
700 1918 788 1977 annis
815 1917 941 2002 operari
962 1914 1091 1976 salutem
1102 1879 1253 1968 dimidii?
1284 1938 1287 1944 ·

23 2016 167 2065 nostram
197 1999 231 2059 in
260 1997 362 2060 medio
391 2010 491 2057 terrae
521 1995 635 2080 hujus,
675 2002 760 2143 ensi,
793 1999 904 2086 ligari,
937 1975 1249 2075 imceari‚‘}⁰..¹i⁵.¹,¹2,¹²·

25 2082 189 2171 crucifigi,
231 2094 263 2144 ct
282 2080 347 2145 hoo
378 2092 480 2143 totam
509 2086 575 2165 pati
602 2103 664 2166 pro
687 2082 762 2145 iiiis
782 2083 963 2147 bominum:
995 2084 1099 2163 statim

28 2171 207 2255 deceptorie
233 2188 289 2315 T
318 2165 377 2229 sibi
400 2164 563 2228 blanditur
594 2179 626 2228 ct
646 2166 774 2247 alludit,
805 2168 926 2255 gaudet
939 2167 1099 2230 observari

27 2260 57 2319 in
76 2255 242 2317 misericor
264 2254 295 2315 ia
317 2263 349 2313 et
372 2250 642 2325 miserationibus,
675 2252 830 2336 judicium
859 2256 974 2330 nescit,
1008 2253 1100 2336 igno·

28 2352 75 2402 rat
102 2338 271 2423 justitiam,
293 2348 325 2398 et
346 2333 501 2421 punienda
530 2339 669 2397 aestimat
697 2358 761 2398 uon
793 2340 909 2423 puniri.
952 2336 1098 2413 Fallitur,
1111 2355 1220 2396 rra-m
1248 2352 1272 2394 ‘o

27 2428 79 2508 qui
114 2425 159 2484 sic
194 2420 353 2483 osculatur
373 2419 601 2481 misericordiae
631 2420 763 2503 pedem,
784 2421 954 2506 ut'pedem
985 2402 1219 2503 judicii‘¹⁸⁰¹⁸¹
1236 2415 1256 2442 '⁸

29 2528 91 2571 non
114 2504 273 2569 attendat:
309 2511 364 2586 qui
386 2509 487 2564 totum
509 2503 547 2564 de
568 2503 799 2566 misericordiae
819 2505 900 2588 pede
920 2505 1103 2586 praesumit,

30 2592 92 2656 boo
110 2591 214 2654 solum
239 2589 428 2651 adsalutem
449 2587 593 2648 sufficere
612 2589 758 2665 credens,
781 2587 869 2672 qnod
888 2585 1006 2650 credits
1039 2589 1103 2647 Nec

30 2690 75 2740 cu
105 2675 221 2765 judicii
249 2673 321 2760 pedi
344 2668 495 2734 morosius
516 2672 774 2753 incumbendum,
801 2672 978 2757 nepietatia
1006 2669 1104 2731 intui·

30 2775 94 2826 tum
116 2760 237 2824 ferocia
252 2759 424 2842 judicantis
450 2756 602 2818 excludat·
1141 2746 1143 2755 ¹

531 2993 596 3071 ΙΙΙ.

38 3187 155 3292 Quae
189 3173 299 3261 bona
329 3172 406 3258 sub
439 3203 556 3293 spem
582 3144 755 3274 cadunt,
806 3192 848 3259 et
875 3154 1123 3262 Christiano

415 3311 617 3431 speranda
636 3318 763 3397 sunt?
937 3318 940 3323 ’

135 3504 346 3603 Praecipue
371 3500 522 3600 quidem
552 3501 679 3578 ‘bona
708 3498 774 3573 illa
789 3493 897 3601 regni
921 3488 1141 3588 coelestim}
1157 3486 1237 3590 {³³²⁴
1253 3490 1284 3531 ¹³·

40 3654 138 3731 quas
159 3628 332 3727 homines
350 3624 483 3712 beant,
506 3652 579 3702 nee
607 3627 734 3701 sinunt
751 3622 830 3698 nlla
851 3647 896 3697 ex
918 3638 1026 3724 parta
1040 3620 1110 3693 mi·

41 3778 150 3832 seros
175 3776 274 3827 esse.
326 3752 421 3822 Tum
442 3749 529 3839 illa,
562 3772 807 3849 maerorque
835 3745 1054 3820 mortalibus
1071 3744 1111 3816 iu
1155 3762 1156 3766 ’

43 3876 109 3957 loo
140 3875 219 3953 rita
239 3885 252 3915 ¹
269 3871 544 3964 conducibilia,
575 3889 679 3949 reete
706 3897 728 3946 a
745 3872 829 3945 Deo
847 3868 1112 3965 ,desiderantur
1123 3849 1292 3954 idflid'dil

1127 3952 1182 3994 citis.
1193 3952 1256 3988 otte
1298 3982 1305 3996 ,

48 4018 157 4105 atquc
187 4014 384 4101 petantur,
407 3997 448 4069 in
475 3996 587 4073 bonis
613 3993 808 4098 sperandis
840 4009 879 4066 et
900 4008 1117 4093 exspectan·

48 4121 100 4201 dis
126 4122 271 4200 debent
289 4119 435 4198 baberi.
484 4123 539 4195 Ea
556 4145 646 4194 roro
672 4117 875 4221 praecipua
891 4116 1061 4191 relucent
1083 4114 1122 4186 in

47 4247 239 4325 dommim
254 4247 452 4339 oratione,
473 4263 605 4350 utpote
625 4269 737 4346 quam
758 4243 926 4318 Christus
944 4238 1125 4312 Dominus

337 4388 346 4401 ·
853 4364 930 4442 ιο*
987 4362 990 4367 ’
