2752 4770
275 366 358 445 'tto
522 362 606 431 na
645 356 1089 429 rnnucnerrs

109 587 220 628 mm,
279 574 337 616 ma.
379 550 432 613 Εἴ
447 551 525 614 teris
545 562 660 635 quartu
675 558 807 615 etsexta
825 560 857 611 et
876 546 1004 611 sabb'sto
1026 548 1155 608 veniant
1184 567 1293 609 omnes
1314 551 1344 613 al

280 636 448 698 Ecclesiam
479 636 559 697 hora
589 658 670 696 nona
696 657 765 695 cum
797 636 910 695 litaniis
943 632 982 693 ad
1009 633 1177 693 Missarum
1211 633 1339 695 solennia

281 720 427 781 Similiter
452 723 484 781 in
503 742 603 781 mense
622 722 731 796 Janio,
755 717 1119 797 bebdomadauseeanda,
1143 715 1227 789 feria
1249 733 1338 799 quarta

282 816 413 865 etsexta
432 816 464 865 et
484 804 612 865 sabbato
638 802 798 887 jejunetur
821 802 980 885 usquead
1002 802 1112 865 lteram
1126 822 1266 878 nonam,
1286 814 1311 863 et
1330 826 1342 863 a

282 910 372 949 carne
396 888 436 949 ab
455 889 595 949 omuibus
618 889 812 949 abstineatur.
855 888 999 951 Similiter
1025 890 1056 947 in
1088 908 1196 947 mense
1219 887 1340 970 Septem·

280 970 368 1049 brio,
390 972 590 1043 bebdomada¹
604 983 704 1047 tertre,
724 974 796 1033 etin
810 994 911 1033 mense
923 970 1123 1049 Decembrio‚
1148 970 1340 1048 hebdomada,

282 1078 361 1137 quac
388 1056 479 1117 suerit
497 1057 588 1140 plena
607 1068 677 1117 ante
702 1048 833 1140 uigiliam
856 1048 971 1117 Natalis
988 1050 1135 1132 Domini,
1159 1057 1245 1119 sicut
1263 1060 1341 1119 estin

280 1140 417 1201 Romana
438 1141 575 1201 Ecclesia
593 1140 749 1213 traditum.

106 1278 197 1320 luttere
215 1275 271 1327 teta.
363 1260 394 1314 ὅ.
435 1246 544 1305 IDEM
564 1260 734 1315 canabat·
749 1242 843 1321 Quod
870 1226 994 1327 si'quis
1022 1246 1177 1307 indictum
1202 1246 1338 1329 jejuniun

108 1328 270 1418 ssssssjgffl,
280 1330 486 1413 superbiendo
510 1332 740 1415 contempserit,
771 1341 803 1390 et
824 1330 984 1389 observare
1014 1354 1085 1390 cum
1111 1335 1244 1393 caeteris
1266 1334 1340 1393 Clui-

280 1416 389 1475 stianis
407 1414 559 1490 nolucrit,
588 1417 618 1475 in
636 1417 812 1498 ‚Gangreusi
834 1414 963 1475 coneilio
982 1418 1195 1499 praecipitum,
1225 1428 1261 1477 ut
1280 1439 1339 1477 ana·

280 1498 504 1571 thematizetur,
526 1501 583 1557 nisi
602 1499 764 1559 emendare
785 1521 818 1558 se
838 1498 965 1559 studeat

108 1636 238 1677 punam,
365 1618 393 1674 6.
437 1604 665 1667 CONCILlUlll
688 1580 896 1686 salegenstad.
914 1624 980 1663 ean.
998 1616 1038 1669 1.:
1062 1606 1103 1663 Ut
1122 1606 1332 1685 quatuordeeim

110 1687 234 1776 {lffi'ffn
246 1683 269 1723 ¹¹¹
280 1690 353 1749 Dies
383 1696 486 1749 omnes
509 1689 672 1750 Christiani
701 1698 770 1749 aute
792 1689 982 1769 festivitatem
1005 1690 1103 1747 saneti
1132 1692 1256 1750 loannis
1274 1692 1331 1773 bsp-

108 1784 263 1823 stanneam
281 1774 369 1834 tistae
391 1776 419 1832 in
440 1773 621 1834 abstinentia
648 1776 707 1833 sint
729 1775 829 1832 'earnis
853 1783 884 1831 et
906 1774 1077 1855 sanguinis,
1100 1775 1162 1832 nisi
1181 1774 1331 1835 infirmitate

108 1832 259 1941 iiiffiw
281 1857 475 1941 impediente,
501 1870 555 1917 aut
572 1859 702 1939 alicujus
719 1858 794 1917 'sesti
814 1856 1013 1937 solennitate,
1037 1877 1119 1937 quae
1143 1863 1173 1918 iu
1196 1860 1244 1919 illo
1261 1860 1334 1941 Epis·

106 1942 200 2019 ‘132¹ssss
212 1940 378 2023 ⁷¹⁸¹'eopio'
404 1941 529 2001 celebris
551 1940 700 2019 habetur,
727 1942 958 2005 intercedente·
993 1941 1035 2000 Et
1061 1954 1134 2002 ante
1161 1942 1331 2002 Nativitatem

281 2026 402 2084 Domini
428 2025 580 2100 similiter,
603 2028 681 2086 etin
697 2026 794 2109 vigilia
813 2025 1017 2108 Epiphaniae,
1038 2038 1071 2084 et
1092 2027 1124 2085 in
1149 2031 1268 2086 oninium
1286 2026 1331 2082 ri-

282 2108 359 2190 giliis
380 2107 612 2189 Apostolorum,
634 2121 665 2169 et
682 2110 713 2171 in
731 2110 829 2193 vigilia
843 2110 1066 2191 Assumptionis
1087 2123 1196 2171 sanctae
1212 2110 1329 2181 Simiae,

282 2203 315 2250 et·
331 2193 362 2251 in
380 2191 480 2273 uigilia
504 2194 599 2252 saneti
620 2194 788 2268 Laurentii,
810 2214 866 2253 nec
893 2215 953 2253 non
973 2195 1067 2253 etiam
1090 2198 1119 2253 in
1139 2192 1235 2277 vigilia
1257 2193 1333 2273 (lm-

108 2294 195 2353 vasam
207 2304 254 2333 ιιι..
280 2276 363 2333 arium
384 2274 583 2357 Sanctorum:
614 2278 800 2359 adjicientes
817 2279 979 2361 praedictis
1004 2278 1117 2363 vigiliis
1135 2298 1223 2338 unam
1237 2276 1331 2337 boiam

106 2343 252 2433 {Z'Jl,:‚¹f⁸‘³'
278 2359 470 2436 refectionis,
494 2372 616 2444 excepta
642 2362 830 2427 infirmitate:
852 2363 893 2424 Et
916 2364 972 2423 nisi
991 2361 1103 2445 aliquis
1128 2365 1183 2440 sit,
1204 2364 1252 2445 qni
1265 2382 1328 2444 pro-

278 2445 346 2526 prio
368 2455 440 2502 voto
464 2447 575 2525 majori
597 2446 776 2507 abstinentia
800 2449 845 2506 uti
867 2446 944 2507 velit.

362 2564 391 2618 7.
433 2551 542 2629 IDEM
565 2574 629 2612 ean.
655 2567 700 2621 2:
727 2555 776 2613 De
797 2555 912 2615 incerto
937 2565 1035 2613 autem
1063 2555 1191 2636 jejunio
1218 2567 1328 2638 quatuor

103 2626 205 2713 ,liniis
220 2627 266 2702 :pi-
278 2646 460 2718 temporum,¹
481 2634 559 2695 lianc
582 2630 792 2697 ceititudineru
809 2640 983 2715 statuimus,
1005 2642 1081 2698 atsi
1101 2642 1246 2701 calendae
1263 2642 1328 2698 llar-

106 2711 158 2797 ξξζῇ
172 2712 266 2801 jffigni·
277 2722 312 2780 tii
330 2722 359 2779 in
386 2732 493 2801 quarta
517 2720 607 2797 seria,
637 2724 698 2781 sive
722 2734 808 2781 antea
831 2724 998 2798 evenerint,
1020 2725 1129 2783 cadem
1159 2722 1329 2785 hebdomada

104 2808 240 2858 d¹ffi⁰i¹³⁰¹v
276 2806 428 2886 jejunium
451 2803 643 2868 celebretur..
674 2805 706 2865 Si
728 2819 828 2866 autem
852 2807 1001 2867 calendae
1024 2809 1131 2868 Martii
1151 2812 1183 2870 in
1214 2812 1328 2891 quintam

103 2867 391 2966 lliliffi'fferiam.
403 2899 456 2951 aut
476 2900 589 2947 sextam
606 2901 662 2949 aut'
677 2890 839 2953 sabbatum
862 2892 1097 2967 distenduntur,
1121 2896 1155 2953 in
1175 2905 1329 2977 sequentem

102 2959 222 3008 ‘'⁸9⁰¹'‘
275 2972 498 3033 hmelomadam
524 2975 677 3053 jejunium
710 2976 877 3035 ‹lill'eratun
924 2975 1020 3035 Simili
1048 2998 1180 3059 quoque
1205 2980 1291 3049 ιῃοάο
1314 2975 1329 3033 ⁵5

276 3057 426 3117 Caleutlae
442 3060 458 3116 J
462 3059 523 3117 unii
541 3060 571 3115 in
591 3072 728 3139 quartam
744 3060 849 3120 seriam
860 3072 913 3120 aut
927 3072 1014 3121 antea
1033 3064 1211 3139 everterint,
1234 3065 1264 3125 iu
1274 3060 1330 3121 sul-

275 3153 420 3221 sequente
442 3140 637 3209 hebdomada
657 3146 809 3224 jejunium
823 3143 1011 3227 celebretur..
1043 3144 1085 3203 Et
1108 3148 1134 3203 si
1161 3149 1194 3205 in
1217 3150 1329 3229 quium

274 3224 381 3286 seriam
400 3240 453 3285 aut
472 3238 582 3286 sextam
604 3240 657 3287 aut
680 3228 841 3289 sabbatum
864 3231 1043 3313 eontigerit,
1062 3230 1225 3308 jejunium
1242 3234 1271 3291 iu
1286 3243 1329 3289 ter-

272 3311 347 3369 tiam
371 3309 594 3371 hebdomadam
620 3300 797 3373 rasceretur.
846 3313 887 3375 Et
914 3315 973 3374 boe
996 3312 1155 3373 sciendum
1176 3328 1247 3389 est,
1267 3311 1330 3397 qaul

274 3394 300 3451 si
326 3394 449 3474 wando
469 3396 620 3475 jejunium
642 3400 752 3457 mensis
774 3399 856 3457 Junii
881 3401 912 3457 in
935 3396 1034 3481 vigilia
1059 3397 1281 3469 Pentecostes,
1298 3419 1332 3455 se-

273 3478 408 3537 cuudum
429 3479 614 3560 praedictam
637 3482 770 3563 regulam
799 3484 952 3556 evenerit,
973 3500 1034 3545 nou
1058 3480 1101 3538 ibi
1129 3483 1335 3545 celebrandurn

273 3560 350 3635 erit,
383 3562 436 3620 sed
463 3563 493 3620 in
518 3565 581 3645 ipsa
608 3564 798 3625 bebdomada
824 3566 940 3625 solenni
965 3564 1177 3624 Pentecostes:
1213 3569 1257 3627 Et
1278 3582 1334 3626 true

272 3657 399 3727 propter
423 3646 632 3714 solennitatem
651 3652 774 3732 spiritus
796 3653 911 3726 sancti,
933 3650 1081 3717 Diaconos
1098 3649 1284 3712 Dalmaticis
1298 3654 1334 3709 ia·

270 3726 423 3803 duanam,
445 3742 476 3789 et
496 3728 629 3813 Alleluja
653 3746 811 3807 cantetur,
834 3745 864 3794 et
883 3732 1037 3795 llectamus
1062 3754 1187 3816 genua,
1212 3760 1275 3801 nou
1298 3736 1336 3793 di·

270 3825 366 3871 catur.
409 3813 526 3874 Eodem
542 3817 634 3877 modo
656 3819 695 3879 de
712 3818 898 3899 Septembris
920 3819 1039 3899 jejunio
1065 3822 1274 3883 constitutum
1292 3832 1335 3889 est,

269 3906 305 3953 ut
324 3898 351 3954 si
375 3897 515 3958 calendae
538 3899 725 3983 Septembris
746 3905 775 3963 in
797 3915 905 3983 quarta
924 3903 997 3961 l'eria
1016 3903 1191 3979 evenerint,
1216 3919 1269 3966 aut
1290 3926 1336 3963 aa·

269 3986 338 4053 tea,
364 3982 519 4061 jejuniam
555 3986 585 4043 in
616 3988 703 4046 tertia
734 3985 928 4046 bebdomada
957 3985 1150 4047 celebretur:
1188 3989 1236 4049 Et
1260 3993 1284 4049 si
1310 3990 1336 4045 ia

267 4063 374 4141 quinta
397 4076 450 4124 aut
473 4078 553 4126 serta
573 4080 627 4129 aut
655 4071 786 4131 sabbato
809 4070 1010 4153 contigerint,
1035 4071 1067 4129 iu
1086 4083 1201 4150 quarta
1222 4071 1335 4133 hebdo-

264 4146 354 4206 mada
384 4149 588 4227 jejunandum
620 4158 685 4215 erit.
740 4154 776 4213 ln
810 4154 974 4215 Decembri
1007 4153 1082 4213 illud
1114 4155 1334 4216 observandum

266 4230 345 4306 erit,
367 4242 404 4292 ut
426 4233 565 4313 proximo
596 4237 727 4301 sabbato
747 4248 817 4300 ante
849 4239 980 4323 vigiliam
998 4234 1114 4298 Natalis
1138 4239 1269 4301 Domini
1292 4260 1335 4299 ce·
